3552 5562
304 315 348 384 58
596 393 601 406 ι
721 317 826 370 thmac
845 295 946 382 Kepleri
964 317 1115 383 aliommqae
1132 321 1234 370 mutuae

304 495 382 579 quod
405 495 436 558 in
461 495 611 560 anomalia
633 495 767 558 eccentri
788 490 872 558 nnn
895 493 1006 558 ‘debuit
1027 495 1085 558 ΕΒ
1106 493 1174 557 esse
1201 491 1343 570 100000,
1368 495 1395 558 si
1417 496 1568 578 perlectum
1590 495 1648 558 clr-

305 586 391 658 eulus
415 585 532 662 fohem,
552 586 618 666 Jam
640 583 701 648 DA
723 591 773 647 ast
798 581 935 648 100000.
959 609 963 616 ·
982 585 1079 648 Datur
1094 584 1199 666 ‘igitur
1216 583 1286 660 DA,
1309 585 1366 648 AB
1390 592 1420 647 et
1439 576 1535 660 DBA,
1558 603 1648 666 quaa-

307 675 383 738 ritur
406 693 476 754 pars
491 673 688 756 'aequationis
708 674 809 754 optica
822 674 920 748 BDA,
944 681 976 735 et
990 676 1034 736 sic
1053 674 1180 736 habetur
1203 674 1353 736 anomalia
1374 679 1542 756 maequata
1555 674 1649 748 Dan,

242 784 244 792 ·
304 765 488 846 respondens
511 763 679 826 anomaliae
703 763 834 824 ecceutri
858 759 917 840 90,
943 763 1110 826 sc.·nnn:
1144 771 1243 825 restat
1270 763 1446 844 inquirenda
1466 762 1553 826 DOE
1577 781 1649 824 ane-

303 855 394 916 malia
430 853 537 916 media.
586 851 661 916 Cum
694 859 794 914 autem
825 853 974 915 anomalia
1006 845 1106 914 media
1136 854 1279 914 metiatur
1310 861 1429 933 tempus
1457 871 1511 914 seu
1543 869 1649 926 moras,

305 961 379 1024 quas
402 943 526 1022 planeta
547 943 577 1003 in
602 959 673 1004 arcu
696 941 827 1003 occeutri
849 941 906 1002 ΒΕ
929 942 1066 1017 conficit,
1096 949 1129 1003 et
1153 941 1215 1004 siut
1237 959 1338 1030 morae
1362 943 1599 1016 ut'distantiae,
1622 943 1649 1002 iu

302 1033 392 1112 plano
414 1049 487 1094 vero
501 1029 588 1094 ΒΑΕ
607 1030 701 1092 insint
720 1048 822 1092 omues
838 1031 1004 1093 distantiae
1028 1031 1122 1112 (quod
1136 1031 1329 1111 peculiariter
1350 1029 1381 1092 iu
1400 1032 1475 1093 meis
1491 1029 1650 1093 Commen-

302 1121 388 1184 tariis
412 1121 659 1195 demonstratur),
683 1119 860 1200 inquirenda
874 1127 923 1182 est
940 1121 1032 1200 igitur
1050 1121 1193 1200 planities
1208 1119 1304 1184 ΒΑΕ.
1342 1119 1390 1182 Ea
1406 1121 1496 1183 facile
1515 1119 1649 1182 babetur.

303 1210 407 1292 Posito
432 1211 520 1286 enim,
545 1209 744 1271 ecoentricum
763 1227 831 1270 esse
845 1210 1013 1289 perfectum
1036 1211 1187 1283 circulum,
1211 1209 1300 1270 datur
1318 1217 1419 1271 sector
1433 1210 1536 1285 DBE;
1557 1217 1653 1270 restat

301 1300 445 1380 planities
468 1299 555 1362 DAB
579 1298 723 1377 trianguli
748 1295 924 1378 aequaturii.
969 1299 1068 1362 Datur
1089 1317 1163 1362 vero
1186 1300 1250 1378 ejus
1273 1297 1358 1360 basia
1379 1300 1438 1363 ΒΑ
1461 1309 1493 1362 et
1515 1298 1650 1370 altitudo,

302 1407 408 1469 nempe
431 1389 513 1450 sinus
537 1387 638 1467 auguli
662 1387 755 1463 ΕΒΕ,
779 1405 845 1448 cum
869 1403 940 1468 ergo
969 1389 1132 1470 acquealta·
1158 1385 1221 1452 sint
1243 1397 1277 1450 ut
1304 1389 1394 1450 bases
1417 1397 1450 1450 et
1472 1387 1652 1470 asquebasia

302 1487 335 1540 ut
358 1477 543 1552 altitudines,
569 1475 690 1540 dabitur
711 1477 866 1557 proportio
884 1477 1083 1558 cujuscunque
1102 1477 1183 1558 plani
1203 1477 1290 1539 DAB
1309 1478 1347 1538 ad
1366 1478 1488 1557 planum
1512 1486 1652 1550 erectum,

302 1567 387 1648 cujus
411 1567 537 1652 angulus
561 1565 648 1628 ΕΒΑ
671 1573 770 1628 rectus
794 1573 851 1628 est.
900 1565 1001 1636 Quare
1031 1569 1123 1629 semel
1150 1567 1274 1646 cognito
1297 1567 1399 1630 valore
1427 1567 1510 1648 plani
1533 1563 1652 1629 maximi

301 1657 398 1726 DBA,
423 1655 489 1729 (ubi
512 1655 556 1717 sic
585 1655 674 1716 ‘dicor
708 1656 830 1735 planum
861 1654 963 1718 circuli
988 1673 1025 1717 ex
1048 1657 1184 1718 Adriano
1213 1655 1351 1741 Romam
1379 1656 1429 1718 vel
1461 1655 1522 1718 alio
1557 1655 1653 1736 aliquo

301 1747 386 1807 valet
409 1739 492 1808 060υ
515 1743 545 1806 in
577 1744 673 1824 prima
696 1752 728 1807 et
755 1745 888 1806 secunda
919 1745 1072 1837 resoluta:
1108 1745 1179 1826 quid
1208 1745 1292 1806 valet
1321 1745 1441 1824 planum
1474 1745 1615 1825 trianguli
1624 1733 1653 1816 l)

302 1842 521 1914 cognoscentur
544 1841 576 1895 et
599 1833 691 1914 plana
713 1834 841 1915 reliqua,
875 1853 951 1914 quae
974 1835 1138 1898 ostendunt
1164 1835 1293 1896 alteram
1316 1842 1433 1914 partem
1467 1831 1653 1916 aequationls

303 1923 467 2006 physicam,
493 1931 527 1986 ut
549 1922 592 1984 sic
615 1929 682 1985 tota
703 1923 846 2003 planities
861 1923 948 1986 DAE
972 1923 1036 1986 nive
1060 1924 1210 1986 anomalia
1233 1922 1333 1986 media
1356 1931 1409 1988 aut
1426 1923 1494 2003 ej'us
1518 1939 1654 1985 mensura

301 2010 487 2095 Ptolemaios
500 2009 585 2075 1)οΕ
609 2012 737 2092 angulus
759 2012 918 2074 habeatur.
956 2013 1024 2076 Duo
1038 2015 1086 2088 hic¹
1105 2013 1242 2094 objicias,
1262 2012 1370 2094 primo,
1389 2012 1488 2094 posito
1513 2013 1653 2075 circulum

302 2121 371 2164 esse
392 2101 576 2183 perfectum,
606 2101 730 2181 planum
765 2101 868 2164 circuli
900 2119 959 2164 non
988 2104 1130 2166 metietur
1151 2102 1201 2163 vel
1223 2103 1458 2181 comprehendet
1488 2101 1652 2165 distantias

302 2211 339 2254 ex
362 2193 401 2266 A,
426 2191 506 2273 qued
527 2207 631 2253 rerum
654 2209 721 2252 esse
746 2191 918 2262 demonstro
946 2191 1147 2271 peculiariter.
1195 2189 1312 2252 Deinde
1335 2190 1471 2272 ponitur,
1506 2191 1586 2272 quod
1604 2196 1655 2253 est

302 2281 422 2357 laisum,
447 2279 564 2343 scilicet
583 2279 712 2342 orbitarn
726 2299 794 2342 esse
815 2280 965 2356 circulum,
990 2299 1066 2362 quae
1089 2279 1248 2343 verissime
1263 2289 1312 2342 est
1326 2281 1432 2344 uvalis.
1463 2279 1653 2362 Respondes,

301 2369 406 2432 harum
430 2369 633 2450 objectionum
657 2369 755 2431 altera
779 2369 905 2430 alteram
927 2371 1056 2449 perimit.
1094 2372 1175 2434 Nam
1198 2368 1292 2449 primo
1317 2371 1430 2433 abhoc
1453 2370 1562 2451 ipsum,
1588 2367 1654 2450 qnia

302 2459 399 2522 uvalis
433 2449 610 2521 est'orhita
641 2458 728 2538 hujus
760 2457 878 2539 quidem
910 2459 1043 2536 formae,
1075 2459 1240 2542 distantiae
1272 2459 1338 2540 ejus
1368 2459 1406 2521 ab
1429 2459 1460 2521 A
1482 2460 1512 2522 in
1536 2458 1653 2540 planum

302 2549 445 2611 redactas
469 2555 587 2609 tantum
621 2546 767 2622 elliciunt,
801 2555 948 2628 quantum
973 2550 1070 2612 lineae
1100 2549 1228 2611 totidem
1252 2567 1290 2610 ex
1312 2558 1416 2611 centro
1438 2549 1469 2610 iu
1492 2551 1653 2630 perlectam

304 2637 577 2700 circumferentiam
615 2634 747 2716 ejectae,
792 2637 870 2718 quod
906 2648 1032 2702 rursum·
1061 2635 1255 2720 peculiariter
1296 2639 1478 2701 demonstro.
1540 2634 1653 2700 Deinde

302 2727 487 2802 demonstro,
510 2724 635 2806 perinde
659 2745 727 2787 esse
751 2724 815 2786 sive
840 2726 905 2806 quis
928 2730 1046 2791 ovalem
1070 2735 1153 2792 secet
1177 2726 1240 2789 sive
1262 2727 1412 2804 circulum,
1438 2744 1558 2809 semper
1579 2723 1653 2787 enim

304 2817 430 2878 eandem
454 2834 521 2878 esse
551 2815 632 2878 inter
660 2822 764 2894 partes
796 2817 1037 2896 proportionem,
1072 2817 1231 2880 dummodo
1257 2817 1357 2892 evall,
1390 2835 1467 2899 quac
1490 2819 1588 2880 minor
1609 2817 1655 2876 est

305 2905 426 2979 circulo,
451 2921 559 2967 nomen
584 2903 688 2966 demus
711 2904 840 2985 aequale
861 2903 981 2982 circulo,
1006 2925 1048 2969 so.
1074 2903 1165 2972 360⁰.
1232 2921 1237 2942 ¹

390 2993 519 3075 Saepius
538 2994 605 3074 jam
619 3011 675 3056 usu
691 2994 782 3066 venit,
807 3001 840 3054 ut
854 2995 1067 3076 triumpharem
1084 3004 1156 3058 ante
1176 2993 1343 3071 victoriam,
1365 2994 1443 3076 qnod
1463 2987 1653 3076 deprehendi,

302 3083 352 3147 nbi
377 3083 415 3146 ad
438 3085 540 3164 plures
573 3081 800 3146 observationes
823 3083 902 3148 veni.
949 3087 1036 3150 Nunc
1059 3091 1163 3149 tamen
1186 3084 1213 3148 si
1236 3103 1312 3166 quae
1347 3085 1548 3161 tentaverim,
1580 3085 1654 3163 duae
1729 3084 1735 3107 '

303 3173 500 3248 excesserint,
526 3191 601 3254 quas
625 3173 800 3247 defecerint,
827 3167 974 3253 quomodo
997 3176 1073 3238 baec
1096 3173 1262 3236 novissima
1291 3174 1369 3236 ratio
1394 3175 1425 3236 in
1447 3171 1654 3237 mediocritate

305 3263 424 3326 illorum
447 3271 593 3334 versetur,
616 3262 787 3346 perpendo,
812 3279 900 3342 spero
920 3265 1046 3346 denique
1062 3264 1255 3327 'debellatum
1277 3281 1355 3328 esse.
1393 3264 1462 3327 Nou
1476 3273 1535 3326 ‘eat
1559 3269 1654 3324 autem

244 3349 250 3371 ¹
304 3352 558 3432 praetereundum
574 3359 614 3414 'et
636 3352 712 3414 boc:
738 3352 857 3432 quaudo
880 3363 1001 3418 ventum
1026 3355 1084 3418 erit
1105 3353 1146 3416 ad
1167 3353 1365 3435 triangulum,
1388 3373 1427 3415 ex
1450 3373 1508 3437 quo
1531 3352 1656 3415 habetur

304 3439 471 3522 parallaxis
495 3441 575 3503 orbis
599 3439 774 3516 anuui„uhi
799 3438 881 3518 Q&
902 3443 982 3507 linea
1000 3445 1064 3507 veri
1087 3451 1186 3505 motus
1208 3441 1290 3506 Solis
1313 3451 1347 3505 st
1368 3443 1514 3505 distantia
1534 3441 1614 3506 Solis
1637 3451 1655 3496 a

393 3532 397 3544 '
542 3529 646 3601 Terra,
662 3527 702 3606 Q
715 3537 742 3598 d
756 3530 837 3592 linea
850 3533 915 3594 veri
929 3541 1029 3596 motus
1042 3531 1152 3596 Martis
1166 3532 1197 3594 in
1212 3532 1380 3594 eccentrico
1393 3550 1448 3594 seu
1462 3525 1654 3612 longitudinis

544 3626 739 3698 coaequatae,
764 3627 797 3680 et
820 3618 859 3698 Q
882 3629 907 3692 d
931 3621 1079 3686 distantia
1100 3621 1211 3683 Martis
1235 3642 1254 3683 a
1277 3617 1360 3697 Sole,
1378 3629 1455 3684 'tunc
1483 3617 1654 3702 peccabitur

544 3725 602 3769 uuo
626 3714 659 3768 et
680 3707 777 3769 altero
800 3711 913 3772 minuto
935 3713 965 3773 in
989 3711 1196 3791 parallaxibus
1220 3709 1301 3773 orbis
1324 3712 1374 3773 vel
1393 3711 1504 3792 angulo
1523 3713 1588 3788 ὁὸ
1604 3700 1652 3780 Θ,

495 3768 511 3816 F
543 3804 706 3876 propterea
727 3797 806 3878 quod
828 3800 951 3882 planum
968 3802 992 3877 ὃ
1010 3807 1036 3872 6
1052 3799 1092 3877 Q
1117 3799 1278 3862 inclinatur
1301 3800 1476 3882 adplenum
1498 3796 1653 3882 eclipticam

545 3884 612 3962 &E
629 3882 689 3962 Q:
715 3897 892 3969 quaerentes
916 3890 1008 3970 igitur
1023 3890 1171 3960 locum&
1195 3889 1369 3970 eclipticum
1381 3897 1416 3952 ut
1434 3890 1464 3952 in
1487 3879 1651 3970 ephemeri-

544 3975 650 4050 dibus',
683 3975 826 4039 dehemus
858 3997 913 4058 pro
938 3977 1022 4056 Q&
1046 3980 1091 4040 uti
1114 3978 1195 4040 linea
1218 3977 1258 4057 Q
1274 3979 1321 4056 Ε,
1355 3996 1431 4060 quae
1460 3979 1580 4040 brevior
1607 3975 1654 4034 esi

543 4083 633 4144 quam
652 4061 692 4142 Q
710 4071 746 4136 d,
770 4086 841 4134 uam
856 4068 924 4138 en
940 4066 980 4146 Q
1006 4077 1118 4136 rectus,
1144 4065 1222 4144 Qd
1246 4085 1365 4144 secans,
1389 4068 1440 4130 ubi
1460 4065 1539 4145 ΘΕ
1561 4069 1650 4130 totus·

543 4151 691 4216 Sciendue
721 4155 813 4235 igitur
844 4158 973 4238 angulus
1002 4155 1130 4234 EQo·
1161 4157 1365 4222 inclinationis
1395 4157 1454 4221 loci
1484 4147 1651 4220 eecennici·

543 4242 758 4307 Demonstravi
782 4253 897 4318 antem,
931 4247 1071 4326 angulum
1094 4247 1250 4328 plancmm
1282 4247 1484 4311 inclinationis
1507 4245 1652 4309 mammae

544 4351 612 4394 esse
643 4333 876 4409 invariabilem,
902 4337 1021 4399 circiter
1056 4331 1093 4399 1⁰
1122 4332 1187 4399 50‘:
1233 4335 1317 4400 Haec
1347 4336 1441 4416 igitur
1473 4337 1515 4398 de
1543 4335 1650 4398 marta·

468 4404 492 4455 Θ
545 4420 658 4503 Capita
681 4419 767 4486 eruut
790 4426 829 4486 ad
852 4421 895 4488 60
918 4427 967 4488 vel
990 4423 1043 4489 tc.
1070 4423 1214 4506 ¹Scripta
1245 4434 1316 4488 sunt
1338 4425 1404 4507 jam
1426 4422 1479 4489 52.
1525 4421 1651 4502 Reliqua

472 4529 482 4554 ⁰
544 4511 619 4575 nihil
642 4519 695 4574 aut
716 4532 821 4594 pamm
843 4514 985 4577 habitura
1008 4522 1080 4576 sunt
1102 4516 1355 4598 computationis,
1378 4515 1434 4578 sed
1456 4511 1651 4596 explicatione

461 4611 483 4665 Ι
545 4609 577 4664 et
607 4601 912 4666 demonstrationibus
945 4603 1135 4683 geometricis
1165 4613 1318 4668 constant.
1372 4601 1469 4686 Spero
1498 4605 1651 4666 univem⁰⁵

306 4688 439 4771 reliquos
462 4691 602 4772 planetas
625 4711 683 4754 non
712 4699 830 4754 tantum
857 4692 1054 4772 requisituros
1078 4695 1203 4758 laboris.
1249 4695 1322 4757 Ideo
1346 4691 1500 4757 illavem'
1524 4695 1650 4756 Astro-

305 4780 452 4842 nomiae
481 4781 618 4862 appello,
652 4780 690 4844 oh
712 4781 886 4862 inquisitum
918 4780 1021 4848 orbem
1056 4802 1184 4848 annuum
1208 4793 1240 4847 et
1265 4782 1400 4847 rationes
1433 4782 1648 4866 aequationem·

305 4864 340 4942 si
364 4867 490 4933 haberes
514 4871 607 4934 otium
627 4876 663 4932 st
686 4870 899 4948 delectareris,
926 4889 1036 4952 posses
1058 4891 1106 4934 me
1124 4863 1238 4955 'juvare
1262 4873 1410 4938 conlectis
1431 4873 1491 4936 hac
1512 4862 1649 4936 mehedt

338 3603 341 3612 ‘
364 3601 418 3684 Εἰς.
439 3597 479 3650 13.
