3678 5532
667 292 853 360 1²QO
890 292 971 362 equs
987 293 1043 347 um
1462 296 1528 366 377

177 473 270 558 igitur
291 473 408 550 mirum,
431 481 463 536 et
483 474 651 555 longiorem
672 475 733 538 BD
757 474 849 538 esse?
886 473 1083 555 Respondeo:
1108 474 1328 560 qualescunque
1350 475 1448 540 lineas
1471 477 1530 558 eji-

178 565 305 640 oiautur,
331 581 450 644 semper
471 571 595 626 manent
611 563 680 639 ΑΕ,
695 565 770 641 ΑΙ),
794 565 865 646 qula
880 571 950 626 sunt
968 583 1006 626 ex
1025 561 1286 628 observationibus
1306 565 1530 630 demonstratae

177 653 209 718 in
237 652 351 735 triplici
373 653 471 716 forna
492 653 721 735 hypothesium:
755 661 786 715 et
813 653 852 714 ad
875 651 1162 716 demonstrationem
1184 654 1280 731 haue,
1304 656 1383 737 quod
1406 663 1530 718 onnus-

177 742 256 806 rerti
284 742 403 823 possit,
431 749 601 817 ,assumtum
623 741 713 822 plane
736 742 821 805 nihil.
867 741 1060 804 Manentibus
1082 741 1174 820 igitur
1196 744 1268 818 An,
1291 745 1367 818 AD,
1392 743 1530 824 ejiciatur

178 851 251 894 saue
273 829 346 907 ΒΟ,
369 840 404 894 ut
426 831 597 913 oppositum
619 831 693 894 mihi
715 840 780 896 est:
804 831 859 893 illa
881 839 982 894 tamen
1005 829 1078 906 ΒΟ,
1101 839 1136 892 ut
1157 831 1362 896 demonstravi
1384 852 1449 914 cap.
1473 835 1529 910 VI,

176 921 365 1003 nequaqnam
399 920 498 1001 gignit
527 921 710 1002 hypothesin
737 929 840 1002 aptam
868 919 1039 982 observatis
1068 917 1267 1003 ἀκροννχιοιςς
1305 923 1359 984 sed
1389 941 1444 1004 pro
1474 921 1529 986 ΒΟ

178 1017 326 1092 oportet,¹
352 1017 387 1072 ut
413 1011 565 1074 salvemus
594 1009 809 1091 aorouyohias,
842 1009 951 1089 ejicere
981 1027 1036 1090 per
1061 1009 1088 1071 F
1115 1009 1174 1089 ipsi
1198 1009 1251 1073 OB
1274 1011 1442 1093 parallelou
1463 1013 1529 1088 FH,

176 1118 231 1181 per
252 1101 288 1176 F,
310 1100 341 1162 Η
364 1107 468 1162 oeutra
489 1098 683 1180 aequalitatis
697 1098 808 1162 Martis
827 1106 858 1160 et
873 1097 965 1162 Solis.
1001 1099 1067 1160 Hoc
1082 1106 1183 1160 autem
1201 1100 1292 1176 iaoto,
1317 1121 1376 1164 uua
1395 1107 1530 1163 centrum

178 1187 338 1253 eeeeutriui
360 1208 399 1250 ex
422 1187 447 1253 0
471 1187 502 1250 in
524 1191 540 1252 l
563 1188 754 1264 transfertur,
777 1195 811 1250 et
830 1187 899 1270 plus
922 1206 1011 1268 quam
1035 1187 1239 1252 semicirculus
1258 1191 1358 1270 vergit
1370 1209 1476 1252 versus
1491 1190 1529 1266 E,

34 1275 39 1286 '
176 1279 276 1342 minus
297 1297 404 1341 versus
426 1277 475 1340 D:
499 1296 555 1340 nee
577 1277 783 1358 relinquuntur
805 1278 873 1352 ΑΕ,
895 1277 976 1351 ΑΙ),·
991 1277 1045 1339 sed
1067 1277 1344 1359 prolongatur'AE,
1368 1279 1529 1342 abbrevia-

176 1375 227 1432 tur
254 1369 336 1432 AD:
367 1367 474 1451 quibus
504 1367 593 1430 lineis
624 1367 749 1430 mutatis
780 1385 930 1447 uunquam
960 1365 1158 1428 salvabuntur
1188 1368 1414 1432 observationes
1442 1377 1529 1430 extra

178 1458 269 1520 situm
296 1456 525 1538 aorooyohium:
556 1454 627 1538 quia
658 1457 716 1519 hae
743 1462 894 1518 testantur
923 1455 960 1518 de
984 1454 1168 1536 aequalitate
1191 1457 1338 1520 linearum
1359 1457 1434 1533 ΑΕ,
1457 1459 1527 1522 ΑΙ).

176 1545 243 1609 Nee
275 1565 350 1627 opus
382 1563 450 1608 esse
480 1553 554 1626 puto
587 1544 819 1626 computatione.
875 1543 910 1608 Si
942 1544 1009 1627 quis
1031 1553 1133 1606 tamen
1154 1545 1211 1608 hoo
1234 1546 1337 1610 labore
1361 1546 1529 1609 delectatur

177 1635 330 1718 (quamvis
353 1636 440 1698 usias
465 1641 513 1696 est
535 1641 740 1697 astronomum
766 1633 898 1702 numeris
921 1633 1034 1714 aliquid
1057 1640 1193 1711 tentare,
1226 1636 1311 1716 eujus
1334 1635 1530 1698 fundamenta

176 1743 238 1787 nou
273 1723 357 1807 prius
392 1724 469 1786 vidit
498 1723 529 1786 iu
556 1723 736 1804 geometria,
765 1743 840 1804 quae
867 1723 934 1802 jam
963 1723 1075 1786 laboris
1107 1722 1196 1803 hujus
1225 1725 1419 1788 fundamenta
1441 1725 1529 1788 uobis
1652 1791 1663 1810 ,

177 1815 314 1890 evertit),
337 1813 364 1876 is
386 1813 480 1876 habet
502 1813 670 1895 exemplum
695 1831 786 1892 supra
807 1831 873 1903 cap.
894 1811 1014 1888 XXIV,
1038 1810 1087 1874 ubi
1102 1812 1265 1896 distantias
1284 1814 1414 1877 Telluris
1434 1815 1473 1877 ab
1487 1815 1527 1890 Η,

175 1913 288 1985 puncto
312 1901 505 1985 aequalitatis
527 1909 626 1966 motus
650 1901 789 1976 Telluris,
815 1909 847 1964 et
869 1901 1045 1963 distantiam
1059 1901 1171 1964 Martis
1191 1903 1352 1966 abeodem
1365 1904 1395 1966 Η
1414 1911 1526 1984 puncto

176 1993 209 2056 in
233 1993 336 2056 eadem
360 1991 532 2074 operatione
556 1991 659 2064 simul,
683 1991 790 2053 iisdem
814 1989 1074 2053 observationibus
1097 1991 1278 2072 computavi,
1301 1992 1407 2075 quibus
1420 2001 1528 2074 postea

177 2101 246 2164 esp.
269 2081 389 2146 XXVI.
418 2079 581 2142 distantias
611 2080 746 2159 eJ'usdem
768 2079 898 2142 Telluris
921 2087 954 2141 et
973 2079 1085 2142 Martis
1113 2081 1284 2162 computavi
1310 2081 1348 2144 ab
1370 2083 1401 2144 A
1424 2090 1527 2145 ueutm

178 2169 272 2234 Solis.
318 2149 457 2234 Memmi
472 2170 561 2244 euim,
584 2188 643 2250 qua
657 2187 724 2232 sum
739 2187 820 2243 osus,
844 2168 997 2248 ingenium
1009 2169 1067 2232 hoa
1083 2177 1139 2244 est,
1162 2177 1197 2232 ut
1212 2171 1329 2246 doceat,
1353 2189 1526 2254 quqounque

177 2268 290 2343 puneto
312 2261 344 2323 in
365 2261 456 2343 plano
480 2258 582 2321 oirooli
606 2258 736 2321 Telluris
759 2265 905 2332 assumto,
929 2259 1009 2340 quod
1030 2257 1144 2321 habeat
1165 2259 1350 2341 descriptum
1371 2266 1402 2322 et
1424 2260 1529 2323 deter-

177 2350 325 2414 minatum
356 2349 447 2412 situm
478 2347 517 2410 ad
545 2366 653 2428 eorpus
676 2345 776 2421 Solis,
806 2353 870 2408 tam
893 2348 923 2410 in
945 2347 1132 2428 longitudine
1154 2339 1287 2425 zodiaci,
1311 2368 1401 2430 quam
1422 2349 1453 2412 in
1475 2369 1528 2412 re-

177 2439 311 2502 motione
334 2459 354 2514 a
376 2437 466 2513 Sole,
491 2455 547 2517 per
569 2437 684 2518 aliquot
706 2435 933 2499 observationes
956 2435 1065 2498 dooere
1089 2443 1120 2498 et
1143 2437 1274 2501 Telluris
1300 2446 1332 2500 et
1353 2438 1465 2502 Martis
1487 2439 1526 2504 ab

178 2528 233 2592 illo
257 2534 398 2609 suscepto
420 2533 530 2608 puncto
553 2525 746 2600 distantiam
770 2525 847 2587 eitra
869 2525 962 2589 etiam
983 2525 1186 2607 cognitionem
1207 2528 1376 2590 anomaliae
1396 2527 1527 2592 eooeutri

179 2625 364 2700 eoasquatae
392 2616 432 2678 ad
461 2615 494 2678 id
519 2621 661 2696 puuctum
688 2615 948 2678 accommodatae:
981 2635 1040 2697 qus
1069 2615 1188 2696 quidem
1220 2635 1277 2698 ego
1306 2635 1370 2700 esp.
1403 2617 1525 2682 XXVI.

177 2707 386 2770 tautummodo
409 2703 576 2786 compendii
598 2723 691 2766 causa
711 2723 785 2767 usus
809 2723 884 2768 sum.
934 2731 940 2742 ·
1496 2721 1501 2730 ·

268 2795 330 2860 Sed
358 2794 420 2858 alia
448 2794 569 2874 insuper
596 2793 714 2856 ratione
742 2792 948 2873 argumentari
970 2791 1050 2854 licet.
1096 2794 1344 2858 Demonstratum
1367 2804 1416 2858 est
1438 2812 1529 2877 snpra

178 2905 247 2968 cap.
270 2885 386 2961 XLIV,
410 2883 539 2946 orbitam
560 2882 700 2964 planetae
723 2901 783 2944 uon
806 2901 873 2944 esse
897 2881 1050 2958 circulum,
1074 2883 1128 2957 ssd
1151 2885 1278 2961 oralem,
1301 2893 1337 2947 ut
1359 2885 1443 2965 eujus
1459 2886 1527 2947 dia-

178 2983 292 3049 meter,
322 2993 399 3057 qnae
422 2971 560 3054 apsidum
582 2971 704 3046 dicitur,
742 2971 784 3034 sit
806 2971 991 3052 longissima.
1037 2971 1108 3032 Jom
1130 2991 1195 3054 oap.
1220 2973 1271 3035 LI.
1295 2974 1527 3051 demonstratur,

178 3071 284 3146 partes
312 3084 332 3127 a
355 3063 385 3127 G
412 3068 523 3144 puncto
545 3060 657 3142 aphelii
679 3068 812 3124 remotas
835 3059 1002 3142 aequaliter
1035 3059 1152 3140 ingredi
1181 3061 1273 3124 etiam
1300 3063 1467 3144 aequaliter
1488 3063 1529 3125 ad

180 3153 288 3218 latera.
333 3151 441 3216 Ovalis
473 3167 544 3230 ergo
571 3149 718 3230 genuinus
741 3150 819 3212 situs
842 3157 892 3212 est
913 3150 995 3212 circa
1016 3148 1127 3210 lineam
1148 3149 1227 3226 Ac,
1251 3170 1311 3214 uon
1333 3151 1425 3231 igitur
1447 3151 1528 3214 eirea

178 3242 293 3306 lineam
313 3243 379 3304 FH.
423 3242 466 3304 Et
488 3241 539 3321 qui
560 3239 663 3302 varias
684 3238 796 3302 Martis
818 3237 982 3301 distantias
1005 3239 1222 3318 computaverit
1244 3260 1263 3301 a
1284 3242 1440 3321 puneth
1460 3260 1526 3304 me-

179 3331 275 3396 thodo
293 3329 587 3412 jameommendata,
612 3328 816 3411 deprehendet
837 3327 865 3390 is
880 3345 1019 3408 maguam
1035 3326 1247 3390 distantiarum
1263 3330 1526 3414 irregularitatem,

180 3439 258 3506 qnae
280 3421 362 3484 nullo
383 3426 473 3500 paeto
495 3418 608 3501 poterit
628 3417 740 3481 melodi
761 3435 856 3502 neque
879 3417 991 3480 uiroulo
1014 3435 1110 3504 neque
1131 3416 1281 3498 probabili
1299 3418 1392 3484 alicui
1404 3419 1526 3502 dghras,

181 3511 265 3573 eirea
285 3511 341 3574 ΓΗ
364 3509 530 3572 ordinatae.
1534 3536 1540 3545 ·

270 3597 401 3662 Rursum
423 3599 525 3680 itaque
547 3597 637 3660 fidem
658 3614 723 3675 esp.
749 3595 804 3657 Vl.
830 3601 862 3658 et
881 3594 997 3676 passim
1015 3594 1073 3656 hoo
1093 3613 1181 3678 opere
1205 3596 1431 3680 oppigneratam
1450 3597 1529 3661 eitra

179 3690 275 3754 ullam
295 3687 435 3768 principii
456 3687 631 3770 petitionem
653 3684 793 3760 liberavi,
818 3691 849 3745 et
871 3681 976 3760 docui,
1001 3681 1199 3751 eooeutricurn
1221 3687 1331 3750 Martis
1354 3707 1413 3752 uon
1434 3706 1547 3769 posse.

180 3778 243 3841 nisi
266 3777 305 3840 ad
327 3777 430 3842 Solem
452 3775 558 3839 reierri
579 3775 692 3856 ipsum:
717 3793 753 3836 ao
775 3773 899 3855 proinde
920 3792 980 3836 nou
995 3773 1092 3838 solam
1106 3773 1263 3854 rationem,
1286 3777 1341 3843 sed
1355 3775 1422 3858 ipss
1436 3777 1527 3839 etiam

181 3867 345 3932 observata
366 3886 420 3947 pro
442 3885 491 3928 me
513 3873 605 3940 stare,
630 3865 698 3934 dun
722 3863 949 3933 ohservationes
971 3864 1083 3926 Martis
1106 3885 1126 3926 a
1147 3865 1244 3929 medio
1267 3870 1349 3930 motu
1371 3865 1454 3930 Solis
1470 3863 1526 3928 ab·

180 3957 289 4022 ductas
312 3955 471 4038 adipsum
493 3961 685 4037 apparentem
707 3951 791 4018 Solis
813 3959 927 4018 motum
950 3952 1087 4034 expendi.

759 4143 944 4171 h—-rh-

729 4245 850 4408 capu}
880 4305 978 4383 our.

181 4457 261 4526 Alta
281 4453 445 4521 methodos
467 4451 657 4541 euploroadi
679 4451 851 4516 climentiae
865 4449 984 4512 Mortis
1000 4470 1021 4514 o
1040 4447 1115 4514 Sole
1132 4472 1193 4536 por
1217 4447 1338 4538 aliquot
1360 4446 1525 4520 mim
1547 4459 1552 4470 ·

181 4547 411 4616 imm
432 4549 628 4629 “ml
641 4539 1000 4696 ”lesi
1021 4539 1298 4622 trullo
1319 4540 1525 4644 ,aa
1619 4647 1624 4660 .

289 4750 372 4835 Quia
401 4755 451 4821 hie
479 4762 574 4820 uovts
596 4754 779 4839 hypotheses
803 4724 992 4839 eondimfisf
1005 4753 1188 4836 inquirentes
1220 4751 1335 4816 scilieet
1356 4755 1524 4842 naturalem

180 4871 306 4918 emaum
327 4846 539 4931 aequationem
560 4845 704 4922 sooehtri,
728 4843 815 4909 decet
837 4843 937 4908 omnia
957 4842 1045 4908 uobis
1068 4861 1136 4906 esse
1159 4861 1248 4924 quam
1270 4843 1523 4927 exploratissima.
