3640 5538
711 343 877 413 mpperahue.
1216 415 1219 423 λ
1401 343 1479 416 529¹

655 525 854 615 Problema
875 525 934 590 XI.

124 630 225 693 Data
257 629 481 710 quantitate
510 630 686 711 diametri
724 640 799 694 tarn
831 631 1043 696 luminaris
1074 651 1184 714 qnam
1219 631 1392 702 umbrae,
1429 639 1465 694 et

205 738 290 782 arcu
314 719 521 781 deficiente
546 721 602 781 vel
627 721 759 797 lucido,
785 723 920 784 elicere
945 721 1194 801 quantitatem
1218 720 1398 784 delectus.

212 805 330 880 Quaere
357 807 492 888 'sagittas
516 817 577 872 tarn
611 810 762 873 luminaris
791 831 879 893 quarn
909 811 1030 874 umbrae
1039 829 1049 885 ;
1088 816 1119 872 et
1147 811 1322 893 quantisper
1345 810 1464 891 quidem

125 897 222 960 minus
254 897 438 960 semicirculo
472 898 625 962 luminaris
653 908 703 962 est
726 901 753 961 in
778 901 890 976 umbra,
915 900 991 962 adde
1016 900 1147 979 sagittae
1170 899 1292 962 umbrae
1320 901 1465 979 sagittam

125 987 292 1061 luminaris,
323 1006 376 1067 pro
404 987 571 1068 quantitate
596 989 747 1066 defectus3
778 998 811 1052 at
833 991 858 1052 si
883 990 1043 1052 obscurata
1066 1008 1119 1051 ora
1141 989 1231 1050 fuerit
1254 991 1349 1070 major
1371 990 1464 1052 semi-

125 1077 245 1152 circulo,
271 1083 340 1138 tunc
363 1095 415 1154 pro
439 1077 555 1156 sagitta
578 1078 731 1141 luminaris
755 1080 922 1141 addendum
938 1087 986 1139 est
1004 1078 1153 1142 residuum
1174 1079 1322 1154 diametri,
1346 1097 1465 1159 semper

125 1185 167 1229 sc.
192 1186 229 1227 ea
250 1183 321 1246 pars
346 1164 493 1235 diametri,
519 1186 593 1247 qnae
617 1168 646 1230 iu
671 1170 774 1231 umbra
797 1177 854 1232 est.
880 1168 956 1243 (Vel
979 1167 1122 1229 subtrahe
1146 1167 1291 1248 sagittam
1309 1167 1465 1231 umbraea

125 1254 238 1335 sagitta
262 1255 414 1318 luminaris
438 1273 490 1334 pro
515 1256 634 1320 residua
655 1266 743 1340 parte
767 1258 939 1332 luminosa.)
977 1256 1028 1321 Ita
1046 1257 1226 1320 conflabitur
1244 1277 1361 1320 somma
1377 1275 1462 1320 scru-

124 1346 258 1428 pulorum
283 1345 491 1408 deficientium.

212 1451 295 1516 Typua
313 1452 460 1516 operationis
477 1466 521 1515 per
538 1451 718 1519 Logaritlrmos.

125 1522 164 1575 Sit
180 1525 279 1575 raaldus
297 1537 340 1573 ora
357 1523 440 1574 lucida
466 1518 516 1572 81⁰

334 1593 449 1646 dimidiae
468 1589 572 1644 ⁴0⁰3&
642 1593 720 1663 legar.
746 1591 834 1645 ltltt

212 1664 251 1718 Sit
267 1660 497 1732 aestumare)
528 1664 570 1717 17‘
591 1664 624 1716 1⁰
649 1665 1028 1746 L-l-t-d-oll-ll—aeaapenarlua

122 1827 172 1880 Hic
190 1825 297 1879 ostendit
314 1824 355 1878 ll‘
368 1823 412 1886 δ”,
431 1825 495 1894 quod
514 1832 552 1878 est
570 1752 958 1914 dimiboigrbhlibbbboabcblbxm.
983 1826 1092 1912 Hinc-sa
1117 1831 1171 1923 qtae
1185 1841 1234 1924 per
1246 1825 1466 1895 autllogaritlrmoa

210 1969 299 2022 nme
324 1965 367 2018 170
386 1965 420 2018 1⁴⁴
474 1969 551 2021 mu.
571 1966 596 2020 1.
616 1967 667 2021 aas
715 1898 1070 2022 fflffibbbmbbbbssb
1094 1897 1134 2020 rb
1149 1894 1206 2020 ³b⁴r
1254 1899 1334 2023 ffl'.
1351 1897 1377 2020 b'.
1396 1896 1449 2020 bb

545 2058 637 2139 L
658 2128 705 2138 ῃ
806 2059 872 2126 Ergo
892 2061 964 2110 reald
983 2059 1070 2111 aemid.
1089 2056 1132 2110 47.
1152 2055 1228 2139 18-
1353 2057 1377 2112 9.
1397 2059 1448 2111 465

122 2146 209 2201 aaut
228 2161 289 2199 um.
327 2145 368 2201 lt.
387 2143 421 2197 57
571 2147 595 2198 o.
616 2144 668 2197 tto
853 2148 953 2216 Sagitta
970 2149 1072 2203 umbrae
1107 2147 1132 2200 1.
1152 2146 1186 2199 18

3 2267 4 2276 ,
124 2219 211 2274 Beald.
231 2219 305 2274 diana.
326 2217 368 2272 It.
388 2217 422 2268 te
440 2221 499 2286 quia
514 2220 569 2286 plus
582 2220 740 2284 ,semicirculo
758 2221 784 2273 iu
802 2221 909 2274 delectu·

344 2289 367 2342 r.
389 2288 422 2342 re

281 2361 578 2448 muers·
595 2380 716 2432 esrom.
729 2374 752 2444 ⁴)

644 2503 843 2568 Pnoblema
864 2505 941 2570 XII.

2 2626 6 2637 ’
120 2613 222 2677 Data
258 2611 438 2675 diametro
473 2609 667 2674 luminaris
704 2612 941 2687 deliciantis,
986 2609 1200 2694 quantitate
1239 2630 1347 2674 arcus
1376 2629 1466 2674 orae

2 2717 6 2742 ²
121 2701 183 2765 vel
221 2700 366 2764 lucidae
397 2701 458 2763 vel
480 2700 722 2777 tenebrosae,
754 2702 1029 2783 etquantitate
1058 2701 1245 2777 defectus,
1282 2701 1465 2782 indagare

467 2789 782 2853 semidiametrum
806 2791 952 2853 umbrae
976 2790 1121 2852 Terrae.

209 2878 369 2942 Problema
396 2886 445 2942 est
474 2886 611 2958 argutum
638 2880 749 2959 magis,
788 2899 877 2960 quam
904 2879 985 2941 utile.
1020 2877 1115 2940 ·Data
1142 2877 1220 2948 euim
1243 2877 1465 2940 semidiametro

120 2968 297 3042 luminaris,
335 2968 391 3031 erit
423 2976 457 3030 ut
479 2967 562 3029 sinus
585 2976 668 3029 totus
692 2969 731 3028 ad
754 2969 851 3030 sinum
874 2987 960 3030 arcus
982 2967 1072 3030 lucidi
1097 2966 1245 3029 dimidiati
1276 2966 1402 3040 (schem.
1427 2961 1465 3046 3)

119 3060 175 3122 LF
208 3058 258 3120 vel
280 3057 348 3131 ΗΡ,
383 3059 427 3120 sio
454 3056 531 3118 baec
560 3057 784 3119 semidiameter
813 3057 851 3118 ad
879 3057 919 3120 FI
946 3057 994 3117 vel
1024 3055 1080 3117 PR
1107 3055 1265 3117 semissem
1294 3053 1390 3115 lineae
1413 3072 1468 3134 per

119 3147 282 3212 sectiones.
321 3145 437 3209 Deinde
461 3154 495 3208 ut
508 3145 586 3208 idem
604 3154 686 3208 totus
703 3146 741 3207 ad
756 3146 901 3226 sagittam
915 3144 1049 3224 ejusdem
1064 3162 1160 3216 arcus,
1186 3143 1229 3204 sic
1244 3141 1467 3204 semidiameter

118 3235 278 3301 luminaris
301 3235 341 3297 ad
363 3235 405 3298 LI
427 3235 477 3296 vel
498 3234 559 3296 HR
580 3243 712 3310 rectam,
737 3254 812 3317 quae
845 3234 875 3296 iu
898 3234 1007 3296 lineam
1030 3251 1083 3313 per
1105 3233 1256 3295 sectiones
1279 3230 1464 3296 terminatur.

118 3326 220 3392 Auler
250 3324 288 3386 ab
320 3324 377 3386 hac
406 3324 484 3388 linea
513 3324 712 3405 quantitatem
736 3325 886 3399 defectus,
916 3341 1090 3404 expressam
1113 3322 1218 3384 eadem
1241 3339 1380 3382 mensura
1400 3339 1488 3384 cum·

2 3425 6 3465 l
119 3415 347 3481 semidiametro
372 3413 541 3487 luminaris,
564 3434 607 3478 sc.
631 3414 689 3478 LK
711 3415 759 3477 vel
781 3414 854 3488 HN,
888 3412 1037 3475 residuum
1061 3412 1119 3474 erit
1142 3410 1257 3492 sagitta
1278 3408 1400 3472 umbrae
1423 3411 1469 3474 KI

119 3507 173 3568 vel
195 3504 263 3568 NR.
308 3505 353 3569 Ut
380 3524 451 3567 vero
481 3504 556 3567 haec
580 3505 619 3566 ed
641 3503 770 3584 priorem
794 3503 949 3564 semissem
977 3501 1073 3567 lineae
1097 3499 1336 3583 permotiones,
1360 3519 1403 3562 sc.
1428 3499 1468 3561 ad

118 3597 163 3660 FI
186 3594 236 3656 vel
258 3591 323 3670 PR,
346 3591 390 3658 sic
417 3593 493 3656 haec
521 3593 560 3656 ad
582 3594 733 3658 residuum
756 3594 792 3655 de
816 3593 961 3655 diametro
985 3592 1106 3655 umbrae
1129 3609 1172 3654 sc.
1198 3589 1237 3652 ad
1259 3589 1304 3654 IN
1325 3589 1375 3652 vel
1397 3588 1466 3656 RK.

629 3737 830 3799 Theorema
858 3734 963 3798 XVII.

120 3843 164 3908 Si
187 3841 254 3906 duo
277 3841 411 3906 circuli
440 3840 654 3922 inaequales
680 3863 716 3906 se
748 3850 867 3907 mutuo
897 3839 1098 3915 secuerint,
1133 3839 1242 3902 ducta
1269 3841 1373 3902 recta
1402 3853 1495 3922 per·

119 3938 267 4007 centra,
290 3932 395 4011 eique
419 3949 463 3993 ex
478 3942 604 3994 centro
627 3931 777 3995 minoris
800 3940 925 3994 erecta
942 3927 1259 4012 perpendiculari,
1282 3945 1325 3990 ex
1341 3935 1467 3990 centro

118 4040 210 4085 vero
233 4019 383 4102 majoris
407 4019 451 4082 ad
465 4021 808 4102 perpendicularem
832 4019 1028 4103 applicata
1047 4017 1250 4098 composita
1269 4035 1311 4080 ex
1329 4015 1467 4078 utrius-

120 4131 190 4196 que
222 4110 514 4186 semidiametro,
546 4112 768 4191 quadratum
796 4111 903 4190 hujus
933 4107 1256 4189 perpendicularis
1288 4105 1467 4186 aequabit

3 4243 7 4280 ,
119 4201 378 4281 rectaugulum
403 4198 469 4262 sub
498 4207 685 4280 segmento
710 4199 881 4262 diametri
904 4197 1032 4262 circuli
1055 4196 1205 4261 minoris
1229 4203 1265 4258 et
1283 4193 1350 4258 sub
1373 4213 1466 4257 com·

264 4289 388 4369 posita
409 4307 451 4350 ex
473 4287 540 4350 hoc
563 4299 599 4351 et
622 4309 663 4353 ex
686 4289 874 4353 distantia
896 4295 1105 4351 centrorum
1127 4285 1330 4365 duplicata

212 4377 283 4444 Sint
305 4379 363 4442 duo
386 4377 507 4453 circuli,
532 4379 627 4460 major
649 4379 737 4444 LEM
772 4384 834 4457 (rig
867 4381 918 4454 l),
942 4385 1044 4441 centro
1066 4375 1107 4452 P,
1131 4375 1226 4437 minor
1249 4371 1336 4437 OPX
1364 4378 1465 4434 centro

119 4467 162 4540 Δ,
195 4478 336 4531 secantes
367 4487 399 4531 se
431 4475 532 4530 mutuo
560 4468 590 4530 in
615 4467 692 4545 VX,
725 4477 756 4532 et
784 4475 867 4530 recta
893 4487 948 4550 per
980 4475 1084 4530 centra
1106 4465 1161 4528 PA
1185 4465 1327 4538 ducatur,
1358 4480 1465 4526 secana

120 4557 390 4631 circumferentias,
413 4557 558 4637 urajorem
578 4557 608 4620 in
627 4559 662 4632 Ε,
687 4558 831 4620 minorem
855 4559 935 4620 ultra
956 4563 1090 4620 centrum
1113 4554 1143 4618 in
1162 4555 1188 4617 F
1211 4561 1243 4615 ct
1266 4552 1309 4615 cis
1333 4558 1467 4614 centrum

120 4649 153 4713 iu
178 4647 224 4724 Ο,
257 4654 291 4710 et
314 4647 402 4710 exA
432 4646 489 4727 ipsi
512 4646 563 4708 PF
593 4645 849 4729 perpendicularis
879 4647 1011 4728 erigatur
1032 4645 1107 4718 AB,
1139 4641 1223 4704 exP
1255 4660 1326 4704 vero
1357 4640 1385 4702 io
1409 4639 1466 4706 BA

4 4767 5 4776 ¹
119 4736 302 4802 terminetur
324 4744 408 4799 recta
430 4735 598 4818 composita
621 4757 658 4800 ex
679 4737 741 4809 PL,
757 4735 823 4812 LB,
846 4736 1020 4818 aequalibus
1043 4733 1118 4814 ipsis
1140 4731 1193 4796 Pu
1216 4739 1248 4793 et
1265 4731 1321 4795 AF
1339 4728 1463 4809 junctis,

120 4845 199 4912 quae
224 4825 266 4888 sit
289 4825 352 4890 BP.
397 4825 473 4890 Dico
497 4827 674 4907 quadratum
697 4826 791 4910 ipsius
814 4825 870 4890 BA
896 4825 1019 4916 aequale
1043 4842 1111 4886 esso
1133 4822 1308 4902 rectangulo
1331 4819 1386 4885 sub
1408 4817 1464 4886 EO

119 4921 154 4982 et
167 4915 222 4980 sub
237 4913 407 4996 composita
421 4935 459 4978 ex
472 4933 531 4979 ona
545 4915 601 4984 EO
617 4927 648 4980 et
662 4917 776 4981 duabus
786 4915 852 4980 ΔΡ.
885 4919 957 4988 (Μ’
974 4939 1010 4969 =
1027 4921 1072 4975 EO
1090 4919 1146 4985 (Eo
1163 4917 1199 4987 4-
1217 4916 1312 4984 tam)

84 5015 86 5018 ’
174 5021 414 5079 &ww-¹11·
1222 5015 1258 5069 34
