3680 5538
655 329 714 386 Pars
734 333 833 398 Quinta.
872 331 952 401 Caput
969 331 1055 387 LXIX.
1458 319 1519 396 131

189 517 264 585 hura
292 515 351 578 diei
386 515 496 577 addita.
547 513 651 578 Inveni
678 521 777 576 tamen
806 513 981 594 longissima
1009 513 1178 575 inductione
1214 532 1267 594 per
1297 531 1390 575 annos
1421 509 1463 575 50
1486 509 1523 572 ab

191 625 268 669 anno
300 605 349 669 15.
375 607 412 666 ad
435 605 522 667 finem
544 605 624 665 vitae
648 604 844 676 Aristotelis,
872 622 929 664 non
956 602 1090 683 potuisse
1119 623 1186 664 esse
1210 604 1269 664 alio
1292 603 1354 676 die,
1384 621 1471 682 quarn
1495 600 1523 660 10

189 715 318 776 vespera
347 693 406 756 diei
434 690 465 755 4.
488 693 604 774 Aprilis
631 711 709 753 anuo
729 701 811 753 *ante
844 689 956 754 Christi
986 692 1149 772 vulgarem·
1173 692 1316 772 epocham
1348 689 1424 762 357,
1459 709 1525 750 eum

190 785 373 848 Aristoteles
404 781 442 846 21
469 801 611 844 annorum
636 779 752 842 audiret
774 779 941 855 Eudoxum,
977 788 1069 842 ntex
1092 780 1226 860 Diogene
1250 781 1373 842 Latrtio
1397 787 1524 845 0000000.

189 873 359 939 Secundam
382 872 621 933 observationem
644 891 663 932 a
686 868 848 933 Chaldaeis
867 869 1000 950 habitam
1020 869 1211 932 Ptolemaeus
1227 869 1312 932 nobis
1327 869 1524 940 conservavit,

190 983 266 1046 qnae
291 963 373 1024 iacta
397 969 445 1022 000
467 981 544 1022 0000
568 967 638 1022 0000
662 959 815 1023 Christum
837 954 903 1022 272
926 956 1030 1022 d.⁸18.
1055 958 1123 1020 Jan.
1148 977 1249 1034 mane,
1275 978 1339 1035 pum
1360 951 1446 1019 Mars
1470 957 1527 1017 bo-

187 1053 302 1115 realem
326 1051 355 1114 in
379 1043 475 1117 blata
499 1048 615 1130 Scorpii
639 1047 809 1110 occultavit.
841 1047 970 1110 Rursum
985 1047 1033 1108 hio
1047 1047 1130 1109 nulla
1145 1048 1235 1109 horae
1251 1049 1395 1110 certitudo
1413 1045 1541 1112 addita.¹

188 1141 336 1223 Reliquas
360 1148 484 1220 quatuor
505 1139 697 1201 Ptolemaeus
720 1139 785 1218 1000
808 1137 926 1212 habuit,
951 1135 1102 1198 dimensus
1125 1137 1289 1199 astrolabio
1313 1137 1394 1198 sidus
1417 1135 1528 1196 Martis

188 1232 229 1293 'ad
259 1231 350 1306 fixas3
380 1238 517 1291 recenset
544 1235 644 1289 tamen
673 1228 767 1288 solnm
798 1221 973 1290 looom'sub
997 1225 1138 1301 zodiaco,
1169 1225 1224 1288 sub
1251 1227 1347 1307 ipsum
1370 1224 1527 1288 articulum

190 1317 389 1400 oppositionis
413 1338 477 1379 cunr
502 1318 598 1380 medio
621 1323 701 1378 motu
725 1315 815 1382 Solis.

277 1409 325 1470 Hx
348 1406 605 1470 observationibus
628 1413 689 1466 tam
713 1405 816 1484 paucis
838 1423 935 1467 rerum
958 1404 1152 1466 maximamm
1181 1411 1358 1483 argumenta
1380 1401 1526 1482 capienda

190 1505 277 1560 sunt:
303 1504 356 1558 000
378 1497 404 1558 01
426 1515 483 1558 000
506 1501 640 1577 possunt,
664 1495 839 1575 imperfecta
861 1494 1053 1574 relinquenda
1072 1493 1267 1556 astronomia.
1300 1494 1432 1555 Primum
1449 1491 1527 1552 enim

188 1605 244 1667 per
266 1596 392 1667 quatuor
415 1585 639 1646 observationes
662 1583 863 1646 Ptolemaieas
896 1585 1009 1663 epocha
1031 1590 1129 1645 motus
1152 1583 1241 1644 medii
1264 1583 1302 1643 ad
1325 1582 1400 1644 fixas
1436 1579 1526 1642 relati

190 1675 357 1738 Ptolemaei
379 1673 508 1754 tempori
531 1680 702 1753 competens
725 1671 908 1754 inquirenda,
932 1681 964 1734 et
986 1693 1023 1734 ex
1041 1671 1104 1751 ejus
1120 1691 1185 1733 cum
1199 1658 1355 1734 hodiernis
1370 1669 1528 1736 collatione

190 1764 256 1846 ipse
285 1769 383 1825 motus
411 1763 526 1824 medius
553 1771 601 1823 est
624 1761 805 1823 limitandns.
851 1761 966 1823 Deinde
994 1781 1048 1842 per
1071 1760 1309 1822 observationem
1334 1759 1529 1825 Chaldaicam

193 1854 315 1915 videtur
346 1851 454 1933 inquiri
485 1871 595 1932 posse,
628 1870 665 1912 00
695 1869 764 1911 vere
787 1851 995 1916 ecoentricitas
1019 1849 1100 1913 Solis
1119 1851 1186 1911 olim
1210 1851 1307 1930 maJ'or
1330 1849 1419 1912 100010
1442 1865 1529 1931 quam

196 1941 296 2004 hodie.
342 1940 476 2020 Denique
509 1947 540 2002 et
568 1940 722 2021 perhanc
744 1946 850 2020 etper
873 1939 1108 2015 Aristotelicam,
1133 1937 1159 2000 si
1181 1945 1297 2022 tempus
1320 1939 1459 2012 sciretur,
1494 1935 1530 1996 de

194 2031 303 2093 Martis
326 2029 484 2092 latitudine
508 2030 546 2091 ad
569 2029 779 2107 illa··tempora
802 2028 963 2109 periculum
986 2029 1047 2090 fieri
1070 2035 1183 2109 posset.

284 2117 380 2190 Quam
410 2137 481 2180 vero
510 2118 588 2179 viam
617 2117 788 2180 insistemus
816 2136 869 2198 per
890 2119 988 2180 Deum
1019 2117 1232 2179 immortalem!
1266 2135 1330 2180 cnm
1359 2114 1431 2176 nihil
1455 2133 1529 2194 pene

193 2209 357 2271 habeamus
382 2229 400 2269 a
424 2208 603 2280 Ptolemaeo,
629 2207 705 2288 quod
728 2225 786 2268 non
806 2208 871 2288 jure
893 2207 1030 2288 0010010
1053 2205 1285 2268 controversiam
1306 2223 1413 2266 vocare
1428 2203 1530 2285 possi-

196 2317 275 2373 mus,
297 2317 385 2380 quam
409 2297 447 2358 ad
467 2297 579 2376 justam
603 2295 798 2359 subtilitatem
821 2295 907 2360 nobis
929 2295 1002 2358 00110
1025 2295 1088 2357 fiat.

283 2388 308 2450 1.
341 2387 472 2450 Primum
504 2386 542 2448 ad
569 2385 706 2466 exposita
735 2392 872 2466 tempora
893 2385 993 2464 prodit
1015 2392 1125 2447 motum
1150 2381 1229 2445 Salis
1253 2382 1381 2445 medium
1405 2402 1442 2444 ex
1466 2381 1530 2442 cal-

197 2477 279 2550 culo,
318 2476 366 2557 qui
399 2475 503 2538 nititur
532 2473 739 2536 observatione
770 2474 1020 2556 aequinoctiorum
1049 2481 1079 2535 et
1102 2472 1307 2534 solstitiorum.
1352 2471 1531 2552 Principium

198 2564 315 2629 Arietis
344 2564 397 2628 Sol
420 2563 551 2643 detegit,
583 2583 641 2625 non
665 2563 760 2642 digito
783 2564 820 2625 ad
844 2565 939 2625 locum
961 2563 1095 2634 intenso,
1125 2563 1177 2624 sed
1201 2579 1292 2623 caeca
1315 2560 1532 2640 conjectatione

196 2653 353 2734 00100010.
390 2653 469 2716 Nam
491 2654 523 2716 id
545 2651 669 2715 dicimus
691 2670 759 2714 esse
782 2653 957 2734 principium
973 2651 1099 2726 Arietis,
1122 2651 1199 2733 qnod
1214 2649 1267 2712 Sol
1287 2651 1392 2722 tenuit,
1415 2646 1532 2732 quani>

194 2744 281 2804 visus
302 2751 349 2804 est
375 2743 439 2804 dies
462 2743 598 2804 noctibus
621 2759 758 2823 aequare.
794 2739 875 2812 Quid
898 2743 924 2804 si
937 2741 1128 2803 Ptolemaeus
1146 2740 1174 2801 in
1194 2748 1325 2819 temporo
1343 2739 1533 2803 aberrasset?

199 2829 390 2912 Conjecturis
412 2851 470 2893 non
494 2850 637 2894 caremus.
683 2830 812 2893 Primum
843 2830 921 2892 enim
951 2849 1007 2892 000
1039 2830 1139 2911 prodit
1161 2830 1277 2891 modum
1303 2829 1533 2892 observationis.

78 2931 85 2940 '
200 2917 281 3002 0000
311 2929 345 2982 00
374 2921 577 2984 observaverit
606 2919 782 2980 altitudines
813 2920 1011 2988 meridianas,
1049 2937 1087 2979 ex
1114 2917 1219 2998 quibus
1245 2918 1415 2980 inductione
1453 2919 1535 2979 facta
1651 2999 1654 3004 ,

199 3017 379 3072 momentum
401 3010 553 3090 ingressus
576 3008 658 3071 Solis
680 3008 710 3068 10
731 3007 852 3070 boreale
875 3007 1125 3087 hemisphaerium
1148 3006 1224 3067 citra
1247 3025 1374 3068 errorem
1395 3007 1533 3068 habetur.

199 3100 245 3160 At
277 3099 346 3179 quid
374 3099 399 3160 si
422 3099 487 3180 1000
511 3095 716 3160 observaverit
738 3095 767 3157 10
795 3097 955 3158 armillis
981 3093 1274 3167 Alexandrinis,
1306 3095 1355 3156 nbi
1386 3095 1412 3156 01
1434 3093 1535 3176 000010

203 3207 309 3249 000000
333 3187 483 3263 retractio,
508 3187 591 3266 cnjus
614 3183 774 3248 manifesta
787 3185 897 3247 indicia
910 3184 974 3265 1000
988 3184 1104 3266 000010,ι
1120 3183 1190 3243 dnm
1211 3183 1263 3256 ait,
1287 3182 1391 3244 inillis
1410 3181 1534 3244 armillis

93 3345 98 3354 ,
203 3275 395 3338 observatum
434 3296 501 3339 0000
545 3276 650 3338 eodem
683 3273 731 3336 die
768 3274 815 3336 bis
847 3273 1082 3356 00001000010101
1134 3272 1205 3352 1000
1236 3271 1310 3334 0101)
1345 3270 1535 3359 instrumenti

202 3365 397 3428 transscribit
405 3385 413 3440 ;
438 3383 494 3446 ego
517 3363 620 3427 vitium
643 3383 680 3427 ex
702 3363 881 3426 refractione
906 3371 1001 3425 ortum
1017 3361 1159 3442 suspicor.
1197 3359 1273 3422 Esto
1288 3369 1407 3438 tamen;
1431 3362 1536 3423 obser-

204 3455 322 3516 vaverit
343 3473 397 3535 per
420 3454 599 3517 meridianas
622 3453 805 3516 altitudines.
850 3452 922 3515 Alia
944 3451 1073 3533 suspicio
1091 3470 1123 3512 se
1139 3467 1254 3512 sunuoa
1267 3451 1296 3511 vi
1311 3451 1402 3512 invito
1419 3449 1537 3530 ingerit,

204 3543 284 3624 qnod
315 3543 566 3624 aequinoctiomm
599 3549 750 3605 momenta
781 3541 994 3604 aPtolemaeo
1026 3540 1144 3622 prodita
1175 3541 1254 3602 intra
1277 3539 1456 3621 sesquidiem
1479 3560 1535 3602 non

201 3633 392 3697 consentiunt
431 3633 585 3713 analogiae
618 3631 848 3711 praeteritarum
881 3627 1089 3713 Hipparchi
1137 3636 1167 3690 et
1204 3629 1389 3716 sequentinm
1418 3630 1534 3692 Alba-

206 3721 324 3802 tegnii
348 3731 379 3783 et
399 3720 817 3795 Brahei‘observationum,
842 3739 916 3801 quae
940 3739 1041 3782 omnes
1064 3719 1093 3779 in
1116 3737 1205 3780 unam
1228 3719 1440 3798 aequalitatem
1463 3739 1537 3781 000-

200 3811 335 3892 spirant;
367 3811 433 3872 sola
465 3810 651 3873 Ptolemaios
681 3807 869 3891 aequinoctia
900 3809 1080 3872 exorbitant.
1135 3803 1221 3878 Quae
1252 3826 1301 3869 res
1333 3808 1432 3869 multis
1465 3826 1536 3887 per-

200 3899 383 3982 plexissimis
413 3899 449 3961 de
478 3899 564 3962 coelo
593 3897 779 3980 opinionibus
809 3900 994 3962 occasionem
1022 3897 1118 3972 dedit,
1149 3903 1304 3978 motusque
1320 3896 1536 3978 ¹trepidationis

202 3996 235 4050 et
261 3985 430 4050 librationis
459 3987 591 4070 peperit:
622 3987 672 4069 001
695 4007 796 4049 omnes
820 3995 1007 4062 evertuntur,
1030 3985 1230 4066 deprehenso,
1258 3986 1335 4066 qnod
1358 3992 1536 4047 consecutae

200 4077 407 4154 Ptolemaeum
430 4077 656 4140 observationes
679 4094 745 4138 cnm
766 4077 973 4139 vetustissima
986 4075 1148 4156 Hipparchi
1171 4075 1208 4136 ad
1233 4075 1445 4156 aequalitatem
1464 4094 1537 4136 con-

204 4175 322 4229 stanter
351 4167 549 4228 consentiurrt.
600 4167 713 4229 Tnetur
744 4183 776 4227 ae
799 4173 899 4227 tamen
922 4164 986 4246 ipse
1009 4163 1199 4226 Ptolemaeus
1223 4162 1444 4224 consociatione
1466 4181 1536 4224 ver-

201 4255 314 4318 nalium
337 4254 586 4337 aequinoctiorum
610 4273 676 4316 cnm
698 4253 927 4318 autumnalibus.
972 4253 1049 4316 Nam
1073 4252 1100 4315 01
1122 4251 1310 4314 instrumenti
1332 4251 1404 4313 vitio
1419 4251 1535 4313 aarum

202 4351 303 4420 esset,
336 4352 370 4406 00
400 4345 544 4426 postridie
574 4363 674 4406 vemm
698 4342 938 4423 pronunciaverit
960 4341 1193 4424 aequinoctium‚'
1210 4359 1274 4402 oum
1298 4338 1390 4418 pridie
1414 4339 1536 4417 luisset;

202 4434 375 4498 autumnale
416 4433 509 4514 pridie
552 4433 776 4514 pronunciatum
815 4432 937 4507 1010000,
973 4451 1038 4494 oum
1068 4429 1213 4512 postridie
1242 4437 1432 4507 competeret.
1487 4431 1538 4492 Ita

203 4530 305 4603 erepto
329 4522 419 4584 biduo
443 4540 481 4583 ex
507 4522 688 4603 longitudine
711 4521 848 4596 aestatis,
871 4539 980 4600 magna
1003 4521 1110 4582 fuisset
1132 4525 1235 4581 secuta
1249 4518 1375 4579 mutatio
1389 4518 1536 4580 00000001-

206 4611 308 4676 0100010
331 4609 423 4686 80110,
447 4630 534 4694 qnam
556 4619 654 4674 tamen
678 4611 821 4692 relinquit
841 4629 894 4692 per
915 4630 969 4674 sua
991 4609 1161 4681 observata,
1184 4613 1295 4688 quanta
1312 4605 1350 4670 ab
1366 4606 1536 4687 Hipparcho

206 4703 306 4763 100000
335 4700 465 4784 inperita.
512 4701 617 4781 ltaque
647 4698 1134 4782 01111000000,,00000001101000
1158 4693 1322 4757 Ptolemaei
1346 4695 1440 4758 secuti
1468 4714 1535 4759 cre-

204 4789 310 4853 damus
329 4789 413 4868 juste
437 4789 626 4852 observatum
648 4797 783 4868 tempus,
808 4778 875 4870 qno‘
888 4785 942 4851 801
966 4787 1103 4850 00001010
1126 4785 1240 4846 Arietis
1263 4783 1356 4846 initio.

294 4879 334 4943 11.
366 4877 462 4946 vaco
484 4879 639 4966 principio,
664 4886 695 4942 et
716 4877 891 4963 obliquitate
914 4877 1069 4965 eclipticae
1084 4893 1137 4960 per
1153 4871 1390 4938 observationem
1403 4873 1535 4952 inventa,
