3672 5538
642 302 703 358 ru·
722 301 813 360 uersa
851 297 934 372 caue
950 303 1039 360 xxvr
1451 297 1514 376 285

169 497 350 565 apogaeum,
374 501 409 546 eo
434 483 512 567 qnod
534 483 632 549 lineae
655 507 708 567 αχ,
731 481 789 566 ξψ,
803 507 849 547 ιω
872 486 1012 567 paralleli
1036 493 1114 548 eunt.
1160 485 1205 548 At
1228 485 1265 548 de
1287 485 1369 552 nullo
1393 485 1515 568 proprie
1550 547 1553 554 ,

168 571 306 652 usurpari
336 580 439 654 potest
469 593 529 636 vox
560 575 686 657 apogaei
715 569 924 657 praeterquam
948 577 985 638 de
1007 576 1121 658 primu,
1148 576 1251 656 puncti
1278 581 1319 650 θ,
1357 576 1427 657 quia
1450 577 1515 656 ejus

168 661 247 724 linea
270 661 408 742 apsidum
437 665 503 746 αβχ
529 682 583 744 per
605 664 703 744 ipsam
726 665 852 727 Terram
874 665 1006 741 ducitur,
1034 685 1110 748 quae
1133 666 1164 728 iu
1187 689 1206 728 α
1228 665 1426 747 positafuit,
1457 684 1516 729 nun

167 769 237 814 vero
260 750 290 812 in
312 749 330 824 ξ
352 752 400 813 vel
422 774 447 816 c.

253 841 368 904 Verum
391 842 509 923 quidem
533 848 588 912 est,
613 860 651 903 ex
673 865 694 904 α
716 845 811 906 Terra
834 844 903 924 ejici
923 863 1014 925 posse
1035 861 1090 925 per
1113 851 1217 906 centra
1238 845 1362 907 duorum
1380 833 1514 924 reliquo-

167 949 230 996 rum
264 931 496 994 eccentricorum
524 953 546 1009 φ
575 939 606 993 et
634 957 650 1002 ς
681 941 799 1009 rectas,
830 953 905 1016 quae
934 933 1071 996 dicautur
1099 933 1196 996 lineae
1226 934 1353 1014 apogaei
1375 933 1515 1013 proprie;

168 1039 243 1104 quae
267 1019 298 1082 in
322 1020 530 1084 antecedentia
553 1021 662 1083 cadent
685 1023 813 1103 apogaei
836 1043 898 1106 αχ;
922 1031 996 1105 puta
1018 1045 1066 1100 αφ
1087 1024 1118 1085 in
1141 1019 1202 1086 24⁰
1224 1029 1263 1098 ii,
1287 1046 1327 1093 ας
1350 1022 1380 1084 in
1407 1017 1465 1084 19⁰
1490 1026 1515 1097 ti

168 1111 297 1174 circiter.
342 1110 388 1172 At
409 1119 479 1172 tuuc
501 1109 559 1172 hae
583 1110 680 1172 lineae
704 1132 762 1177 non
782 1113 953 1176 transibunt
968 1132 1022 1194 per
1037 1114 1179 1193 cujusque
1198 1111 1356 1174 eccentrici
1374 1117 1516 1192 punctum

167 1199 361 1282 aequalitatis
384 1199 544 1279 proprium.
584 1202 689 1283 Itaque
713 1202 740 1264 ai
759 1203 825 1284 quis
849 1221 886 1263 ex
895 1202 1062 1265 Ptolemaei
1079 1201 1277 1264 sectatoribus
1296 1221 1355 1262 uon
1372 1201 1438 1262 vult
1451 1199 1518 1280 cpi-

168 1289 283 1370 cyclum
307 1289 424 1367 affigere
448 1289 614 1351 eccentrico
639 1289 668 1352 iu
691 1300 801 1370 puncto
824 1296 858 1366 θ,
884 1292 937 1354 sed
959 1292 1075 1353 mauult
1097 1310 1164 1353 enm
1182 1290 1309 1370 alligare
1328 1289 1358 1351 in
1374 1297 1518 1362 centres,

166 1381 193 1441 is
226 1384 353 1457 cogetur
381 1378 425 1440 uti
456 1377 571 1440 duabus
602 1379 692 1442 lineis
729 1380 881 1462 apsidum,
918 1381 1017 1442 altera
1039 1401 1091 1459 αφ
1113 1379 1289 1455 eccentrici,
1322 1379 1438 1460 reliqna
1468 1391 1520 1458 αψ

167 1466 347 1550 aequantia,
371 1475 403 1528 et
425 1467 700 1532 eccentricitatibus
724 1491 776 1548 αφ
800 1478 831 1532 et
853 1483 925 1548 αψ;
950 1470 1028 1552 quod
1041 1488 1140 1561 qnam
1164 1469 1205 1531 sit
1227 1469 1400 1533 intricatum
1423 1476 1454 1529 et
1469 1467 1518 1528 in-

166 1556 354 1621 commodum
370 1557 436 1630 (de
465 1556 651 1619 absurditate
680 1557 757 1620 enim
781 1566 831 1622 sat
853 1559 1035 1621 dictumt
987 1567 1035 1620 est
1058 1558 1156 1640 capite
1172 1553 1256 1639 VI.,)
1276 1557 1393 1638 J'udicet
1412 1557 1519 1638 hujus·
1557 1619 1558 1625 ,

168 1646 249 1709 modi
273 1645 392 1726 aliquis.

255 1735 351 1798 Idem
371 1734 445 1809 erit,
470 1734 496 1796 si
519 1735 586 1816 quis
609 1735 684 1798 velit
708 1737 799 1818 figere
823 1737 988 1819 epicyclum
1011 1736 1210 1799 eccentrico'
1202 1756 1231 1798 ιιι
1254 1744 1364 1816 puncto
1388 1758 1416 1810 o,
1440 1735 1521 1798 clrca

166 1825 246 1908 qnod
262 1822 415 1906 epicyclus
431 1823 598 1905 aequaliter
614 1825 752 1888 volvitur.
786 1827 864 1888 Nam
880 1834 950 1889 tunc
967 1825 1161 1901 eccentricns,
1177 1827 1315 1888 deferens
1330 1832 1471 1906 punctum
1491 1845 1519 1899 ο,

166 1913 293 1978 habebit
315 1914 374 1976 dno
398 1931 535 1994 apogaea
558 1921 589 1976 ct
612 1915 869 1992 eccentricitatcs3
894 1915 1021 1978 alterum
1044 1915 1139 1977 centri
1162 1914 1191 1975 in
1213 1914 1294 1976 linea
1317 1937 1368 1989 ας,
1393 1915 1519 1976 alteram

164 2002 270 2086 puncti
299 2001 493 2084 aequalitatis
521 2001 551 2064 in
579 2003 660 2066 linea
686 2027 745 2066 ao.
800 2005 912 2068 Restat
940 2006 1033 2085 igitur
1054 2005 1103 2066 vel
1125 2004 1292 2086 epicyclum
1315 2005 1346 2065 in
1361 2008 1394 2070 ..d
1415 2005 1518 2083 figere,

166 2093 215 2155 vel
239 2092 491 2167 eccentricurum,
520 2092 570 2174 qui
592 2099 704 2174 puncta
726 2113 742 2153 a
765 2101 797 2155 et
819 2112 835 2156 u
859 2095 1011 2169 deferunt,
1042 2113 1178 2176 apogaea
1206 2093 1368 2175 improprie
1392 2111 1518 2170 sumere,

166 2192 197 2246 et
219 2181 464 2245 eccentricitates
488 2189 662 2261 computare
686 2203 705 2244 a
725 2185 845 2262 punctis
867 2182 894 2258 ξ,
909 2205 940 2255 r,
963 2203 1023 2245 non
1046 2184 1084 2245 ab
1107 2208 1137 2258 α,
1161 2184 1272 2246 Terrae
1296 2182 1403 2244 indice.

253 2273 357 2353 Atque
390 2271 535 2333 hactenus
568 2271 665 2352 prima
696 2271 859 2336 delineatio
894 2274 952 2336 fuit
981 2273 1011 2336 in
1044 2273 1141 2335 ferma
1162 2271 1358 2335 Ptolemaica.
1411 2271 1521 2335 Altera

167 2367 273 2444 potest
295 2359 413 2423 institui
437 2359 491 2435 sic,
514 2368 548 2422 ut
563 2360 630 2422 loca
644 2361 755 2423 Terrae
773 2361 980 2443 Cuperuicana
1004 2367 1030 2436 δ,
1047 2385 1071 2436 a,
1090 2359 1115 2437 ζ,
1131 2384 1157 2439 η,
1181 2361 1348 2424 concedant
1366 2380 1425 2424 non
1443 2361 1473 2424 in
1489 2384 1520 2430 α,

169 2451 221 2514 sed
244 2451 278 2512 in
300 2474 325 2530 y,
350 2449 394 2511 sic
417 2456 450 2511 ut
472 2449 503 2512 in
525 2449 583 2511 hoc
607 2449 759 2512 schemate
783 2471 841 2512 nou
865 2477 894 2526 α,
919 2453 973 2514 sed
995 2475 1009 2533 p
1032 2451 1155 2514 denotet
1174 2453 1297 2515 Terram
1321 2449 1425 2512 mundi
1446 2469 1519 2514 cen-

167 2549 264 2603 trum:
297 2539 346 2620 nbi
380 2539 530 2621 epicyclus
561 2539 671 2615 etiam,
713 2549 745 2602 et
782 2539 876 2621 ipsius
907 2549 1083 2623 punctorum
1110 2545 1151 2614 c,
1169 2563 1198 2610 r,
1218 2563 1235 2602 o
1267 2547 1329 2601 tres
1362 2538 1521 2604 eccentrici

168 2631 226 2693 situ
252 2649 310 2691 suo
335 2628 549 2690 emerebantur
573 2629 702 2708 spatiolo
726 2653 765 2709 cy
766 2631 913 2712 ‚eritque
936 2651 1019 2693 mera
1034 2629 1287 2712 aequipollentia,
1311 2649 1398 2711 quam
1414 2649 1520 2712 super

168 2719 257 2781 sedeo
285 2717 411 2780 ulterius
434 2718 602 2796 explicare,
632 2737 669 2779 ne
693 2718 815 2781 nimium
837 2721 933 2782 lector
961 2721 1175 2795 confundatum
1208 2739 1278 2782 nam
1305 2719 1379 2781 haec
1403 2719 1521 2802 quidem

166 2809 281 2872 mentio
305 2813 421 2869 tautum
448 2807 482 2867 iit
468 2809 626 2887 tpropter
650 2808 761 2870 sciolos
784 2817 838 2871 aut
861 2809 1004 2872 curiosos.

252 2899 293 2960 In
322 2897 417 2958 torma
439 2895 657 2977 Tychonica
687 2897 771 2960 nulla
801 2917 880 2961 nova
909 2898 1107 2960 delineatione
1138 2914 1212 2977 opus
1236 2905 1292 2959 est
1334 2895 1521 2959 Brevissima

82 3027 85 3032 -
166 2987 312 3050 indicatio
342 2983 461 3046 sufficit.
507 2985 634 3048 Ponitur
665 2994 806 3066 punctum
837 2987 984 3050 affixionis
1008 2985 1168 3048 eccentrici
1189 2994 1317 3068 quatuor
1340 2984 1448 3046 sitibus
1472 2985 1520 3047 di-

166 3076 263 3140 versis
289 3077 321 3138 in
344 3077 412 3152 tp,
429 3095 458 3144 c,
474 3097 507 3148 a,
530 3082 564 3136 ut
586 3075 710 3155 planeta
733 3076 774 3137 sit
796 3077 828 3140 in
856 3103 875 3151 ι,
886 3100 912 3150 κ,
924 3079 950 3151 λ,
967 3101 997 3152 μ,
1035 3083 1066 3137 et
1098 3073 1237 3156 paralleli
1269 3077 1311 3147 ιλ,
1328 3094 1377 3151 ap,
1394 3075 1445 3148 lc,
1465 3063 1550 3150 μυ,’

166 3175 198 3228 et
218 3171 282 3228 ea.
331 3164 435 3244 Tycho
459 3161 550 3242 igitur
573 3183 638 3226 cum
662 3164 805 3238 dixisset,
829 3174 962 3227 centrum
985 3164 1090 3227 circuli
1112 3163 1225 3238 Martii,
1249 3181 1337 3244 quem
1359 3161 1424 3242 ipsc
1447 3162 1522 3228 facit

166 3256 285 3317 deferre
312 3253 460 3333 duplicem
483 3251 658 3336 epicyelnm,
681 3255 836 3317 circumire
859 3253 890 3316 in
908 3254 1096 3317 concentrico
1111 3251 1194 3314 Solis
1209 3251 1375 3334 aequaliter
1390 3250 1472 3314 circa
1489 3275 1520 3329 a,

168 3343 256 3426 idque
286 3344 319 3404 in
341 3342 507 3404 Ptolemaei
540 3343 687 3423 gratiam,
718 3343 774 3406 tuit
801 3364 862 3408 una
891 3362 957 3406 cnm
979 3342 1155 3407 Ptolemaeo
1187 3339 1408 3421 accepemus
1432 3360 1520 3404 ame

166 3439 325 3514 permotus
347 3438 433 3511 parte
455 3431 553 3510 prima
576 3451 641 3513 cap.
667 3433 721 3508 Vl,
745 3433 875 3495 utillud
899 3451 952 3494 seu
975 3431 1155 3502 concentrici
1179 3437 1314 3492 centrum
1337 3447 1389 3491 seu
1413 3448 1520 3493 eccen-

167 3522 236 3585 trici
268 3527 415 3602 punctum
443 3521 590 3583 ourionis
618 3521 718 3602 potins
749 3522 779 3584 in
802 3521 956 3603 ipsissimo
987 3529 1089 3584 centro
1118 3519 1253 3602 corporis
1275 3518 1394 3583 Solaris
1426 3539 1520 3602 quae-

167 3619 268 3688 reret3
301 3609 391 3690 idque
418 3609 585 3676 rationibus
607 3611 742 3692 physicis
765 3617 796 3673 et
819 3619 943 3673 ostensa
965 3610 1167 3692 possibilitate
1190 3609 1388 3691 geometrica,
1413 3609 1520 3692 quibus

168 3699 303 3763 accessit
333 3717 398 3779 cap.
423 3699 527 3763 XXII.
558 3707 589 3762 et
610 3701 733 3763 XXIII.
762 3699 895 3762 validum
926 3707 1153 3782 argumentum:
1182 3700 1260 3781 quod
1292 3696 1351 3760 nisi
1377 3698 1436 3761 hoe
1458 3702 1519 3770 liat,

167 3791 226 3853 etsi
245 3787 478 3852 observationes
496 3789 534 3850 ad
545 3789 674 3852 medium
682 3789 765 3853 Solis
780 3798 893 3853 motum
912 3789 1089 3865 referantur,
1110 3789 1474 3871 epicyclusPtolemaicns
1491 3799 1522 3853 et

168 3880 312 3941 deferens
342 3877 518 3948 Braheanus
545 3880 620 3941 fiant
646 3879 805 3942 eccentrici
836 3879 866 3942 in
886 3879 1004 3960 plagas
1033 3877 1250 3942 eccentricitati
1273 3877 1355 3940 Solis
1382 3879 1520 3960 praecise

169 3967 353 4032 contrarias.
403 3967 544 4030 Fortiore
573 3974 673 4030 antem
700 3975 732 4030 et
758 3987 796 4030 ex
818 3968 949 4050 propriis
972 3969 1085 4031 Brahei
1108 3967 1368 4030 observatIcnibus
1391 3968 1521 4031 deducta

170 4063 353 4139 argumenta
389 4055 547 4119 deserendi
579 4057 760 4121 concentrici
792 4058 875 4121 Solis
905 4057 1059 4138 pollicitus
1091 4077 1173 4134 snm,
1205 4065 1236 4119 et
1267 4057 1298 4118 in
1327 4057 1520 4138 sequentibus

170 4167 234 4229 cap.
260 4145 338 4220 LII,
370 4143 502 4207 LXVII.
525 4147 697 4226 producam.
742 4147 836 4228 Atqui
860 4147 924 4227 jam
948 4153 996 4208 est
1017 4147 1175 4228 probatum
1197 4147 1254 4210 hoc
1277 4146 1376 4227 capite
1397 4147 1520 4224 XXVI,

169 4235 226 4298 hoc
260 4241 399 4297 centrum
429 4237 609 4298 concentrici
638 4236 748 4300 Martis
781 4237 850 4310 (seu
881 4243 1036 4317 puuctum,
1069 4256 1169 4319 aquo
1192 4235 1289 4315 surgit
1311 4235 1520 4300 eccentricitas

170 4326 299 4399 Martis)
323 4343 384 4385 non
407 4322 533 4386 inveniri
562 4324 592 4388 in
616 4324 782 4388 eccentrico
810 4325 942 4406 aequali,
975 4343 1013 4387 ex
1039 4333 1187 4408 rpuucto
1217 4323 1408 4406 aequalitatis
1438 4325 1520 4389 Solis

172 4414 338 4496 descripto,
362 4412 442 4493 quod
463 4414 600 4477 Braheus
623 4433 690 4477 cum
712 4415 884 4478 auctoribus
906 4422 1080 4494 putaverat,
1111 4415 1165 4478 sed
1187 4413 1218 4476 iu
1241 4414 1408 4475 eccentrico
1432 4434 1470 4476 ex
1492 4414 1519 4492 ξ,

172 4504 251 4586 quod
274 4510 327 4565 est
348 4501 446 4565 medio
469 4503 535 4566 loco
558 4504 637 4566 inter
661 4526 681 4564 α
703 4509 734 4564 et
756 4523 781 4564 r.
827 4505 909 4584 Ergo
933 4504 960 4566 si
983 4514 1118 4568 centrum
1140 4503 1321 4566 concentrici
1343 4503 1521 4574 &circumit

172 4613 238 4656 curn
256 4592 343 4667 Sole,
365 4589 501 4654 circumit
520 4612 591 4655 veru
611 4593 642 4654 iu
659 4593 825 4655 eccentrico
839 4591 908 4666 ex}
925 4593 1087 4675 descripto,
1104 4593 1157 4658 Sol
1168 4592 1260 4672 igitur
1274 4591 1339 4672 ipse
1353 4592 1521 4658 circumibit
1607 4623 1614 4640 ·

172 4679 403 4745 ineccentrico
435 4699 474 4742 ex
499 4679 517 4755 ξ
542 4682 702 4764 descripto.
753 4682 798 4744 At
825 4689 925 4745 motus
955 4683 1019 4763 ejus
1044 4690 1093 4746 est
1113 4681 1260 4761 regularis
1283 4679 1364 4744 circa
1384 4701 1411 4744 a.
1456 4685 1519 4747 Ec-

173 4771 351 4834 centricitas
379 4768 473 4848 igitur
495 4771 577 4834 Solis
605 4793 649 4834 ατ
678 4771 842 4834 biseeanda
873 4779 922 4833 est
951 4771 981 4834 in
1004 4769 1030 4845 ξ.
1076 4773 1144 4836 Nou
1171 4776 1219 4832 est
1246 4769 1324 4832 enim
1345 4773 1518 4850 verisimile,

174 4869 276 4928 centro
308 4860 493 4924 concentrici
514 4859 626 4924 Martis
657 4867 689 4924 et
711 4860 795 4926 Sulis
822 4861 937 4945 pariter
959 4860 1225 4934 circumeuntibus,
1253 4861 1367 4944 pariter
1389 4864 1420 4926 in
1442 4883 1518 4952 apo-
