3582 5558
512 311 542 364 de
561 309 749 362 Commentariis
767 312 799 363 ds
816 315 884 364 motu
901 313 989 365 stellae
1006 315 1103 366 Martis.
1415 313 1478 381 115
1574 307 1578 332 ¹

120 485 259 560 sumsit,
285 485 421 570 ideoque
446 489 539 551 etiem
563 490 747 564 cavendum,
776 506 814 552 ne
838 490 868 552 in
891 490 943 552 ΕΕ
966 511 1153 556 numeremus
1182 501 1317 572 tempus,
1349 508 1422 554 sane
1446 501 1478 556 et

121 577 174 638 lsoc
196 575 291 639 esset
306 577 500 641 contrarium
520 578 686 642 verissimis
710 588 841 642 motuum
864 580 974 642 causis.
1020 579 1103 661 Ergo
1131 585 1248 663 qnando
1281 581 1406 662 planeta
1428 591 1478 644 est
1580 591 1583 601 ’

121 663 211 740 in0,
235 673 311 728 tune
335 685 395 747 ego
421 687 460 728 ex
481 667 511 730 D
534 687 635 732 verunt
660 669 725 749 ejus
753 670 849 732 locum
881 689 1067 750 nequaquam
1099 671 1262 752 investigo;
1293 671 1394 749 itaque
1418 691 1476 732 nou

122 755 326 838 necessarium
360 757 458 835 petis.
491 764 525 818 ut
552 757 608 818 hoc
636 766 666 818 ta
698 758 831 820 doceam.
870 756 1015 842 ¹Rursum
1045 767 1077 820 tu
1108 761 1197 834 dicis,
1226 760 1278 824 ΕΕ
1310 759 1476 838 simplicem

125 843 263 920 (voluisti
289 843 392 907 dicere
419 845 598 920 „mediam“,
623 866 711 927 quarn
736 845 845 910 Graeci
870 843 1217 926 dpalomsqoc'vocaut,
1245 849 1374 930 simplex
1397 850 1477 912 euim

124 943 221 996 motus
245 932 276 996 in
301 931 474 997 Prutenicis
496 935 547 997 ille
572 935 692 1010 dicitur,
718 935 767 1017 qui
791 944 839 999 est
861 957 879 998 a
900 938 996 1016 prima
1018 935 1063 1014 Υ,
1092 939 1138 1000 cui
1171 938 1290 1000 ablatus
1314 948 1362 999 est
1384 957 1475 1017 prae·

122 1023 269 1086 cadente
290 1025 416 1099 motus),
441 1023 517 1086 dicis
537 1024 628 1104 igitur
642 1025 695 1088 FE
718 1026 846 1088 mediam
870 1035 901 1088 et
924 1027 962 1088 ad
986 1046 1054 1090 eam
1076 1027 1285 1088 accommodas
1304 1026 1360 1088 ΕΙ)
1382 1036 1474 1102 recte,
1500 1079 1504 1088 .

126 1112 179 1174 sed
201 1111 284 1174 hauc
309 1120 343 1175 tu
366 1113 496 1176 mediam
520 1113 603 1187 dicis,
628 1124 703 1194 puta
725 1116 909 1196 quantitate,
933 1123 966 1176 et
987 1124 1077 1196 putas
1102 1116 1282 1184 emebant,
1306 1133 1394 1195 quam
1419 1135 1475 1196 ego

125 1200 192 1266 dico
215 1203 363 1277 eccentri,
388 1203 471 1282 cujus
493 1202 579 1266 ΒΑΕ
601 1213 777 1284 coaequata.
824 1206 859 1268 In
889 1205 937 1266 his
966 1205 1167 1267 confunderis.
1214 1204 1363 1284 Repetam
1386 1205 1474 1278 enim,

124 1290 203 1370 quod
228 1309 267 1352 ex
291 1290 493 1372 superioribus
517 1291 582 1373 ipss
605 1294 765 1372 potuisses.
813 1293 896 1356 Data
925 1295 1078 1358 anomalia·
1103 1294 1233 1356 eccentri
1262 1293 1389 1372 elliptici
1408 1290 1478 1368 FD,

122 1379 209 1459 ouius
233 1398 344 1442 nomen
368 1379 467 1442 estin
489 1381 542 1444 FE
565 1400 637 1444 arou
659 1383 770 1452 circuli,
795 1383 852 1446 erit
875 1402 947 1444 area
963 1383 1047 1446 ΕΑΕ
1061 1383 1201 1446 mensure
1216 1382 1383 1445 anomaliae
1407 1401 1473 1444 me-

121 1468 199 1530 diae
222 1477 257 1530 et
290 1471 418 1550 angulus
441 1469 527 1532 ΒΑΕ
552 1472 611 1531 erit
637 1481 813 1551 coaequata.
858 1471 972 1534 Datum
994 1491 1065 1552 ergo
1098 1481 1226 1552 tempus,
1257 1472 1411 1533 redactum
1443 1472 1473 1533 in

120 1557 306 1620 anomaliam
336 1558 482 1632 mediam,
517 1562 717 1639 quaerendum
751 1570 799 1624 est
826 1561 855 1621 iu
885 1581 955 1624 area
985 1561 1112 1642 perlecti
1141 1560 1262 1622 circuli:
1297 1559 1375 1641 qnod
1403 1563 1474 1640 quia

119 1646 307 1726 geometriae
331 1647 448 1728 nequit,
479 1648 656 1713 tabulariter
684 1649 774 1730 igitur
803 1651 981 1713 laciendum.
1027 1651 1106 1713 Nam
1140 1650 1262 1712 tabulae
1287 1649 1375 1710 facile
1399 1669 1473 1710 oou-
1520 1671 1523 1677 ·

120 1743 280 1799 smuuutue
303 1735 342 1798 ad
365 1735 500 1815 singulos
524 1737 634 1816 gradus
658 1739 825 1802 anomaliae
849 1739 980 1802 eccentri
1004 1737 1055 1800 ΕΕ
1080 1739 1144 1811 (vel
1167 1738 1246 1812 ΕΒ).
1293 1737 1374 1816 Ergo
1399 1739 1471 1800 dato

120 1833 258 1905 tempore
283 1843 338 1886 seu
361 1825 511 1887 anomalia
533 1827 639 1903 media,
665 1829 690 1889 si
715 1829 835 1906 tabulae
864 1829 964 1890 factae
988 1847 1045 1889 non
1071 1836 1154 1902 snut,
1185 1825 1401 1905 conjiciendum
1426 1835 1474 1888 est

119 1912 156 1975 de
182 1931 257 1976 arcu
271 1911 336 1987 FE,
357 1915 443 1994 cujus
467 1915 550 1978 sinus
571 1913 625 1978 EG
641 1917 858 1998 multiplicatus
881 1918 910 1978 in
925 1915 1223 1994 valoremtriaugnli
1245 1915 1369 1976 ‘maximi
1382 1910 1473 1978 ΒΘΑ

119 2003 253 2082 abjectis
277 2003 390 2066 ultimis
414 2005 547 2067 ostendit
576 2006 706 2070 valorem
729 2010 765 2075 Δ
788 2005 888 2078 ΒΕΑ,
918 2025 975 2087 quo
1003 2007 1123 2067 excedit
1153 2004 1272 2084 planum
1296 2003 1379 2065 Fan
1403 2023 1473 2066 sec·

118 2103 216 2154 terem
248 2092 339 2155 ΕΒΕ.
390 2092 500 2171 Igitur,
532 2093 602 2174 qula
632 2104 732 2158 sector
760 2095 841 2157 FBE
868 2106 900 2157 et
926 2113 1014 2157 arcus
1042 2093 1094 2156 FB
1122 2093 1327 2172 exprimuntur
1355 2093 1383 2152 iu
1415 2094 1471 2155 hac
1574 2128 1577 2137 =

115 2181 294 2261 pragmatius
317 2181 447 2244 numeris
475 2181 599 2258 iisdem,
628 2183 749 2246 additur
772 2203 842 2262 ergo
866 2185 914 2246 hic
938 2186 1077 2246 inventus
1107 2183 1192 2244 valor
1220 2181 1362 2260 trianguli
1384 2179 1471 2244 ΒΕΑ

116 2271 155 2332 ad
178 2270 235 2332 ΕΕ
259 2287 362 2333 arcum
386 2269 458 2342 (hoc
480 2281 529 2334 est
551 2273 590 2334 ad
613 2283 759 2336 sectorem
774 2271 879 2348 ΓΒΕ),
905 2283 938 2336 ut
960 2273 1109 2336 habeatur
1133 2291 1204 2334 area
1227 2269 1319 2344 ΕΑΕ,
1336 2272 1419 2349 'quae
1444 2272 1470 2334 ei

115 2369 231 2440 aequat
252 2361 359 2421 datam
383 2363 453 2438 (per
474 2363 608 2440 tempus)
633 2361 812 2424 anomaliam
844 2371 1054 2442 coaequatam,
1088 2372 1159 2422 tuuc
1183 2361 1259 2420 bene
1287 2359 1469 2438 conjecimus

115 2447 168 2510 ΕΕ
192 2448 328 2511 εοοιιιιῑιί
348 2448 537 2514 anomaliam.
575 2450 673 2531 Igitur
694 2452 818 2512 inventa
832 2451 961 2514 eccentri
978 2449 1129 2512 anomalia
1142 2449 1197 2511 FD
1211 2448 1337 2526 vel-ejus
1352 2449 1469 2508 nornine

113 2537 175 2606 ΕΕ,
195 2538 265 2618 jam
290 2537 406 2600 duabus
430 2538 486 2600 viis
508 2541 681 2620 pervenitur
704 2541 742 2602 ad
765 2541 862 2614 linem,
886 2541 935 2601 vel
953 2540 1087 2620 perED,
1113 2557 1189 2620 quae
1214 2537 1342 2598 habetur·
1364 2536 1469 2598 multi-

111 2623 228 2704 plicato
251 2624 308 2704 DQ
331 2626 362 2688 iu
385 2626 574 2690 latitudinem
607 2629 726 2691 lunulae
748 2623 824 2704 432,
848 2631 897 2691 vel
920 2630 1025 2690 melius
1057 2627 1110 2707 per
1132 2627 1212 2701 DA,
1237 2643 1313 2706 quae
1342 2625 1470 2687 habetur

112 2715 319 2796 multiplicato
333 2714 388 2777 CB
412 2715 478 2778 sinu
501 2718 709 2798 complemeuti
722 2717 777 2780 EF
794 2718 824 2780 iu
839 2718 897 2780 BA
920 2718 1187 2790 eccentricitatem,
1212 2723 1244 2776 et
1268 2715 1346 2793 quod
1369 2715 1471 2794 prodit

110 2805 261 2885 (abjectis
287 2802 306 2867 5
331 2803 460 2879 ultimis)
483 2807 585 2868 addito
609 2808 648 2869 ad
671 2807 797 2868 radium.
844 2807 901 2869 Illo
925 2807 1012 2874 ruodo
1040 2825 1094 2886 per
1117 2804 1183 2878 DC,
1209 2804 1266 2867 GA
1288 2811 1388 2878 notas,
1413 2805 1469 2864 hoc

110 2895 202 2956 modo
227 2911 285 2976 per
310 2893 374 2968 DA,
399 2891 456 2957 Ao
481 2902 569 2958 notas
593 2895 747 2976 quaeritur
768 2902 936 2978 coaequata
957 2895 1054 2959 DAO.

200 2997 418 3072 Quaesistis,
443 3000 847 3068 curareamGBAquO
871 3003 1064 3082 multiplicem
1090 3009 1121 3062 et
1144 3019 1202 3062 non
1227 2999 1255 3060 iu
1278 2997 1359 3063 Dc?
1396 2996 1468 3060 Dixi
1525 3031 1529 3040 ·

104 3109 204 3170 supra
226 3108 365 3151 eausam.
411 3089 490 3152 Nam
514 3098 546 3151 et
559 3091 649 3155 BAG
662 3093 840 3154 terminatur
863 3093 902 3154 ad
925 3091 1027 3153 circuli
1050 3111 1108 3151 non
1133 3090 1171 3151 ad
1195 3088 1312 3167 ellipsis
1335 3088 1466 3149 circum-

103 3179 283 3241 ferentiam.
330 3178 410 3240 Nam
444 3196 515 3239 area
538 3179 653 3261 ellipsis
686 3199 744 3242 non
774 3181 898 3242 metitur
914 3181 1130 3242 distantiarum
1164 3195 1308 3238 summam
1340 3177 1372 3238 iu
1397 3193 1466 3236 arcu

99 3267 247 3348 ellipsis,
281 3273 316 3330 ut
338 3286 392 3328 uec
417 3287 488 3329 area
511 3267 613 3331 circuli
636 3269 758 3331 metitur
781 3289 927 3332 summam
951 3268 1162 3330 distantiarum
1194 3267 1319 3327 luascu
1353 3263 1464 3326 circuli.

97 3358 151 3420 At
173 3357 262 3420 boue
286 3351 416 3437 quadarn
439 3355 559 3422 iortuua
581 3359 765 3438 geometrica
786 3359 835 3434 fit,
867 3366 902 3420 ut
925 3378 998 3420 area
1021 3357 1122 3420 circuli
1153 3355 1295 3418 metiatur·
1319 3373 1465 3416 summam

96 3447 328 3508 distantiarum
359 3445 387 3506 in
420 3465 490 3508 arcu
525 3447 649 3526 ellipsis.
708 3446 801 3528 Cujus
834 3448 877 3509 rei
910 3446 1123 3527 contemplatio
1156 3445 1291 3524 prosecta
1325 3442 1402 3509 mira
1434 3452 1465 3504 et

90 3534 330 3615 jucundissima
353 3532 409 3596 est.
455 3535 559 3598 Habes
583 3555 653 3616 ergo
677 3555 798 3599 causam
821 3537 1047 3617 triplicationis,
1079 3535 1139 3596 tria
1162 3533 1239 3594 enirn
1264 3539 1463 3612 quaeruntur:

98 3623 136 3698 l)
161 3623 299 3706 physica
323 3623 502 3698 retardatio,
535 3623 572 3700 2)
597 3625 742 3690 distantia
764 3627 905 3706 planetae
935 3647 953 3686 a
977 3625 1047 3687 Sole
1073 3623 1134 3700 (vel
1158 3617 1187 3684 D
1211 3623 1248 3684 ab
1273 3622 1328 3685 ΕΑ
1353 3629 1383 3682 et
1411 3639 1465 3702 per

97 3713 184 3778 hanc
212 3713 293 3787 illa),
319 3709 355 3787 3)
379 3712 481 3792 optica
511 3714 677 3778 imminutio
708 3717 808 3778 arcus.
855 3715 928 3778 Tria
960 3716 1034 3776 haec
1065 3713 1108 3776 sic
1133 3711 1310 3792 suppeditat
1343 3719 1468 3775 natura..
1574 3755 1576 3760 ·

97 3803 187 3865 Nam
221 3811 258 3864 et
279 3801 334 3864 Sol
356 3811 440 3864 rotat
470 3803 623 3884 planetam
647 3812 679 3865 et
710 3804 834 3885 planeta
865 3805 994 3866 adnatet
1016 3805 1054 3870 ad
1079 3802 1181 3864 Solem
1214 3809 1246 3862 et
1276 3801 1378 3880 auguli
1412 3801 1463 3864 alii

98 3901 178 3954 sunt
204 3892 245 3953 ad
271 3899 406 3952 centrum
430 3892 598 3968 eccentrici,
624 3893 675 3954 alii
699 3893 738 3953 ad
761 3891 873 3955 Solem.
919 3894 1014 3953 Verte
1039 3899 1069 3953 te
1092 3892 1122 3952 iu
1148 3907 1250 3968 omues
1274 3890 1402 3961 formas,
1426 3909 1463 3950 ex

99 3981 205 4044 tribus
216 3999 309 4043 unum
319 3999 375 4041 nou
391 3980 512 4044 efficies.
536 3981 638 4044 Etiam
647 3983 840 4045 Ptolemaeus
854 3982 954 4062 plnres
970 3981 1159 4062 operationes
1169 3979 1315 4061 postulat.
1340 3978 1462 4040 Miraris

99 4088 225 4134 rursum
248 4077 283 4130 nt
296 4069 327 4132 iu
341 4069 447 4146 literis,
463 4079 659 4151 coaequatam
672 4071 765 4134 statui
779 4073 818 4134 ad
832 4079 974 4152 puuctum
986 4069 1026 4144 D,
1042 4071 1166 4150 planeta
1182 4069 1221 4130 ibi
1235 4087 1294 4128 uon
1310 4075 1461 4140 versante,

102 4161 157 4220 sed
194 4161 224 4222 in
259 4156 298 4222 0.
330 4157 435 4238 Nego:
467 4159 508 4221 ibi
531 4169 699 4241 coaequata
729 4160 906 4224 terminatur
938 4161 987 4222 ubi
1017 4170 1065 4223 est
1096 4159 1228 4238 planeta.
1276 4156 1355 4217 Nam
1378 4153 1461 4216 inO

104 4253 171 4324 (ng.
192 4254 242 4319 et)
267 4247 425 4330 planetam
457 4249 543 4327 posui
571 4257 626 4330 ptr
656 4249 820 4324 fictionem,
855 4268 912 4310 non
944 4250 1089 4311 calculum
1114 4245 1269 4327 explicans
1298 4244 1351 4306 sed
1380 4243 1460 4305 aliud

107 4337 269 4420 quippiam.
308 4337 418 4417 ltaque
436 4337 496 4400 DA
519 4345 567 4399 est
589 4338 743 4414 distantia,
767 4358 824 4400 nou
848 4335 915 4414 OA,
942 4337 1087 4420 siquidem
1111 4337 1195 4399 DAF
1219 4335 1260 4396 sit
1282 4339 1458 4412 coaequata.

195 4455 384 4508 Fabricius:
406 4452 446 4502 Ex
464 4452 557 4504 essculo
576 4453 670 4520 colligis
687 4454 786 4521 quidem
803 4455 904 4506 taudem
922 4469 1004 4506 reram
1022 4451 1251 4518 prostluaphaereain
1265 4455 1291 4498 et
1307 4447 1459 4504 distantiam,

109 4525 179 4594 iden
193 4528 391 4581 manaseas
411 4524 506 4586 postue.
523 4539 596 4589 quam
614 4528 777 4591 geomstdm
800 4517 913 4580 debebas
935 4527 1001 4576 euim
1023 4526 1049 4575 in
1066 4524 1147 4589 figure
1164 4522 1314 4588 geometrice
1331 4519 1378 4569 hoc
1396 4519 1460 4583 quod

109 4599 205 4654 w
221 4615 268 4668 per
285 4600 372 4652 tasas
393 4601 423 4646 et
440 4594 564 4661 triangula
581 4597 718 4648 ostendere.
744 4599 832 4663 Agitur
849 4597 890 4648 hio
908 4613 957 4648 uon
973 4597 1004 4648 de
1023 4597 1105 4645 valore
1124 4607 1206 4650 meae,
1225 4592 1270 4642 ssd
1287 4591 1318 4641 de
1337 4589 1460 4640 distantiis

110 4678 131 4720 tt
144 4673 211 4730 lis&
226 4666 461 4744 geometricis
479 4666 516 4716 vel
532 4669 665 4732 optisis.

175 4775 399 4860 Ksplerus:
425 4763 567 4828 Irasceris
585 4767 683 4829 valeri
699 4787 805 4840 ,areae
829 4785 893 4830 cum
923 4767 1030 4846 agatur
1045 4765 1080 4826 de
1105 4761 1202 4835 lineis,
1226 4779 1316 4824 caeco
1340 4761 1459 4843 quidem
1476 4747 1505 4763 ”

95 4867 203 4958 lapsu
241 4865 339 4934 Nam
366 4861 406 4918 et
430 4869 502 4914 area
518 4855 730 4935 geometricum
744 4856 814 4942 quid
838 4864 895 4918 est.
930 4841 1017 4928 Quo'd
1040 4871 1111 4914 vero
1127 4851 1290 4914 astronomi
1314 4849 1457 4918 hactenus

1202 4955 1220 5006 8
1231 4960 1253 4990 ,.
