3680 5538
359 285 425 355 408
834 283 1218 338 mammaeam

361 467 463 532 circuli
486 465 555 542 ΑΚ,
578 465 667 528 datur
689 485 761 526 area
782 465 886 538 ΑΗΚ,
910 478 1010 528 sector
1031 487 1120 530 arcus
1141 465 1215 538 AR,
1240 485 1339 546 aquo
1361 483 1434 528 arcu
1455 473 1487 526 et
1509 475 1697 530 mensuratur

361 567 461 619 sector
482 557 540 618 iste
563 555 593 617 in
621 575 659 616 ea
687 574 845 628 mensura,
878 557 908 618 in
935 576 993 636 qua
1022 567 1087 618 tota
1117 555 1221 618 circuli
1253 574 1325 616 area
1356 565 1404 616 est
1426 551 1518 618 360⁹.
1564 557 1607 618 Et
1628 558 1699 635 quia

360 647 450 708 datur
473 665 561 707 arcus
582 645 652 720 ΔΚ,
684 645 773 705 datur
796 655 827 705 et
856 645 940 707 sinus
963 645 1029 708 KL.
1074 647 1118 709 Ut
1139 665 1210 705 reru
1233 644 1290 704 xl,
1317 645 1356 704 ad
1379 645 1439 706 ΕΗ
1464 645 1562 706 sinum
1591 655 1698 722 tutum,

310 791 315 802 ,
361 735 405 796 sic
427 735 516 798 HKN
549 753 620 794 area
647 735 685 794 ad
708 733 794 796 flEn'
825 753 943 808 aream,
973 745 1008 796 ut
1036 735 1273 796 demonstratum
1295 752 1361 814 cap.
1384 732 1452 794 XL.
1498 732 1576 796 Cum
1606 735 1698 813 igitur

265 877 272 886 .
361 825 448 886 detur
463 825 520 886 tlh·
544 823 767 898 eccentricitas,
791 823 942 885 dimidium
966 825 1029 902 ejus
1053 825 1081 884 in
1096 824 1153 886 ΗΕ
1174 823 1295 884 ductum
1317 823 1467 884 describet
1484 843 1587 886 aream
1599 825 1696 898 BEN,

360 914 444 994 cujus
477 914 562 974 valor
584 913 676 974 semel
709 911 814 974 atatim
838 913 922 974 initio
946 913 1122 994 inquiritur,
1151 921 1186 974 ut
1208 913 1337 983 sciatur,
1364 912 1481 974 situla
1502 933 1575 976 area
1595 912 1697 976 circuli

360 1004 462 1064 valeat
484 1013 601 1083 tempus
624 998 716 1076 360⁰,
739 1003 807 1082 quid
832 1002 905 1062 haec
933 1003 1035 1063 raleat
1064 1002 1176 1064 areola.
1222 1000 1323 1062 Semel
1350 1002 1452 1080 itaque
1482 1003 1603 1081 cognita
1625 1023 1696 1064 area

357 1091 453 1166 BEN,
477 1091 651 1153 facillimum
666 1103 714 1152 est
735 1091 882 1170 inquirere
905 1111 960 1172 per
981 1092 1116 1171 regulam
1137 1089 1362 1171 proportionum
1385 1110 1487 1153 aream
1509 1091 1608 1152 HKN.
1654 1092 1697 1154 Ut

253 1213 259 1228 ·
357 1181 436 1241 enirn
457 1181 514 1242 ΕΗ
539 1181 577 1242 ad
596 1180 662 1252 KL,
686 1180 729 1241 sic
748 1180 834 1242 ΚΕΗ
859 1181 896 1240 ad
912 1181 1001 1242 NKH
1024 1200 1135 1254 aream,
1160 1181 1224 1242 sive
1247 1180 1312 1259 ejus
1335 1180 1468 1242 valorem
1490 1181 1520 1242 in
1544 1180 1695 1260 gradihus,

357 1269 477 1332 minutis
501 1277 533 1330 et
555 1271 712 1342 secundis;
737 1289 812 1348 quae
836 1270 940 1330 addita
962 1271 1002 1330 ad
1025 1270 1156 1332 valorem
1180 1269 1269 1330 KHA
1293 1271 1478 1331 constituunt
1497 1269 1587 1331 ΚΝΑ
1609 1291 1695 1334 rnen-

357 1377 456 1420 suram
487 1359 648 1437 temporis,
682 1359 758 1436 quod
788 1359 912 1437 planeta
943 1359 1062 1422 conficit
1089 1361 1118 1421 iu
1142 1359 1214 1422 AM.
1232 1351 1291 1430 ¹⁰⁰)
1336 1359 1420 1420 Haec
1448 1358 1539 1438 igitur
1566 1369 1616 1422 eat
1637 1380 1699 1422 uua

355 1467 424 1527 pars
453 1449 655 1527 aequatiunis‚
688 1467 775 1527 qnam
803 1447 869 1508 dicu
893 1451 942 1520 (a)
970 1448 1139 1529 physicam,
1172 1467 1214 1510 sc.
1244 1467 1315 1508 area
1344 1448 1454 1521 Alta]
1487 1447 1545 1510 etsi
1575 1451 1694 1512 tabulae

355 1537 399 1598 sic
423 1537 553 1606 adorno,
585 1545 617 1598 ut
643 1537 830 1615 aequatiouis
861 1538 1009 1599 mentione
1035 1539 1156 1599 nonsit
1184 1555 1275 1616 opus,
1309 1557 1364 1598 uec
1386 1547 1529 1616 separata
1557 1539 1695 1602 columna

354 1627 405 1698 sit,
430 1645 505 1706 qnae
528 1637 645 1708 partem
670 1627 856 1705 aequationis
880 1628 929 1699 (b)
954 1627 1124 1706 opticam,
1149 1627 1264 1698 idest,
1290 1625 1429 1704 angulum
1450 1628 1541 1690 Mffl
1563 1629 1694 1690 exhibet

353 1714 429 1776 Mihi
452 1715 548 1794 magis
572 1715 735 1776 familiares
759 1725 846 1777 eruut
873 1717 991 1777 termini
1016 1715 1181 1777 anomaliae
1204 1715 1336 1786 mediae,
1363 1716 1530 1778 anomaliae
1552 1719 1694 1792 eccentri,

353 1803 521 1864 anomaliae
545 1815 737 1884 coaequatae.
776 1806 823 1876 (cl
845 1805 1043 1867 Anumalia
1064 1805 1182 1866 media
1205 1813 1254 1866 est
1276 1813 1392 1883 tempus
1415 1805 1576 1868 artificiose
1599 1809 1694 1868 deuo-

353 1893 495 1955 minatum
526 1893 646 1973 ejusque
677 1912 814 1954 mensura
837 1913 908 1954 area
929 1893 1028 1954 ARN.
1075 1895 1125 1968 (d)
1148 1894 1342 1956 Auumalia
1372 1896 1536 1957 eccentri
1565 1908 1613 1958 est
1635 1897 1694 1959 iter

351 1983 492 2062 planetae
516 1981 553 2042 ab
578 2001 729 2060 apogaeo,
756 2001 843 2043 arcus
867 2004 908 2044 sc.
932 1983 997 2044 ΑΜ
1020 1982 1177 2062 ellipseos,
1207 1983 1328 2062 ejusque
1352 1983 1576 2058 denominatur,
1606 2005 1695 2046 arcus

352 2071 421 2133 ΑΚ.
467 2073 514 2144 (e)
537 2069 742 2132 Anomalia
771 2083 972 2152 coaequata
1007 2082 1056 2132 est
1087 2074 1264 2151 apparentia
1290 2092 1378 2134 arcus
1402 2073 1461 2133 ΑΚ
1484 2076 1570 2152 quasi
1593 2094 1630 2136 ex
1653 2075 1693 2150 N,

353 2160 468 2221 scilicet
491 2161 617 2240 angulus
641 2160 730 2222 ANK
753 2165 788 2230 (v.
807 2184 828 2217 n.
846 2183 904 2234 pag.
925 2167 997 2228 122).

439 2249 536 2327 Igitur
566 2251 692 2327 angulus
725 2249 893 2310 anomaliae
925 2259 1108 2330 coaequatae
1139 2249 1183 2310 sic
1214 2247 1350 2310 habetur.
1396 2253 1487 2314 Dato
1516 2273 1596 2316 arra
1619 2255 1689 2326 ΑΚ,

353 2337 450 2400 datur
472 2339 562 2400 eluar
584 2336 795 2421 complemeoti
816 2337 880 2399 ffl.
932 2338 972 2400 Ut
995 2346 1098 2401 autem
1124 2345 1205 2400 totae
1227 2337 1272 2398 ud
1294 2339 1365 2408 LH,
1387 2345 1434 2405 ete
1455 2351 1520 2406 tata
1543 2347 1694 2409 eccerntn'.

353 2429 433 2490 co'taa
455 2426 499 2489 ad
515 2429 693 2510 portionem
715 2426 895 2490 addendam
916 2427 964 2488 ad
987 2424 1114 2489 100000
1138 2426 1203 2506 (uel
1225 2428 1313 2507 infra
1336 2425 1396 2492 90⁰
1416 2431 1690 2512 euhtrultenclam),

350 2515 561 2580 atteteritur
580 2517 718 2596 pecuina
740 2516 895 2578 aracaio
918 2515 1037 2580 Martia
1058 2537 1079 2578 a
1102 2515 1186 2582 Sole,
1209 2517 1328 2580 scilicet
1349 2520 1421 2582 ΝΜ.
1467 2522 1510 2584 In
1530 2524 1691 2605 triumpnlo

351 2605 451 2686 lpitur
473 2603 560 2664 ΜΒΝ
585 2603 719 2688 ampulat
741 2605 785 2668 ad
808 2604 834 2664 L
855 2615 959 2668 rectae
981 2613 1040 2679 ert,
1064 2613 1094 2666 et
1115 2607 1177 2666 Mhi
1201 2605 1294 2679 datm
1325 2615 1354 2670 et
1383 2609 1438 2672 Lu·
1462 2632 1580 2694 qnoque
1602 2615 1690 2679 data

354 2693 558 2775 cmnpomtar
587 2693 672 2756 entim
700 2713 740 2756 ea
766 2693 824 2756 LH
850 2695 922 2756 mou
954 2692 1168 2775 emnptemaoi
1193 2695 1253 2758 ΑΚ
1284 2697 1455 2762 diewutiae
1483 2703 1522 2763 ab
1551 2723 1690 2786 apopaen

350 2803 405 2845 reu
427 2780 607 2846 anomaliae
635 2783 783 2856 reamari,
807 2791 837 2846 et
858 2804 898 2845 ec
920 2785 977 2844 HN
1001 2785 1236 2848 eremitarum.
1281 2784 1379 2867 Intra
1401 2785 1461 2852 90ο
1485 2811 1544 2871 pro
1566 2813 1693 2858 cunm

350 2871 416 2946 LH,
440 2872 497 2933 HN
521 2873 676 2934 eunwadu
698 2879 744 2935 ert
765 2893 875 2934 euram
901 2871 964 2954 diff
994 2875 1093 2946 maia,
1124 2881 1153 2934 et
1180 2894 1241 2955 pru
1263 2875 1483 2958 complemento
1511 2881 1695 2946 ammline

349 2961 498 3034 edomari,
537 2981 681 3022 carcerae
716 2963 791 3046 qur.
842 2961 917 3022 Non
952 2893 1059 3024 {etit
1088 2962 1187 3043 ipitur
1221 2963 1357 3044 ampulat
1386 2966 1476 3034 [ΝΜ
1512 2971 1694 3034 anomaliae

350 3057 548 3131 coaequatae.
565 3044 622 3122 ¹⁰¹)
668 3051 725 3110 Hic
749 3045 837 3112 facile
870 3051 965 3130 quivis
999 3050 1129 3130 colligit,
1164 3052 1234 3130 quid
1256 3052 1285 3113 in
1310 3055 1406 3117 alteru
1438 3058 1622 3121 semicirculo
1652 3061 1694 3122 sit

349 3139 532 3200 mutandum.
579 3138 743 3208 Vicissim,
779 3140 853 3200 data
884 3140 1106 3201 eccentricitate
1140 3147 1171 3200 et
1199 3151 1377 3222 coaequata,
1417 3145 1505 3208 datur
1541 3151 1693 3212 anomalia

350 3227 500 3289 eccentri:
526 3228 615 3308 paulo
640 3227 758 3306 quidem
781 3227 967 3302 laboriosius,
992 3229 1055 3289 sive
1079 3230 1313 3292 demonstrative
1334 3235 1530 3313 procedamus
1553 3237 1616 3300 sive
1638 3257 1692 3319 per
1739 3293 1742 3298 .

350 3317 495 3397 analysin.
544 3316 789 3379 Demonstrative
812 3317 870 3379 hac
893 3317 1033 3378 methodo
1056 3317 1233 3395 investigari
1255 3330 1368 3399 potest,
1391 3323 1508 3385 scilicet
1528 3343 1583 3405 per
1606 3346 1690 3388 meu-

350 3424 450 3466 suram
473 3405 583 3484 auguli,
608 3424 665 3486 quo
681 3407 789 3486 angulo
813 3405 886 3478 ΚΜ,
909 3406 1063 3484 ingressus
1085 3405 1226 3485 planetae
1250 3429 1268 3468 a
1290 3408 1318 3468 K
1343 3413 1475 3492 quolibet
1496 3421 1605 3493 puncto
1628 3417 1690 3478 cir-

350 3493 419 3564 culi,
443 3493 527 3573 quasi
552 3512 589 3554 ex
612 3502 713 3556 centro
738 3494 818 3557 Solis
841 3495 870 3557 N
900 3505 1063 3572 spectatur.
1110 3493 1240 3557 Constat
1262 3516 1299 3558 ea
1325 3501 1485 3564 methodus
1514 3521 1552 3564 ex
1574 3505 1691 3586 aliquot

350 3582 648 3664 protheorematibuu.
1635 3654 1641 3671 ‚

440 3669 464 3732 l.
510 3670 654 3733 Lineulae
685 3672 838 3751 ingressus
867 3671 1007 3751 planetae
1035 3673 1073 3733 ad
1107 3672 1281 3736 diametrum
1315 3677 1451 3757 apsidum
1491 3691 1630 3744 crescunt
1661 3681 1690 3745 iu

275 3801 286 3816 .
351 3759 542 3840 proportione
567 3759 681 3823 sinuum
705 3759 870 3822 anomaliae
894 3759 1034 3821 eccentri.

445 3849 485 3912 Ut
507 3850 590 3911 enim
611 3849 668 3912 ΕΗ
691 3850 735 3912 ad
757 3849 824 3923 KL,
847 3849 894 3911 tic
915 3849 968 3910 ΕΒ
992 3849 1037 3913 ad
1058 3849 1131 3912 ΚΜ.
1177 3851 1350 3935 Receprmn
1376 3866 1422 3922 err
1447 3879 1515 3944 cap.
1538 3861 1638 3925 LIX.
1663 3867 1693 3924 a

353 3938 598 4002 tenementum
619 3941 655 4002 im
679 3939 814 4002 Comitia.

443 4027 483 4089 II.
531 4027 682 4090 Oouuexis
713 4027 846 4090 terminis
878 4025 1005 4088 lineolae
1035 4027 1121 4090 unius
1153 4048 1220 4094 cum
1254 4042 1373 4110 centro,
1403 4043 1435 4096 et
1463 4037 1578 4118 posito,
1612 4039 1692 4120 quod

356 4115 467 4178 lineola
482 4126 611 4178 *maneat
634 4116 737 4178 eadem
753 4117 920 4196 quantitate
944 4116 1021 4194 apud
1044 4117 1143 4180 omnia
1156 4128 1267 4197 puncta
1286 4125 1424 4200 ecoentri,
1447 4133 1574 4207 tangens
1589 4128 1693 4209 auguli

297 4211 304 4226 '
357 4206 395 4267 ad
426 4215 559 4268 centrum
589 4207 737 4268 decrescit
769 4207 829 4266 lere
859 4206 889 4267 in
920 4207 1109 4284 proportione
1141 4207 1255 4272 sinuum
1288 4213 1494 4294 complementi
1523 4217 1691 4280 anomaliae

357 4294 494 4356 eccentri.

445 4383 496 4447 Sit
519 4389 584 4457 (th.
605 4388 668 4451 120)
690 4383 745 4444 DF
767 4379 885 4445 lineola
904 4402 984 4462 pura
998 4382 1058 4444 DV
1079 4385 1168 4448 rinna
1188 4389 1267 4452 reati
1281 4391 1459 4456 anomaliae
1475 4401 1609 4462 eareat
1621 4399 1691 4462 AD.

359 4471 590 4538 Oommectumtar
612 4472 737 4536 madai
758 4471 836 4544 D,F
859 4491 929 4532 oum
942 4471 980 4545 H,
1004 4479 1034 4534 et
1051 4473 1107 4535 HF
1129 4476 1332 4552 cmdinuetnr,
1355 4489 1385 4544 et
1406 4491 1514 4567 carpat
1533 4497 1621 4551 reda
1635 4489 1693 4550 ΕΙ)

357 4561 509 4626 circulum
530 4565 564 4625 io
586 4562 625 4637 D,
647 4581 757 4625 aecana
778 4560 832 4627 HF
854 4561 890 4622 r‘m
910 4559 947 4622 Ε.
995 4559 1076 4626 Cum
1101 4583 1174 4644 erpo
1197 4565 1287 4630 DVH
1307 4571 1349 4632 eit
1375 4581 1488 4650 motae,
1517 4577 1578 4640 en't
1600 4579 1691 4641 VDH

357 4649 608 4732 omnplemmtum
638 4651 740 4732 ipatus
762 4647 851 4711 VHD
878 4647 1056 4713 anomaliae
1084 4657 1219 4718 eceman·
1245 4657 1291 4720 acl
1318 4669 1442 4723 reamur,
1488 4667 1536 4729 Aa
1563 4687 1636 4732 eum
1662 4675 1693 4730 er

356 4735 442 4800 ΕΒΗ
464 4741 506 4802 ait
526 4749 637 4812 rectae,
661 4742 722 4802 erit
736 4738 822 4802 HED
845 4737 947 4840 minor
968 4759 1062 4820 quam
1082 4750 1185 4805 rectae
1206 4749 1379 4826 quenulae
1393 4749 1489 4826 ΕΗΒ,
1512 4775 1593 4836 perae
1609 4777 1693 4840 perae

355 4823 475 4888 calliae
506 4833 551 4890 ert
577 4830 738 4903 mammeti,
770 4847 840 4892 cum
866 4825 918 4888 etr
947 4829 1088 4892 mwima
1102 4851 1177 4896 moa
1205 4843 1328 4915 ropmt
1353 4835 1394 4900 8‘.
1438 4844 1489 4904 Ao
1515 4839 1624 4908 eadem
1650 4847 1692 4910 dc
