<?xml version="1.0" encoding="UTF-8"?>
<!DOCTYPE html PUBLIC "-//W3C//DTD XHTML 1.0 Transitional//EN"
    "http://www.w3.org/TR/xhtml1/DTD/xhtml1-transitional.dtd">
<html xmlns="http://www.w3.org/1999/xhtml" xml:lang="en" lang="en">
 <head>
  <title>
</title>
<meta http-equiv="Content-Type" content="text/html;charset=utf-8" />
  <meta name='ocr-system' content='tesseract 3.04.00' />
  <meta name='ocr-capabilities' content='ocr_page ocr_carea ocr_par ocr_line ocrx_word'/>
</head>
<body>
  <div class='ocr_page' id='page_1' title='image "./joanniskepleria28frisgoog_0150.png"; bbox 0 0 3582 5558; ppageno 0'>
   <div class='ocr_carea' id='block_1_1' title="bbox 503 235 1470 358">
    <p class='ocr_par' dir='ltr' id='par_1_1' title="bbox 503 235 1470 358">
     <span class='ocr_line' id='line_1_1' title="bbox 503 235 1470 358; baseline -0.008 -23"><span class='ocrx_word' id='word_1_1' title='bbox 503 281 981 344; x_wconf 67' lang='lat' dir='ltr'>ssemmueeamsmu</span> <span class='ocrx_word' id='word_1_2' title='bbox 998 281 1094 337; x_wconf 66' lang='lat' dir='ltr'>nne.</span> <span class='ocrx_word' id='word_1_3' title='bbox 1409 235 1470 358; x_wconf 54' lang='grc' dir='ltr'>,ῃ</span> 
     </span>
    </p>
   </div>
   <div class='ocr_carea' id='block_1_2' title="bbox 100 437 1500 4848">
    <p class='ocr_par' dir='ltr' id='par_1_2' title="bbox 105 437 1487 1530">
     <span class='ocr_line' id='line_1_2' title="bbox 115 437 1470 546; baseline 0.006 -20"><span class='ocrx_word' id='word_1_4' title='bbox 115 459 251 535; x_wconf 76' lang='lat' dir='ltr'>incidere,</span> <span class='ocrx_word' id='word_1_5' title='bbox 274 459 378 527; x_wconf 88' lang='lat' dir='ltr'>etiam</span> <span class='ocrx_word' id='word_1_6' title='bbox 403 461 431 526; x_wconf 88' lang='lat' dir='ltr'>si</span> <span class='ocrx_word' id='word_1_7' title='bbox 452 461 551 544; x_wconf 90' lang='lat' dir='ltr'>plenis</span> <span class='ocrx_word' id='word_1_8' title='bbox 583 461 719 526; x_wconf 78' lang='lat' dir='ltr'>saucibus</span> <span class='ocrx_word' id='word_1_9' title='bbox 742 461 960 526; x_wconf 84' lang='lat' dir='ltr'>Ptolemaicam</span> <span class='ocrx_word' id='word_1_10' title='bbox 992 437 1118 526; x_wconf 72' lang='lat' dir='ltr'>formam</span> <span class='ocrx_word' id='word_1_11' title='bbox 1150 464 1302 546; x_wconf 87' lang='lat' dir='ltr'>spirasses</span> <span class='ocrx_word' id='word_1_12' title='bbox 1333 465 1470 534; x_wconf 76' lang='lat' dir='ltr'>mhelns.</span> 
     </span>
     <span class='ocr_line' id='line_1_3' title="bbox 115 547 1487 635; baseline 0.004 -19"><span class='ocrx_word' id='word_1_13' title='bbox 115 553 155 616; x_wconf 89' lang='lat' dir='ltr'>lle</span> <span class='ocrx_word' id='word_1_14' title='bbox 175 547 272 628; x_wconf 69' lang='lat' dir='ltr'>igione</span> <span class='ocrx_word' id='word_1_15' title='bbox 295 551 385 614; x_wconf 86' lang='lat' dir='ltr'>unda</span> <span class='ocrx_word' id='word_1_16' title='bbox 408 550 497 616; x_wconf 86' lang='lat' dir='ltr'>duxit</span> <span class='ocrx_word' id='word_1_17' title='bbox 517 557 638 628; x_wconf 82' lang='lat' dir='ltr'>natura,</span> <span class='ocrx_word' id='word_1_18' title='bbox 660 551 758 616; x_wconf 88' lang='lat' dir='ltr'>nullis</span> <span class='ocrx_word' id='word_1_19' title='bbox 775 551 924 616; x_wconf 83' lang='lat' dir='ltr'>instructa</span> <span class='ocrx_word' id='word_1_20' title='bbox 945 551 1082 616; x_wconf 88' lang='lat' dir='ltr'>vestibus</span> <span class='ocrx_word' id='word_1_21' title='bbox 1105 553 1333 635; x_wconf 67' lang='lat' dir='ltr'>hypothesium</span> <span class='ocrx_word' id='word_1_22' title='bbox 1366 564 1401 620; x_wconf 88' lang='lat' dir='ltr'>tu</span> <span class='ocrx_word' id='word_1_23' title='bbox 1433 569 1487 622; x_wconf 83' lang='lat' dir='ltr'>ex·</span> 
     </span>
     <span class='ocr_line' id='line_1_4' title="bbox 115 637 1472 723; baseline 0.005 -19"><span class='ocrx_word' id='word_1_24' title='bbox 115 638 257 722; x_wconf 82' lang='lat' dir='ltr'>aliquibus</span> <span class='ocrx_word' id='word_1_25' title='bbox 281 639 352 720; x_wconf 70' lang='lat' dir='ltr'>eins</span> <span class='ocrx_word' id='word_1_26' title='bbox 377 637 535 717; x_wconf 88' lang='lat' dir='ltr'>membris,</span> <span class='ocrx_word' id='word_1_27' title='bbox 569 661 651 723; x_wconf 78' lang='lat' dir='ltr'>quae.</span> <span class='ocrx_word' id='word_1_28' title='bbox 667 641 725 704; x_wconf 93' lang='lat' dir='ltr'>tibi</span> <span class='ocrx_word' id='word_1_29' title='bbox 752 661 771 702; x_wconf 90' lang='lat' dir='ltr'>a</span> <span class='ocrx_word' id='word_1_30' title='bbox 798 660 847 704; x_wconf 88' lang='lat' dir='ltr'>me</span> <span class='ocrx_word' id='word_1_31' title='bbox 869 648 1041 704; x_wconf 85' lang='lat' dir='ltr'>monstrata</span> <span class='ocrx_word' id='word_1_32' title='bbox 1066 641 1165 704; x_wconf 79' lang='lat' dir='ltr'>nribus</span> <span class='ocrx_word' id='word_1_33' title='bbox 1187 643 1354 710; x_wconf 69' lang='lat' dir='ltr'>laudabilia</span> <span class='ocrx_word' id='word_1_34' title='bbox 1383 647 1472 710; x_wconf 80' lang='lat' dir='ltr'>vide·</span> 
     </span>
     <span class='ocr_line' id='line_1_5' title="bbox 113 729 1469 817; baseline 0.004 -23"><span class='ocrx_word' id='word_1_35' title='bbox 113 731 229 804; x_wconf 77' lang='lat' dir='ltr'>bantur,</span> <span class='ocrx_word' id='word_1_36' title='bbox 265 729 464 794; x_wconf 86' lang='lat' dir='ltr'>occasionem</span> <span class='ocrx_word' id='word_1_37' title='bbox 498 729 621 814; x_wconf 88' lang='lat' dir='ltr'>cepisti,</span> <span class='ocrx_word' id='word_1_38' title='bbox 652 731 842 812; x_wconf 82' lang='lat' dir='ltr'>peregrinam</span> <span class='ocrx_word' id='word_1_39' title='bbox 871 729 917 792; x_wconf 91' lang='lat' dir='ltr'>illi</span> <span class='ocrx_word' id='word_1_40' title='bbox 944 737 1059 794; x_wconf 83' lang='lat' dir='ltr'>vestem</span> <span class='ocrx_word' id='word_1_41' title='bbox 1090 730 1248 809; x_wconf 88' lang='lat' dir='ltr'>induendi,</span> <span class='ocrx_word' id='word_1_42' title='bbox 1281 755 1340 817; x_wconf 88' lang='lat' dir='ltr'>quo</span> <span class='ocrx_word' id='word_1_43' title='bbox 1369 737 1469 800; x_wconf 87' lang='lat' dir='ltr'>minus</span> 
     </span>
     <span class='ocr_line' id='line_1_6' title="bbox 113 818 1472 902; baseline 0.005 -20"><span class='ocrx_word' id='word_1_44' title='bbox 113 825 325 900; x_wconf 71' lang='lat' dir='ltr'><strong>agnosceretur</strong></span> <span class='ocrx_word' id='word_1_45' title='bbox 357 819 492 897; x_wconf 86' lang='lat' dir='ltr'>sincere,</span> <span class='ocrx_word' id='word_1_46' title='bbox 524 819 595 902; x_wconf 88' lang='lat' dir='ltr'>quin</span> <span class='ocrx_word' id='word_1_47' title='bbox 625 820 728 902; x_wconf 88' lang='lat' dir='ltr'>potins</span> <span class='ocrx_word' id='word_1_48' title='bbox 759 819 890 884; x_wconf 85' lang='lat' dir='ltr'>lectores</span> <span class='ocrx_word' id='word_1_49' title='bbox 918 818 997 882; x_wconf 88' lang='lat' dir='ltr'>inter</span> <span class='ocrx_word' id='word_1_50' title='bbox 1024 821 1158 883; x_wconf 89' lang='lat' dir='ltr'>membra</span> <span class='ocrx_word' id='word_1_51' title='bbox 1186 829 1218 884; x_wconf 89' lang='lat' dir='ltr'>et</span> <span class='ocrx_word' id='word_1_52' title='bbox 1244 831 1365 887; x_wconf 83' lang='lat' dir='ltr'>vestem</span> <span class='ocrx_word' id='word_1_53' title='bbox 1390 825 1472 890; x_wconf 85' lang='lat' dir='ltr'>hanc</span> 
     </span>
     <span class='ocr_line' id='line_1_7' title="bbox 112 908 1469 994; baseline 0.003 -22"><span class='ocrx_word' id='word_1_54' title='bbox 112 917 188 972; x_wconf 75' lang='lat' dir='ltr'>uam</span> <span class='ocrx_word' id='word_1_55' title='bbox 211 908 264 980; x_wconf 90' lang='lat' dir='ltr'>(ut</span> <span class='ocrx_word' id='word_1_56' title='bbox 292 908 367 971; x_wconf 91' lang='lat' dir='ltr'>olim</span> <span class='ocrx_word' id='word_1_57' title='bbox 396 908 570 980; x_wconf 81' lang='lat' dir='ltr'>Americani</span> <span class='ocrx_word' id='word_1_58' title='bbox 602 908 682 972; x_wconf 88' lang='lat' dir='ltr'>inter</span> <span class='ocrx_word' id='word_1_59' title='bbox 714 927 822 992; x_wconf 86' lang='lat' dir='ltr'>equum</span> <span class='ocrx_word' id='word_1_60' title='bbox 851 917 881 972; x_wconf 90' lang='lat' dir='ltr'>et</span> <span class='ocrx_word' id='word_1_61' title='bbox 914 908 1113 984; x_wconf 80' lang='lat' dir='ltr'>insessorem)</span> <span class='ocrx_word' id='word_1_62' title='bbox 1144 929 1203 974; x_wconf 92' lang='lat' dir='ltr'>non</span> <span class='ocrx_word' id='word_1_63' title='bbox 1238 909 1469 994; x_wconf 79' lang='lat' dir='ltr'>distinguerent,</span> 
     </span>
     <span class='ocr_line' id='line_1_8' title="bbox 111 995 1470 1085; baseline 0.005 -25"><span class='ocrx_word' id='word_1_64' title='bbox 111 1017 215 1080; x_wconf 90' lang='lat' dir='ltr'>corpus</span> <span class='ocrx_word' id='word_1_65' title='bbox 231 995 383 1074; x_wconf 76' lang='lat' dir='ltr'>dicerent,</span> <span class='ocrx_word' id='word_1_66' title='bbox 406 999 485 1080; x_wconf 92' lang='lat' dir='ltr'>qnod</span> <span class='ocrx_word' id='word_1_67' title='bbox 500 998 680 1062; x_wconf 85' lang='lat' dir='ltr'>Fabriciana</span> <span class='ocrx_word' id='word_1_68' title='bbox 702 1000 798 1062; x_wconf 89' lang='lat' dir='ltr'>vestis</span> <span class='ocrx_word' id='word_1_69' title='bbox 814 1006 878 1062; x_wconf 90' lang='lat' dir='ltr'>est:</span> <span class='ocrx_word' id='word_1_70' title='bbox 903 998 1031 1082; x_wconf 89' lang='lat' dir='ltr'>deniqne</span> <span class='ocrx_word' id='word_1_71' title='bbox 1054 1007 1089 1062; x_wconf 88' lang='lat' dir='ltr'>ut</span> <span class='ocrx_word' id='word_1_72' title='bbox 1109 1017 1189 1062; x_wconf 86' lang='lat' dir='ltr'>novo</span> <span class='ocrx_word' id='word_1_73' title='bbox 1203 1010 1312 1066; x_wconf 88' lang='lat' dir='ltr'>ornato</span> <span class='ocrx_word' id='word_1_74' title='bbox 1334 1003 1470 1085; x_wconf 88' lang='lat' dir='ltr'>placeret</span> 
     </span>
     <span class='ocr_line' id='line_1_9' title="bbox 110 1086 1470 1170; baseline 0.003 -18"><span class='ocrx_word' id='word_1_75' title='bbox 110 1086 248 1152; x_wconf 83' lang='lat' dir='ltr'>delicatis</span> <span class='ocrx_word' id='word_1_76' title='bbox 278 1087 448 1150; x_wconf 88' lang='lat' dir='ltr'>nuditatem</span> <span class='ocrx_word' id='word_1_77' title='bbox 470 1088 711 1152; x_wconf 76' lang='lat' dir='ltr'>fastidientibus:</span> <span class='ocrx_word' id='word_1_78' title='bbox 735 1088 827 1152; x_wconf 89' lang='lat' dir='ltr'>immo</span> <span class='ocrx_word' id='word_1_79' title='bbox 849 1106 922 1151; x_wconf 83' lang='lat' dir='ltr'>vero</span> <span class='ocrx_word' id='word_1_80' title='bbox 953 1095 988 1151; x_wconf 91' lang='grc' dir='ltr'>ιιι</span> <span class='ocrx_word' id='word_1_81' title='bbox 1008 1107 1064 1170; x_wconf 88' lang='lat' dir='ltr'>pro</span> <span class='ocrx_word' id='word_1_82' title='bbox 1085 1096 1211 1165; x_wconf 80' lang='grc' dir='ltr'>ιιιιιι,</span> <span class='ocrx_word' id='word_1_83' title='bbox 1234 1091 1470 1170; x_wconf 85' lang='lat' dir='ltr'>generosissima</span> 
     </span>
     <span class='ocr_line' id='line_1_10' title="bbox 109 1175 1468 1262; baseline 0.004 -24"><span class='ocrx_word' id='word_1_84' title='bbox 109 1176 220 1260; x_wconf 86' lang='lat' dir='ltr'>puella,</span> <span class='ocrx_word' id='word_1_85' title='bbox 245 1175 483 1240; x_wconf 79' lang='lat' dir='ltr'>substitueretur</span> <span class='ocrx_word' id='word_1_86' title='bbox 505 1177 609 1260; x_wconf 89' lang='lat' dir='ltr'>spuria</span> <span class='ocrx_word' id='word_1_87' title='bbox 631 1177 866 1240; x_wconf 88' lang='lat' dir='ltr'>tuameretricio</span> <span class='ocrx_word' id='word_1_88' title='bbox 890 1184 997 1241; x_wconf 86' lang='lat' dir='ltr'>ornatu</span> <span class='ocrx_word' id='word_1_89' title='bbox 1015 1183 1046 1239; x_wconf 87' lang='lat' dir='ltr'>et</span> <span class='ocrx_word' id='word_1_90' title='bbox 1067 1177 1199 1240; x_wconf 90' lang='lat' dir='ltr'>moribus</span> <span class='ocrx_word' id='word_1_91' title='bbox 1219 1177 1257 1240; x_wconf 86' lang='lat' dir='ltr'>nd</span> <span class='ocrx_word' id='word_1_92' title='bbox 1279 1179 1468 1262; x_wconf 88' lang='lat' dir='ltr'>voluptatem</span> 
     </span>
     <span class='ocr_line' id='line_1_11' title="bbox 109 1259 1469 1350; baseline 0.003 -20"><span class='ocrx_word' id='word_1_93' title='bbox 109 1266 312 1348; x_wconf 82' lang='lat' dir='ltr'>comparatis,</span> <span class='ocrx_word' id='word_1_94' title='bbox 335 1285 396 1328; x_wconf 92' lang='lat' dir='ltr'>non</span> <span class='ocrx_word' id='word_1_95' title='bbox 418 1266 458 1328; x_wconf 88' lang='lat' dir='ltr'>ad</span> <span class='ocrx_word' id='word_1_96' title='bbox 480 1265 714 1348; x_wconf 75' lang='lat' dir='ltr'>ingenuitatem,</span> <span class='ocrx_word' id='word_1_97' title='bbox 736 1267 767 1330; x_wconf 93' lang='lat' dir='ltr'>h.</span> <span class='ocrx_word' id='word_1_98' title='bbox 791 1287 818 1330; x_wconf 92' lang='lat' dir='ltr'>e.</span> <span class='ocrx_word' id='word_1_99' title='bbox 842 1259 982 1333; x_wconf 82' lang='lat' dir='ltr'>Fabricio</span> <span class='ocrx_word' id='word_1_100' title='bbox 1006 1265 1186 1350; x_wconf 85' lang='lat' dir='ltr'>interprete:</span> <span class='ocrx_word' id='word_1_101' title='bbox 1219 1275 1253 1332; x_wconf 91' lang='lat' dir='ltr'>ut</span> <span class='ocrx_word' id='word_1_102' title='bbox 1275 1268 1335 1334; x_wconf 86' lang='lat' dir='ltr'>arti</span> <span class='ocrx_word' id='word_1_103' title='bbox 1358 1291 1469 1336; x_wconf 87' lang='lat' dir='ltr'>coneu-</span> 
     </span>
     <span class='ocr_line' id='line_1_12' title="bbox 107 1353 1467 1442; baseline 0.003 -24"><span class='ocrx_word' id='word_1_104' title='bbox 107 1356 237 1432; x_wconf 87' lang='lat' dir='ltr'>leretur,</span> <span class='ocrx_word' id='word_1_105' title='bbox 260 1373 323 1418; x_wconf 92' lang='lat' dir='ltr'>non</span> <span class='ocrx_word' id='word_1_106' title='bbox 345 1353 488 1419; x_wconf 82' lang='lat' dir='ltr'>alienatis</span> <span class='ocrx_word' id='word_1_107' title='bbox 510 1353 709 1442; x_wconf 90' lang='lat' dir='ltr'>philosophis.</span> <span class='ocrx_word' id='word_1_108' title='bbox 756 1355 808 1420; x_wconf 90' lang='lat' dir='ltr'>Sic</span> <span class='ocrx_word' id='word_1_109' title='bbox 831 1355 923 1437; x_wconf 88' lang='lat' dir='ltr'>igitur</span> <span class='ocrx_word' id='word_1_110' title='bbox 945 1357 1014 1439; x_wconf 88' lang='lat' dir='ltr'>ipse</span> <span class='ocrx_word' id='word_1_111' title='bbox 1035 1357 1217 1420; x_wconf 89' lang='lat' dir='ltr'>inventionis</span> <span class='ocrx_word' id='word_1_112' title='bbox 1239 1358 1336 1421; x_wconf 89' lang='lat' dir='ltr'>series</span> <span class='ocrx_word' id='word_1_113' title='bbox 1356 1360 1467 1440; x_wconf 72' lang='lat' dir='ltr'>arguit,</span> 
     </span>
     <span class='ocr_line' id='line_1_13' title="bbox 105 1444 996 1530; baseline -0.002 -22"><span class='ocrx_word' id='word_1_114' title='bbox 105 1444 301 1528; x_wconf 81' lang='lat' dir='ltr'>peregrinam</span> <span class='ocrx_word' id='word_1_115' title='bbox 324 1463 393 1508; x_wconf 90' lang='lat' dir='ltr'>csse</span> <span class='ocrx_word' id='word_1_116' title='bbox 416 1451 498 1508; x_wconf 88' lang='lat' dir='ltr'>tuam</span> <span class='ocrx_word' id='word_1_117' title='bbox 520 1445 713 1528; x_wconf 83' lang='lat' dir='ltr'>hypothesin,</span> <span class='ocrx_word' id='word_1_118' title='bbox 736 1465 796 1509; x_wconf 93' lang='lat' dir='ltr'>non</span> <span class='ocrx_word' id='word_1_119' title='bbox 818 1446 996 1530; x_wconf 82' lang='lat' dir='ltr'>naturalem.</span> 
     </span>
    </p>

    <p class='ocr_par' dir='ltr' id='par_1_3' title="bbox 100 1523 1468 2512">
     <span class='ocr_line' id='line_1_14' title="bbox 192 1523 1467 1620; baseline 0.002 -23"><span class='ocrx_word' id='word_1_120' title='bbox 192 1533 327 1610; x_wconf 90' lang='lat' dir='ltr'>Deinde,</span> <span class='ocrx_word' id='word_1_121' title='bbox 350 1533 431 1616; x_wconf 88' lang='lat' dir='ltr'>qnod</span> <span class='ocrx_word' id='word_1_122' title='bbox 452 1534 484 1597; x_wconf 91' lang='lat' dir='ltr'>in</span> <span class='ocrx_word' id='word_1_123' title='bbox 505 1553 574 1598; x_wconf 91' lang='lat' dir='ltr'>mea</span> <span class='ocrx_word' id='word_1_124' title='bbox 601 1534 730 1620; x_wconf 91' lang='lat' dir='ltr'>physica</span> <span class='ocrx_word' id='word_1_125' title='bbox 750 1533 912 1618; x_wconf 84' lang='lat' dir='ltr'>hypothesi</span> <span class='ocrx_word' id='word_1_126' title='bbox 940 1523 1136 1598; x_wconf 82' lang='lat' dir='ltr'>¹uehementer</span> <span class='ocrx_word' id='word_1_127' title='bbox 1158 1533 1374 1614; x_wconf 79' lang='lat' dir='ltr'>abhorrueras,</span> <span class='ocrx_word' id='word_1_128' title='bbox 1407 1555 1467 1601; x_wconf 90' lang='lat' dir='ltr'>non</span> 
     </span>
     <span class='ocr_line' id='line_1_15' title="bbox 105 1621 1467 1708; baseline 0.001 -21"><span class='ocrx_word' id='word_1_129' title='bbox 105 1623 170 1687; x_wconf 84' lang='lat' dir='ltr'>deri</span> <span class='ocrx_word' id='word_1_130' title='bbox 194 1623 349 1686; x_wconf 89' lang='lat' dir='ltr'>directum</span> <span class='ocrx_word' id='word_1_131' title='bbox 369 1641 564 1705; x_wconf 88' lang='lat' dir='ltr'>progressum</span> <span class='ocrx_word' id='word_1_132' title='bbox 586 1624 625 1687; x_wconf 89' lang='lat' dir='ltr'>eh</span> <span class='ocrx_word' id='word_1_133' title='bbox 655 1624 806 1688; x_wconf 84' lang='lat' dir='ltr'>anomalia</span> <span class='ocrx_word' id='word_1_134' title='bbox 827 1625 928 1692; x_wconf 91' lang='lat' dir='ltr'>media</span> <span class='ocrx_word' id='word_1_135' title='bbox 950 1644 1124 1708; x_wconf 87' lang='lat' dir='ltr'>quacunque</span> <span class='ocrx_word' id='word_1_136' title='bbox 1148 1621 1187 1686; x_wconf 77' lang='lat' dir='ltr'>hd</span> <span class='ocrx_word' id='word_1_137' title='bbox 1216 1644 1320 1690; x_wconf 89' lang='lat' dir='ltr'>veram</span> <span class='ocrx_word' id='word_1_138' title='bbox 1343 1645 1467 1708; x_wconf 87' lang='lat' dir='ltr'>compe-</span> 
     </span>
     <span class='ocr_line' id='line_1_16' title="bbox 104 1711 1468 1798; baseline 0.001 -21"><span class='ocrx_word' id='word_1_139' title='bbox 104 1721 237 1788; x_wconf 85' lang='lat' dir='ltr'>tentem,</span> <span class='ocrx_word' id='word_1_140' title='bbox 273 1712 329 1774; x_wconf 89' lang='lat' dir='ltr'>sed</span> <span class='ocrx_word' id='word_1_141' title='bbox 357 1711 507 1794; x_wconf 85' lang='lat' dir='ltr'>interponi</span> <span class='ocrx_word' id='word_1_142' title='bbox 537 1713 718 1777; x_wconf 86' lang='lat' dir='ltr'>anomaliam</span> <span class='ocrx_word' id='word_1_143' title='bbox 748 1713 878 1776; x_wconf 88' lang='lat' dir='ltr'>eccentri</span> <span class='ocrx_word' id='word_1_144' title='bbox 901 1714 1070 1796; x_wconf 82' lang='lat' dir='ltr'>quantitate</span> <span class='ocrx_word' id='word_1_145' title='bbox 1100 1713 1326 1791; x_wconf 77' lang='lat' dir='ltr'>intermediam,</span> <span class='ocrx_word' id='word_1_146' title='bbox 1346 1735 1378 1776; x_wconf 56' lang='lat' dir='ltr'>&#39;a</span> <span class='ocrx_word' id='word_1_147' title='bbox 1409 1735 1468 1798; x_wconf 85' lang='lat' dir='ltr'>qun</span> 
     </span>
     <span class='ocr_line' id='line_1_17' title="bbox 104 1800 1467 1884; baseline 0.001 -19"><span class='ocrx_word' id='word_1_148' title='bbox 104 1809 268 1884; x_wconf 81' lang='lat' dir='ltr'>caperetur</span> <span class='ocrx_word' id='word_1_149' title='bbox 295 1800 430 1877; x_wconf 87' lang='lat' dir='ltr'>initium,</span> <span class='ocrx_word' id='word_1_150' title='bbox 464 1801 495 1864; x_wconf 88' lang='lat' dir='ltr'>id</span> <span class='ocrx_word' id='word_1_151' title='bbox 523 1810 557 1866; x_wconf 90' lang='lat' dir='ltr'>tn</span> <span class='ocrx_word' id='word_1_152' title='bbox 579 1804 610 1865; x_wconf 89' lang='lat' dir='ltr'>in</span> <span class='ocrx_word' id='word_1_153' title='bbox 637 1804 695 1866; x_wconf 88' lang='lat' dir='ltr'>hac</span> <span class='ocrx_word' id='word_1_154' title='bbox 721 1811 775 1866; x_wconf 88' lang='lat' dir='ltr'>tue</span> <span class='ocrx_word' id='word_1_155' title='bbox 801 1823 861 1865; x_wconf 92' lang='lat' dir='ltr'>non</span> <span class='ocrx_word' id='word_1_156' title='bbox 885 1803 1010 1884; x_wconf 80' lang='lat' dir='ltr'>effugis,</span> <span class='ocrx_word' id='word_1_157' title='bbox 1040 1801 1098 1866; x_wconf 90' lang='lat' dir='ltr'>nisi</span> <span class='ocrx_word' id='word_1_158' title='bbox 1129 1819 1196 1866; x_wconf 93' lang='lat' dir='ltr'>cnm</span> <span class='ocrx_word' id='word_1_159' title='bbox 1226 1804 1335 1884; x_wconf 89' lang='lat' dir='ltr'>majori</span> <span class='ocrx_word' id='word_1_160' title='bbox 1357 1804 1467 1868; x_wconf 87' lang='lat' dir='ltr'>damno</span> 
     </span>
     <span class='ocr_line' id='line_1_18' title="bbox 103 1889 1468 1976; baseline 0.001 -21"><span class='ocrx_word' id='word_1_161' title='bbox 103 1891 311 1956; x_wconf 83' lang='lat' dir='ltr'>inconstantis</span> <span class='ocrx_word' id='word_1_162' title='bbox 340 1889 584 1955; x_wconf 87' lang='lat' dir='ltr'>eccentricitatis.</span> <span class='ocrx_word' id='word_1_163' title='bbox 630 1893 675 1956; x_wconf 87' lang='lat' dir='ltr'>Tu</span> <span class='ocrx_word' id='word_1_164' title='bbox 706 1894 785 1956; x_wconf 90' lang='lat' dir='ltr'>enim</span> <span class='ocrx_word' id='word_1_165' title='bbox 812 1893 839 1955; x_wconf 91' lang='lat' dir='ltr'>si</span> <span class='ocrx_word' id='word_1_166' title='bbox 867 1891 1060 1956; x_wconf 81' lang='lat' dir='ltr'>librationem</span> <span class='ocrx_word' id='word_1_167' title='bbox 1082 1890 1147 1968; x_wconf 82' lang='lat' dir='ltr'>BC,</span> <span class='ocrx_word' id='word_1_168' title='bbox 1171 1891 1200 1952; x_wconf 91' lang='lat' dir='ltr'>h.</span> <span class='ocrx_word' id='word_1_169' title='bbox 1227 1911 1253 1956; x_wconf 91' lang='lat' dir='ltr'>e.</span> <span class='ocrx_word' id='word_1_170' title='bbox 1279 1892 1468 1976; x_wconf 86' lang='lat' dir='ltr'>aequationis</span> 
     </span>
     <span class='ocr_line' id='line_1_19' title="bbox 101 1975 1467 2065; baseline 0.002 -21"><span class='ocrx_word' id='word_1_171' title='bbox 101 1989 224 2065; x_wconf 82' lang='lat' dir='ltr'>partem</span> <span class='ocrx_word' id='word_1_172' title='bbox 247 1979 381 2062; x_wconf 88' lang='lat' dir='ltr'>priorem</span> <span class='ocrx_word' id='word_1_173' title='bbox 403 1981 612 2044; x_wconf 85' lang='lat' dir='ltr'>accommodas</span> <span class='ocrx_word' id='word_1_174' title='bbox 636 1983 675 2044; x_wconf 89' lang='lat' dir='ltr'>ad</span> <span class='ocrx_word' id='word_1_175' title='bbox 698 1975 878 2046; x_wconf 76' lang='lat' dir='ltr'>anomalian&#39;r</span> <span class='ocrx_word' id='word_1_176' title='bbox 901 1981 1030 2044; x_wconf 86' lang='lat' dir='ltr'>mediam</span> <span class='ocrx_word' id='word_1_177' title='bbox 1049 1981 1119 2056; x_wconf 89' lang='lat' dir='ltr'>GH,</span> <span class='ocrx_word' id='word_1_178' title='bbox 1143 2000 1293 2062; x_wconf 85' lang='lat' dir='ltr'>nunqnam</span> <span class='ocrx_word' id='word_1_179' title='bbox 1317 1981 1467 2064; x_wconf 85' lang='lat' dir='ltr'>exprimes</span> 
     </span>
     <span class='ocr_line' id='line_1_20' title="bbox 102 2069 1467 2156; baseline -0.001 -22"><span class='ocrx_word' id='word_1_180' title='bbox 102 2091 205 2136; x_wconf 84' lang='lat' dir='ltr'>meam</span> <span class='ocrx_word' id='word_1_181' title='bbox 227 2069 415 2156; x_wconf 81' lang='lat' dir='ltr'>hypothesin</span> <span class='ocrx_word' id='word_1_182' title='bbox 430 2077 463 2132; x_wconf 91' lang='lat' dir='ltr'>et</span> <span class='ocrx_word' id='word_1_183' title='bbox 484 2072 602 2152; x_wconf 86' lang='lat' dir='ltr'>cogeris</span> <span class='ocrx_word' id='word_1_184' title='bbox 624 2073 663 2136; x_wconf 88' lang='lat' dir='ltr'>eb</span> <span class='ocrx_word' id='word_1_185' title='bbox 687 2071 961 2146; x_wconf 89' lang='lat' dir='ltr'>observationibus,</span> <span class='ocrx_word' id='word_1_186' title='bbox 984 2079 1019 2134; x_wconf 89' lang='lat' dir='ltr'>ut</span> <span class='ocrx_word' id='word_1_187' title='bbox 1041 2069 1157 2145; x_wconf 79' lang='lat' dir='ltr'>icteris,</span> <span class='ocrx_word' id='word_1_188' title='bbox 1181 2069 1302 2133; x_wconf 74' lang='lat' dir='ltr'>variare</span> <span class='ocrx_word' id='word_1_189' title='bbox 1316 2071 1467 2138; x_wconf 86' lang='lat' dir='ltr'>eccentri-</span> 
     </span>
     <span class='ocr_line' id='line_1_21' title="bbox 103 2158 1462 2244; baseline -0.001 -20"><span class='ocrx_word' id='word_1_190' title='bbox 103 2162 232 2224; x_wconf 83' lang='lat' dir='ltr'>citatem</span> <span class='ocrx_word' id='word_1_191' title='bbox 255 2159 316 2222; x_wconf 87' lang='lat' dir='ltr'>AB</span> <span class='ocrx_word' id='word_1_192' title='bbox 329 2159 565 2240; x_wconf 71' lang='lat' dir='ltr'>dyeepnpnroe.</span> <span class='ocrx_word' id='word_1_193' title='bbox 609 2163 718 2244; x_wconf 85' lang='lat' dir='ltr'>Itaque</span> <span class='ocrx_word' id='word_1_194' title='bbox 738 2161 886 2225; x_wconf 86' lang='lat' dir='ltr'>hactenns</span> <span class='ocrx_word' id='word_1_195' title='bbox 910 2159 1068 2222; x_wconf 84' lang='lat' dir='ltr'>emendavi</span> <span class='ocrx_word' id='word_1_196' title='bbox 1090 2158 1145 2221; x_wconf 88' lang='lat' dir='ltr'>tibi</span> <span class='ocrx_word' id='word_1_197' title='bbox 1164 2166 1249 2222; x_wconf 84' lang='lat' dir='ltr'>tuam</span> <span class='ocrx_word' id='word_1_198' title='bbox 1271 2159 1462 2242; x_wconf 86' lang='lat' dir='ltr'>hypothesin,</span> 
     </span>
     <span class='ocr_line' id='line_1_22' title="bbox 101 2247 1460 2331; baseline -0.003 -18"><span class='ocrx_word' id='word_1_199' title='bbox 101 2259 134 2313; x_wconf 88' lang='lat' dir='ltr'>nt</span> <span class='ocrx_word' id='word_1_200' title='bbox 154 2249 358 2331; x_wconf 83' lang='lat' dir='ltr'>perficeretur</span> <span class='ocrx_word' id='word_1_201' title='bbox 380 2247 501 2312; x_wconf 85' lang='lat' dir='ltr'>hhratio</span> <span class='ocrx_word' id='word_1_202' title='bbox 523 2249 578 2316; x_wconf 82' lang='lat' dir='ltr'>Bo</span> <span class='ocrx_word' id='word_1_203' title='bbox 601 2249 640 2312; x_wconf 89' lang='lat' dir='ltr'>ad</span> <span class='ocrx_word' id='word_1_204' title='bbox 662 2249 843 2313; x_wconf 88' lang='lat' dir='ltr'>anomaliam</span> <span class='ocrx_word' id='word_1_205' title='bbox 865 2251 939 2328; x_wconf 85' lang='grc' dir='ltr'><strong>ΕΙ),</strong></span> <span class='ocrx_word' id='word_1_206' title='bbox 971 2267 1061 2331; x_wconf 90' lang='lat' dir='ltr'>quam</span> <span class='ocrx_word' id='word_1_207' title='bbox 1084 2265 1140 2330; x_wconf 91' lang='lat' dir='ltr'>ego</span> <span class='ocrx_word' id='word_1_208' title='bbox 1169 2247 1290 2330; x_wconf 84' lang='lat' dir='ltr'>appello</span> <span class='ocrx_word' id='word_1_209' title='bbox 1320 2249 1460 2312; x_wconf 90' lang='lat' dir='ltr'>eccentri.</span> 
     </span>
     <span class='ocr_line' id='line_1_23' title="bbox 100 2336 1464 2421; baseline -0.001 -19"><span class='ocrx_word' id='word_1_210' title='bbox 100 2341 168 2404; x_wconf 83' lang='lat' dir='ltr'>Hoc</span> <span class='ocrx_word' id='word_1_211' title='bbox 193 2357 269 2401; x_wconf 82' lang='lat' dir='ltr'>vero</span> <span class='ocrx_word' id='word_1_212' title='bbox 303 2338 330 2400; x_wconf 95' lang='lat' dir='ltr'>si</span> <span class='ocrx_word' id='word_1_213' title='bbox 362 2336 456 2401; x_wconf 87' lang='lat' dir='ltr'>fueris</span> <span class='ocrx_word' id='word_1_214' title='bbox 487 2357 608 2420; x_wconf 86' lang='lat' dir='ltr'>passus,</span> <span class='ocrx_word' id='word_1_215' title='bbox 632 2341 737 2404; x_wconf 87' lang='lat' dir='ltr'>eodem</span> <span class='ocrx_word' id='word_1_216' title='bbox 769 2339 800 2402; x_wconf 91' lang='lat' dir='ltr'>in</span> <span class='ocrx_word' id='word_1_217' title='bbox 831 2339 895 2404; x_wconf 91' lang='lat' dir='ltr'>luto</span> <span class='ocrx_word' id='word_1_218' title='bbox 926 2358 1043 2402; x_wconf 90' lang='lat' dir='ltr'>mecum</span> <span class='ocrx_word' id='word_1_219' title='bbox 1073 2337 1213 2406; x_wconf 78' lang='lat' dir='ltr'>haerebis</span> <span class='ocrx_word' id='word_1_220' title='bbox 1244 2357 1306 2402; x_wconf 87' lang='lat' dir='ltr'>uon</span> <span class='ocrx_word' id='word_1_221' title='bbox 1344 2338 1464 2421; x_wconf 88' lang='lat' dir='ltr'>quidem</span> 
     </span>
     <span class='ocr_line' id='line_1_24' title="bbox 102 2425 1233 2512; baseline -0.004 -20"><span class='ocrx_word' id='word_1_222' title='bbox 102 2428 259 2512; x_wconf 89' lang='lat' dir='ltr'>pudendo,</span> <span class='ocrx_word' id='word_1_223' title='bbox 281 2425 342 2490; x_wconf 91' lang='lat' dir='ltr'>nisi</span> <span class='ocrx_word' id='word_1_224' title='bbox 365 2446 404 2490; x_wconf 87' lang='lat' dir='ltr'>cx</span> <span class='ocrx_word' id='word_1_225' title='bbox 425 2435 479 2490; x_wconf 89' lang='lat' dir='ltr'>tna</span> <span class='ocrx_word' id='word_1_226' title='bbox 501 2429 649 2509; x_wconf 89' lang='lat' dir='ltr'>opinione,</span> <span class='ocrx_word' id='word_1_227' title='bbox 672 2428 723 2512; x_wconf 91' lang='lat' dir='ltr'>qni</span> <span class='ocrx_word' id='word_1_228' title='bbox 745 2429 777 2494; x_wconf 92' lang='lat' dir='ltr'>in</span> <span class='ocrx_word' id='word_1_229' title='bbox 798 2447 845 2492; x_wconf 88' lang='lat' dir='ltr'>me</span> <span class='ocrx_word' id='word_1_230' title='bbox 869 2428 1011 2511; x_wconf 87' lang='lat' dir='ltr'>cupiebas</span> <span class='ocrx_word' id='word_1_231' title='bbox 1034 2428 1233 2490; x_wconf 87' lang='lat' dir='ltr'>emendatum.</span> 
     </span>
    </p>

    <p class='ocr_par' dir='ltr' id='par_1_4' title="bbox 101 2513 1500 3212">
     <span class='ocr_line' id='line_1_25' title="bbox 194 2513 1468 2602; baseline 0 -22"><span class='ocrx_word' id='word_1_232' title='bbox 194 2517 320 2580; x_wconf 86' lang='lat' dir='ltr'>Tertio:</span> <span class='ocrx_word' id='word_1_233' title='bbox 345 2535 440 2598; x_wconf 87' lang='lat' dir='ltr'>neque</span> <span class='ocrx_word' id='word_1_234' title='bbox 463 2518 500 2578; x_wconf 89' lang='lat' dir='ltr'>de</span> <span class='ocrx_word' id='word_1_235' title='bbox 523 2518 727 2600; x_wconf 85' lang='lat' dir='ltr'>simplicitate,</span> <span class='ocrx_word' id='word_1_236' title='bbox 750 2537 810 2602; x_wconf 87' lang='lat' dir='ltr'>qna</span> <span class='ocrx_word' id='word_1_237' title='bbox 830 2519 959 2582; x_wconf 84' lang='lat' dir='ltr'>maxime</span> <span class='ocrx_word' id='word_1_238' title='bbox 982 2517 1107 2600; x_wconf 90' lang='lat' dir='ltr'>gloriari</span> <span class='ocrx_word' id='word_1_239' title='bbox 1128 2522 1229 2599; x_wconf 85' lang='lat' dir='ltr'>putas,</span> <span class='ocrx_word' id='word_1_240' title='bbox 1251 2513 1308 2578; x_wconf 92' lang='lat' dir='ltr'>tibi</span> <span class='ocrx_word' id='word_1_241' title='bbox 1329 2515 1468 2580; x_wconf 83' lang='lat' dir='ltr'>concedit</span> 
     </span>
     <span class='ocr_line' id='line_1_26' title="bbox 101 2603 1467 2692; baseline -0.003 -20"><span class='ocrx_word' id='word_1_242' title='bbox 101 2627 181 2672; x_wconf 68' lang='lat' dir='ltr'>mea</span> <span class='ocrx_word' id='word_1_243' title='bbox 229 2608 278 2669; x_wconf 79' lang='lat' dir='ltr'>&#39;Iu</span> <span class='ocrx_word' id='word_1_244' title='bbox 302 2605 436 2688; x_wconf 85' lang='lat' dir='ltr'>ejusdem</span> <span class='ocrx_word' id='word_1_245' title='bbox 464 2607 607 2688; x_wconf 82' lang='lat' dir='ltr'>trianguli</span> <span class='ocrx_word' id='word_1_246' title='bbox 631 2607 714 2674; x_wconf 81' lang='lat' dir='ltr'>cBA</span> <span class='ocrx_word' id='word_1_247' title='bbox 746 2608 856 2692; x_wconf 83' lang='lat' dir='ltr'>angulo</span> <span class='ocrx_word' id='word_1_248' title='bbox 878 2607 963 2672; x_wconf 84' lang='lat' dir='ltr'>BAO</span> <span class='ocrx_word' id='word_1_249' title='bbox 986 2607 1108 2689; x_wconf 90' lang='lat' dir='ltr'>qnaeris</span> <span class='ocrx_word' id='word_1_250' title='bbox 1129 2603 1247 2686; x_wconf 79' lang='lat' dir='ltr'>partem</span> <span class='ocrx_word' id='word_1_251' title='bbox 1278 2604 1467 2686; x_wconf 89' lang='lat' dir='ltr'>aequationis</span> 
     </span>
     <span class='ocr_line' id='line_1_27' title="bbox 102 2693 1500 2782; baseline -0.004 -21"><span class='ocrx_word' id='word_1_252' title='bbox 102 2697 281 2782; x_wconf 79' lang='lat' dir='ltr'>physicam,</span> <span class='ocrx_word' id='word_1_253' title='bbox 312 2695 408 2759; x_wconf 84' lang='lat' dir='ltr'>latere</span> <span class='ocrx_word' id='word_1_254' title='bbox 431 2713 503 2759; x_wconf 89' lang='lat' dir='ltr'>vero</span> <span class='ocrx_word' id='word_1_255' title='bbox 525 2693 578 2760; x_wconf 85' lang='lat' dir='ltr'>Bc</span> <span class='ocrx_word' id='word_1_256' title='bbox 603 2697 762 2762; x_wconf 82' lang='lat' dir='ltr'>constituis</span> <span class='ocrx_word' id='word_1_257' title='bbox 781 2697 842 2762; x_wconf 87' lang='grc' dir='ltr'>ΒΗ</span> <span class='ocrx_word' id='word_1_258' title='bbox 863 2698 903 2760; x_wconf 88' lang='lat' dir='ltr'>ed</span> <span class='ocrx_word' id='word_1_259' title='bbox 932 2704 1048 2779; x_wconf 86' lang='lat' dir='ltr'>partem</span> <span class='ocrx_word' id='word_1_260' title='bbox 1073 2695 1204 2776; x_wconf 87' lang='lat' dir='ltr'>opticam</span> <span class='ocrx_word' id='word_1_261' title='bbox 1226 2693 1314 2758; x_wconf 84' lang='grc' dir='ltr'>ΒΗΑ</span> <span class='ocrx_word' id='word_1_262' title='bbox 1337 2693 1467 2756; x_wconf 89' lang='lat' dir='ltr'>investi-</span> <span class='ocrx_word' id='word_1_263' title='bbox 1495 2721 1500 2732; x_wconf 94' lang='lat'><em>·</em></span> 
     </span>
     <span class='ocr_line' id='line_1_28' title="bbox 102 2781 1465 2869; baseline -0.003 -19"><span class='ocrx_word' id='word_1_264' title='bbox 102 2787 256 2869; x_wconf 86' lang='lat' dir='ltr'>gandam,</span> <span class='ocrx_word' id='word_1_265' title='bbox 289 2805 349 2848; x_wconf 89' lang='lat' dir='ltr'>nna</span> <span class='ocrx_word' id='word_1_266' title='bbox 379 2785 538 2850; x_wconf 84' lang='lat' dir='ltr'>libratione</span> <span class='ocrx_word' id='word_1_267' title='bbox 572 2787 662 2869; x_wconf 88' lang='lat' dir='ltr'>(qnae</span> <span class='ocrx_word' id='word_1_268' title='bbox 694 2795 799 2850; x_wconf 86' lang='lat' dir='ltr'>tamen-</span> <span class='ocrx_word' id='word_1_269' title='bbox 827 2786 943 2849; x_wconf 91' lang='lat' dir='ltr'>dnobus</span> <span class='ocrx_word' id='word_1_270' title='bbox 975 2784 1099 2850; x_wconf 79' lang='lat' dir='ltr'>ciromis</span> <span class='ocrx_word' id='word_1_271' title='bbox 1130 2781 1373 2861; x_wconf 81' lang='lat' dir='ltr'>administretur)</span> <span class='ocrx_word' id='word_1_272' title='bbox 1405 2784 1465 2846; x_wconf 92' lang='lat' dir='ltr'>duo</span> 
     </span>
     <span class='ocr_line' id='line_1_29' title="bbox 102 2870 1466 2955; baseline -0.005 -15"><span class='ocrx_word' id='word_1_273' title='bbox 102 2875 254 2950; x_wconf 83' lang='lat' dir='ltr'>efficiens,</span> <span class='ocrx_word' id='word_1_274' title='bbox 284 2882 317 2938; x_wconf 89' lang='lat' dir='ltr'>et</span> <span class='ocrx_word' id='word_1_275' title='bbox 338 2875 572 2939; x_wconf 77' lang='lat' dir='ltr'>coarctationem</span> <span class='ocrx_word' id='word_1_276' title='bbox 602 2877 642 2938; x_wconf 91' lang='lat' dir='ltr'>ad</span> <span class='ocrx_word' id='word_1_277' title='bbox 664 2876 762 2940; x_wconf 86' lang='lat' dir='ltr'>latera</span> <span class='ocrx_word' id='word_1_278' title='bbox 785 2881 817 2938; x_wconf 86' lang='lat' dir='ltr'>et</span> <span class='ocrx_word' id='word_1_279' title='bbox 837 2895 952 2938; x_wconf 91' lang='lat' dir='ltr'>moram</span> <span class='ocrx_word' id='word_1_280' title='bbox 981 2874 1012 2936; x_wconf 93' lang='lat' dir='ltr'>in</span> <span class='ocrx_word' id='word_1_281' title='bbox 1041 2871 1253 2955; x_wconf 87' lang='lat' dir='ltr'>superioribus.</span> <span class='ocrx_word' id='word_1_282' title='bbox 1299 2872 1377 2952; x_wconf 78' lang='lat' dir='ltr'>Ego,</span> <span class='ocrx_word' id='word_1_283' title='bbox 1409 2870 1466 2934; x_wconf 90' lang='lat' dir='ltr'>tibi</span> 
     </span>
     <span class='ocr_line' id='line_1_30' title="bbox 101 2955 1466 3050; baseline -0.003 -22"><span class='ocrx_word' id='word_1_284' title='bbox 101 2987 169 3050; x_wconf 82' lang='lat' dir='ltr'>par,</span> <span class='ocrx_word' id='word_1_285' title='bbox 191 2965 283 3028; x_wconf 89' lang='lat' dir='ltr'>nnius</span> <span class='ocrx_word' id='word_1_286' title='bbox 298 2963 442 3043; x_wconf 77' lang='lat' dir='ltr'>trianguli</span> <span class='ocrx_word' id='word_1_287' title='bbox 456 2963 543 3028; x_wconf 87' lang='grc' dir='ltr'>ΑΗΒ</span> <span class='ocrx_word' id='word_1_288' title='bbox 558 2983 629 3031; x_wconf 86' lang='lat' dir='ltr'>area</span> <span class='ocrx_word' id='word_1_289' title='bbox 651 2955 773 3048; x_wconf 62' lang='lat' dir='ltr'>partem*</span> <span class='ocrx_word' id='word_1_290' title='bbox 781 2965 948 3048; x_wconf 88' lang='lat' dir='ltr'>physicam,</span> <span class='ocrx_word' id='word_1_291' title='bbox 972 2964 1083 3045; x_wconf 87' lang='lat' dir='ltr'>angulo</span> <span class='ocrx_word' id='word_1_292' title='bbox 1096 2963 1184 3026; x_wconf 88' lang='grc' dir='ltr'>ΔΗΒ</span> <span class='ocrx_word' id='word_1_293' title='bbox 1198 2967 1316 3043; x_wconf 85' lang='lat' dir='ltr'>partem</span> <span class='ocrx_word' id='word_1_294' title='bbox 1335 2961 1466 3042; x_wconf 88' lang='lat' dir='ltr'>opticam</span> 
     </span>
     <span class='ocr_line' id='line_1_31' title="bbox 103 3051 1465 3212; baseline -0.004 -94"><span class='ocrx_word' id='word_1_295' title='bbox 103 3053 299 3212; x_wconf 52' lang='lat' dir='ltr'>ffifflssnis</span> <span class='ocrx_word' id='word_1_296' title='bbox 322 3052 534 3206; x_wconf 40' lang='lat' dir='ltr'>inquirossuna</span> <span class='ocrx_word' id='word_1_297' title='bbox 548 3055 680 3207; x_wconf 57' lang='lat' dir='ltr'>naturpli</span> <span class='ocrx_word' id='word_1_298' title='bbox 700 3054 862 3209; x_wconf 54' lang='grc' dir='ltr'>ιίιιιῗᾞιι</span> <span class='ocrx_word' id='word_1_299' title='bbox 878 3053 1077 3206; x_wconf 54' lang='grc' dir='ltr'>ίρῑιιιιιιιιιιίιῖι</span> <span class='ocrx_word' id='word_1_300' title='bbox 1099 3051 1182 3203; x_wconf 48' lang='lat' dir='ltr'>hilm</span> <span class='ocrx_word' id='word_1_301' title='bbox 1194 3058 1322 3202; x_wconf 53' lang='lat' dir='ltr'>:getae</span> <span class='ocrx_word' id='word_1_302' title='bbox 1339 3069 1465 3202; x_wconf 57' lang='lat' dir='ltr'>corpop:</span> 
     </span>
    </p>

    <p class='ocr_par' dir='ltr' id='par_1_5' title="bbox 102 3157 1465 4230">
     <span class='ocr_line' id='line_1_32' title="bbox 261 3157 1408 3226; baseline -0.006 -20"><span class='ocrx_word' id='word_1_303' title='bbox 261 3192 271 3222; x_wconf 88' lang='lat'>,</span> <span class='ocrx_word' id='word_1_304' title='bbox 303 3162 357 3225; x_wconf 92' lang='lat' dir='ltr'>per</span> <span class='ocrx_word' id='word_1_305' title='bbox 386 3163 443 3224; x_wconf 86' lang='lat' dir='ltr'>spa</span> <span class='ocrx_word' id='word_1_306' title='bbox 468 3163 668 3226; x_wconf 85' lang='lat' dir='ltr'>um.aequae</span> <span class='ocrx_word' id='word_1_307' title='bbox 697 3165 757 3226; x_wconf 87' lang='lat' dir='ltr'>rpsr</span> <span class='ocrx_word' id='word_1_308' title='bbox 859 3163 877 3205; x_wconf 91' lang='lat' dir='ltr'>e</span> <span class='ocrx_word' id='word_1_309' title='bbox 911 3163 994 3208; x_wconf 81' lang='lat' dir='ltr'>ciens</span> <span class='ocrx_word' id='word_1_310' title='bbox 1039 3161 1076 3205; x_wconf 94' lang='lat' dir='ltr'>no</span> <span class='ocrx_word' id='word_1_311' title='bbox 1135 3157 1193 3202; x_wconf 88' lang='lat' dir='ltr'>ae</span> <span class='ocrx_word' id='word_1_312' title='bbox 1235 3157 1299 3214; x_wconf 88' lang='lat' dir='ltr'>em,</span> <span class='ocrx_word' id='word_1_313' title='bbox 1331 3157 1408 3220; x_wconf 81' lang='lat' dir='ltr'>quae</span> 
     </span>
     <span class='ocr_line' id='line_1_33' title="bbox 103 3229 1464 3310; baseline -0.006 -10"><span class='ocrx_word' id='word_1_314' title='bbox 103 3233 271 3300; x_wconf 70' lang='lat' dir='ltr'>imatione</span> <span class='ocrx_word' id='word_1_315' title='bbox 295 3232 392 3295; x_wconf 86' lang='lat' dir='ltr'>centri</span> <span class='ocrx_word' id='word_1_316' title='bbox 414 3251 474 3294; x_wconf 93' lang='lat' dir='ltr'>non</span> <span class='ocrx_word' id='word_1_317' title='bbox 496 3233 637 3296; x_wconf 80' lang='lat' dir='ltr'>naturali</span> <span class='ocrx_word' id='word_1_318' title='bbox 673 3233 734 3298; x_wconf 86' lang='lat' dir='ltr'>Ubi</span> <span class='ocrx_word' id='word_1_319' title='bbox 756 3233 829 3295; x_wconf 91' lang='lat' dir='ltr'>mihi</span> <span class='ocrx_word' id='word_1_320' title='bbox 845 3233 885 3295; x_wconf 85' lang='lat' dir='ltr'>ad</span> <span class='ocrx_word' id='word_1_321' title='bbox 906 3252 1005 3296; x_wconf 87' lang='lat' dir='ltr'>meam</span> <span class='ocrx_word' id='word_1_322' title='bbox 1027 3229 1218 3294; x_wconf 89' lang='lat' dir='ltr'>librationem</span> <span class='ocrx_word' id='word_1_323' title='bbox 1240 3247 1299 3291; x_wconf 92' lang='lat' dir='ltr'>non</span> <span class='ocrx_word' id='word_1_324' title='bbox 1322 3233 1372 3290; x_wconf 90' lang='lat' dir='ltr'>est</span> <span class='ocrx_word' id='word_1_325' title='bbox 1390 3246 1464 3310; x_wconf 91' lang='lat' dir='ltr'>opus</span> 
     </span>
     <span class='ocr_line' id='line_1_34' title="bbox 104 3315 1464 3404; baseline -0.006 -16"><span class='ocrx_word' id='word_1_326' title='bbox 104 3323 242 3399; x_wconf 72' lang='lat' dir='ltr'>suabe,</span> <span class='ocrx_word' id='word_1_327' title='bbox 265 3329 301 3384; x_wconf 89' lang='grc' dir='ltr'>ιιι</span> <span class='ocrx_word' id='word_1_328' title='bbox 322 3320 395 3384; x_wconf 82' lang='lat' dir='ltr'>tibi:</span> <span class='ocrx_word' id='word_1_329' title='bbox 430 3321 542 3385; x_wconf 85' lang='lat' dir='ltr'>sufficit</span> <span class='ocrx_word' id='word_1_330' title='bbox 569 3322 648 3384; x_wconf 89' lang='lat' dir='ltr'>enim</span> <span class='ocrx_word' id='word_1_331' title='bbox 675 3322 723 3386; x_wconf 88' lang='lat' dir='ltr'>vis</span> <span class='ocrx_word' id='word_1_332' title='bbox 754 3323 927 3403; x_wconf 87' lang='lat' dir='ltr'>magnetica</span> <span class='ocrx_word' id='word_1_333' title='bbox 954 3321 1050 3404; x_wconf 89' lang='lat' dir='ltr'>ipsius</span> <span class='ocrx_word' id='word_1_334' title='bbox 1080 3317 1216 3401; x_wconf 89' lang='lat' dir='ltr'>corporis</span> <span class='ocrx_word' id='word_1_335' title='bbox 1234 3315 1339 3382; x_wconf 86' lang='lat' dir='ltr'>Martii</span> <span class='ocrx_word' id='word_1_336' title='bbox 1370 3335 1464 3399; x_wconf 89' lang='lat' dir='ltr'>eaque</span> 
     </span>
     <span class='ocr_line' id='line_1_35' title="bbox 104 3405 1465 3492; baseline -0.007 -14"><span class='ocrx_word' id='word_1_337' title='bbox 104 3415 214 3490; x_wconf 80' lang='lat' dir='ltr'>bruta,</span> <span class='ocrx_word' id='word_1_338' title='bbox 249 3431 317 3474; x_wconf 90' lang='lat' dir='ltr'>cum</span> <span class='ocrx_word' id='word_1_339' title='bbox 346 3417 379 3474; x_wconf 89' lang='lat' dir='ltr'>tu</span> <span class='ocrx_word' id='word_1_340' title='bbox 408 3429 482 3492; x_wconf 90' lang='lat' dir='ltr'>opus</span> <span class='ocrx_word' id='word_1_341' title='bbox 509 3411 623 3476; x_wconf 88' lang='lat' dir='ltr'>behess</span> <span class='ocrx_word' id='word_1_342' title='bbox 646 3411 763 3476; x_wconf 89' lang='lat' dir='ltr'>duabus</span> <span class='ocrx_word' id='word_1_343' title='bbox 789 3411 997 3492; x_wconf 89' lang='lat' dir='ltr'>intelligentiis</span> <span class='ocrx_word' id='word_1_344' title='bbox 1020 3409 1060 3471; x_wconf 89' lang='lat' dir='ltr'>ed</span> <span class='ocrx_word' id='word_1_345' title='bbox 1082 3415 1164 3471; x_wconf 87' lang='lat' dir='ltr'>tuam</span> <span class='ocrx_word' id='word_1_346' title='bbox 1193 3405 1384 3470; x_wconf 90' lang='lat' dir='ltr'>librationem</span> <span class='ocrx_word' id='word_1_347' title='bbox 1407 3406 1465 3469; x_wconf 85' lang='lat' dir='ltr'>ad-</span> 
     </span>
     <span class='ocr_line' id='line_1_36' title="bbox 102 3494 1462 3581; baseline -0.006 -13"><span class='ocrx_word' id='word_1_348' title='bbox 102 3501 354 3568; x_wconf 85' lang='lat' dir='ltr'>ministrandam.</span> <span class='ocrx_word' id='word_1_349' title='bbox 392 3498 528 3572; x_wconf 84' lang='lat' dir='ltr'>Quarto:</span> <span class='ocrx_word' id='word_1_350' title='bbox 553 3499 639 3566; x_wconf 87' lang='lat' dir='ltr'>labor</span> <span class='ocrx_word' id='word_1_351' title='bbox 660 3521 733 3564; x_wconf 85' lang='lat' dir='ltr'>vero</span> <span class='ocrx_word' id='word_1_352' title='bbox 757 3501 814 3564; x_wconf 88' lang='lat' dir='ltr'>tibi</span> <span class='ocrx_word' id='word_1_353' title='bbox 836 3500 934 3581; x_wconf 89' lang='lat' dir='ltr'>major</span> <span class='ocrx_word' id='word_1_354' title='bbox 952 3497 1095 3562; x_wconf 84' lang='lat' dir='ltr'>incumbit</span> <span class='ocrx_word' id='word_1_355' title='bbox 1109 3515 1199 3580; x_wconf 85' lang='lat' dir='ltr'>quarn</span> <span class='ocrx_word' id='word_1_356' title='bbox 1212 3494 1294 3558; x_wconf 91' lang='lat' dir='ltr'>mihi.</span> <span class='ocrx_word' id='word_1_357' title='bbox 1327 3495 1462 3560; x_wconf 84' lang='lat' dir='ltr'>Primum</span> 
     </span>
     <span class='ocr_line' id='line_1_37' title="bbox 102 3584 1462 3667; baseline -0.006 -9"><span class='ocrx_word' id='word_1_358' title='bbox 102 3593 183 3658; x_wconf 80' lang='lat' dir='ltr'>enirm</span> <span class='ocrx_word' id='word_1_359' title='bbox 207 3599 246 3656; x_wconf 89' lang='lat' dir='ltr'>nt</span> <span class='ocrx_word' id='word_1_360' title='bbox 267 3591 326 3654; x_wconf 92' lang='lat' dir='ltr'>BD</span> <span class='ocrx_word' id='word_1_361' title='bbox 349 3589 389 3654; x_wconf 89' lang='lat' dir='ltr'>ad</span> <span class='ocrx_word' id='word_1_362' title='bbox 412 3587 508 3652; x_wconf 90' lang='lat' dir='ltr'>sinum</span> <span class='ocrx_word' id='word_1_363' title='bbox 527 3589 623 3667; x_wconf 84' lang='grc' dir='ltr'><strong>ΕΒΙ),</strong></span> <span class='ocrx_word' id='word_1_364' title='bbox 647 3591 692 3654; x_wconf 90' lang='lat' dir='ltr'>sic</span> <span class='ocrx_word' id='word_1_365' title='bbox 712 3589 844 3653; x_wconf 88' lang='lat' dir='ltr'>maxima</span> <span class='ocrx_word' id='word_1_366' title='bbox 866 3589 1014 3653; x_wconf 86' lang='lat' dir='ltr'>distentia</span> <span class='ocrx_word' id='word_1_367' title='bbox 1032 3587 1087 3652; x_wconf 82' lang='grc' dir='ltr'>ΒΟ</span> <span class='ocrx_word' id='word_1_368' title='bbox 1111 3585 1151 3650; x_wconf 84' lang='lat' dir='ltr'>ad</span> <span class='ocrx_word' id='word_1_369' title='bbox 1173 3584 1327 3650; x_wconf 89' lang='lat' dir='ltr'>modulum</span> <span class='ocrx_word' id='word_1_370' title='bbox 1344 3585 1462 3666; x_wconf 87' lang='lat' dir='ltr'>justum</span> 
     </span>
     <span class='ocr_line' id='line_1_38' title="bbox 104 3673 1462 3764; baseline -0.006 -18"><span class='ocrx_word' id='word_1_371' title='bbox 104 3682 217 3764; x_wconf 79' lang='lat' dir='ltr'>angulo</span> <span class='ocrx_word' id='word_1_372' title='bbox 237 3680 325 3744; x_wconf 83' lang='lat' dir='ltr'>EBD</span> <span class='ocrx_word' id='word_1_373' title='bbox 344 3683 381 3748; x_wconf 75' lang='lat' dir='ltr'>(t)</span> <span class='ocrx_word' id='word_1_374' title='bbox 400 3680 635 3743; x_wconf 76' lang='lat' dir='ltr'>convenientem.</span> <span class='ocrx_word' id='word_1_375' title='bbox 673 3679 790 3744; x_wconf 89' lang='lat' dir='ltr'>Deinde</span> <span class='ocrx_word' id='word_1_376' title='bbox 809 3679 913 3744; x_wconf 87' lang='lat' dir='ltr'>ntAB</span> <span class='ocrx_word' id='word_1_377' title='bbox 929 3680 968 3742; x_wconf 89' lang='lat' dir='ltr'>ad</span> <span class='ocrx_word' id='word_1_378' title='bbox 981 3677 1036 3743; x_wconf 85' lang='lat' dir='ltr'>BG</span> <span class='ocrx_word' id='word_1_379' title='bbox 1051 3676 1095 3740; x_wconf 91' lang='lat' dir='ltr'>sic</span> <span class='ocrx_word' id='word_1_380' title='bbox 1113 3681 1197 3740; x_wconf 86' lang='lat' dir='ltr'>totns</span> <span class='ocrx_word' id='word_1_381' title='bbox 1218 3673 1257 3737; x_wconf 83' lang='lat' dir='ltr'>ad</span> <span class='ocrx_word' id='word_1_382' title='bbox 1277 3681 1462 3756; x_wconf 85' lang='lat' dir='ltr'>tangentem,</span> 
     </span>
     <span class='ocr_line' id='line_1_39' title="bbox 104 3763 1463 3855; baseline -0.006 -19"><span class='ocrx_word' id='word_1_383' title='bbox 104 3791 163 3855; x_wconf 90' lang='lat' dir='ltr'>qno</span> <span class='ocrx_word' id='word_1_384' title='bbox 177 3775 326 3850; x_wconf 82' lang='lat' dir='ltr'>tangente</span> <span class='ocrx_word' id='word_1_385' title='bbox 351 3775 399 3830; x_wconf 90' lang='lat' dir='ltr'>est</span> <span class='ocrx_word' id='word_1_386' title='bbox 418 3770 622 3852; x_wconf 82' lang='lat' dir='ltr'>excerpendae</span> <span class='ocrx_word' id='word_1_387' title='bbox 646 3769 773 3850; x_wconf 86' lang='lat' dir='ltr'>angulus</span> <span class='ocrx_word' id='word_1_388' title='bbox 790 3768 885 3833; x_wconf 73' lang='lat' dir='ltr'>Bac.</span> <span class='ocrx_word' id='word_1_389' title='bbox 923 3767 1002 3832; x_wconf 91' lang='lat' dir='ltr'>Mihi</span> <span class='ocrx_word' id='word_1_390' title='bbox 1019 3773 1121 3831; x_wconf 86' lang='lat' dir='ltr'>manet</span> <span class='ocrx_word' id='word_1_391' title='bbox 1137 3765 1236 3848; x_wconf 84' lang='lat' dir='ltr'>prima</span> <span class='ocrx_word' id='word_1_392' title='bbox 1259 3763 1406 3846; x_wconf 87' lang='lat' dir='ltr'>operatio,</span> <span class='ocrx_word' id='word_1_393' title='bbox 1430 3773 1463 3828; x_wconf 90' lang='lat' dir='ltr'>at</span> 
     </span>
     <span class='ocr_line' id='line_1_40' title="bbox 102 3853 1462 3944; baseline -0.007 -19"><span class='ocrx_word' id='word_1_394' title='bbox 102 3881 157 3944; x_wconf 93' lang='lat' dir='ltr'>pro</span> <span class='ocrx_word' id='word_1_395' title='bbox 173 3859 311 3924; x_wconf 84' lang='lat' dir='ltr'>secunda</span> <span class='ocrx_word' id='word_1_396' title='bbox 328 3857 408 3930; x_wconf 84' lang='lat' dir='ltr'>idem</span> <span class='ocrx_word' id='word_1_397' title='bbox 425 3857 509 3920; x_wconf 91' lang='lat' dir='ltr'>sinus</span> <span class='ocrx_word' id='word_1_398' title='bbox 525 3861 601 3933; x_wconf 92' lang='lat' dir='ltr'>(non</span> <span class='ocrx_word' id='word_1_399' title='bbox 613 3857 680 3940; x_wconf 85' lang='lat' dir='ltr'>jam</span> <span class='ocrx_word' id='word_1_400' title='bbox 694 3857 786 3922; x_wconf 87' lang='lat' dir='ltr'>etiam</span> <span class='ocrx_word' id='word_1_401' title='bbox 803 3859 948 3939; x_wconf 85' lang='lat' dir='ltr'>tangens)</span> <span class='ocrx_word' id='word_1_402' title='bbox 968 3857 1071 3938; x_wconf 84' lang='lat' dir='ltr'>anguli</span> <span class='ocrx_word' id='word_1_403' title='bbox 1088 3855 1173 3920; x_wconf 85' lang='lat' dir='ltr'>EBD</span> <span class='ocrx_word' id='word_1_404' title='bbox 1192 3857 1229 3923; x_wconf 79' lang='lat' dir='ltr'>(t)</span> <span class='ocrx_word' id='word_1_405' title='bbox 1243 3853 1462 3934; x_wconf 87' lang='lat' dir='ltr'>multiplicatur</span> 
     </span>
     <span class='ocr_line' id='line_1_41' title="bbox 104 3941 1461 4030; baseline -0.007 -15"><span class='ocrx_word' id='word_1_406' title='bbox 104 3951 172 4024; x_wconf 83' lang='lat' dir='ltr'>(ubi</span> <span class='ocrx_word' id='word_1_407' title='bbox 192 3949 284 4014; x_wconf 80' lang='lat' dir='ltr'>nulla</span> <span class='ocrx_word' id='word_1_408' title='bbox 305 3946 417 4010; x_wconf 84' lang='lat' dir='ltr'>divisio</span> <span class='ocrx_word' id='word_1_409' title='bbox 439 3954 473 4010; x_wconf 88' lang='lat' dir='ltr'>ut</span> <span class='ocrx_word' id='word_1_410' title='bbox 496 3946 567 4022; x_wconf 90' lang='lat' dir='ltr'>tibi)</span> <span class='ocrx_word' id='word_1_411' title='bbox 590 3949 621 4011; x_wconf 92' lang='lat' dir='ltr'>in</span> <span class='ocrx_word' id='word_1_412' title='bbox 643 3965 745 4030; x_wconf 79' lang='lat' dir='ltr'>aream</span> <span class='ocrx_word' id='word_1_413' title='bbox 776 3947 900 4010; x_wconf 78' lang='lat' dir='ltr'>maximi</span> <span class='ocrx_word' id='word_1_414' title='bbox 921 3945 1076 4028; x_wconf 64' lang='lat' dir='ltr'>uianguli,</span> <span class='ocrx_word' id='word_1_415' title='bbox 1105 3944 1263 4028; x_wconf 80' lang='lat' dir='ltr'>proditque</span> <span class='ocrx_word' id='word_1_416' title='bbox 1287 3941 1391 4004; x_wconf 87' lang='lat' dir='ltr'>statim</span> <span class='ocrx_word' id='word_1_417' title='bbox 1419 3943 1461 4020; x_wconf 88' lang='lat' dir='ltr'>id,</span> 
     </span>
     <span class='ocr_line' id='line_1_42' title="bbox 104 4031 1463 4122; baseline -0.006 -18"><span class='ocrx_word' id='word_1_418' title='bbox 104 4040 183 4122; x_wconf 90' lang='lat' dir='ltr'>quod</span> <span class='ocrx_word' id='word_1_419' title='bbox 215 4047 251 4102; x_wconf 87' lang='lat' dir='ltr'>tn</span> <span class='ocrx_word' id='word_1_420' title='bbox 267 4055 340 4122; x_wconf 79' lang='lat' dir='ltr'>,per</span> <span class='ocrx_word' id='word_1_421' title='bbox 367 4043 541 4117; x_wconf 80' lang='lat' dir='ltr'>tangentem</span> <span class='ocrx_word' id='word_1_422' title='bbox 570 4037 689 4101; x_wconf 89' lang='lat' dir='ltr'>demum</span> <span class='ocrx_word' id='word_1_423' title='bbox 720 4053 880 4120; x_wconf 88' lang='lat' dir='ltr'>excerpere</span> <span class='ocrx_word' id='word_1_424' title='bbox 911 4053 1036 4098; x_wconf 83' lang='lat' dir='ltr'>necesse</span> <span class='ocrx_word' id='word_1_425' title='bbox 1068 4031 1183 4110; x_wconf 86' lang='lat' dir='ltr'>habes,</span> <span class='ocrx_word' id='word_1_426' title='bbox 1212 4031 1385 4094; x_wconf 87' lang='lat' dir='ltr'>discurrens</span> <span class='ocrx_word' id='word_1_427' title='bbox 1408 4049 1463 4114; x_wconf 87' lang='lat' dir='ltr'>per</span> 
     </span>
     <span class='ocr_line' id='line_1_43' title="bbox 105 4119 1461 4230; baseline -0.009 -35"><span class='ocrx_word' id='word_1_428' title='bbox 105 4129 240 4194; x_wconf 60' lang='lat' dir='ltr'>murem</span> <span class='ocrx_word' id='word_1_429' title='bbox 255 4123 456 4208; x_wconf 85' lang='lat' dir='ltr'>tangentium.</span> <span class='ocrx_word' id='word_1_430' title='bbox 473 4125 621 4210; x_wconf 88' lang='lat' dir='ltr'>Reliquus</span> <span class='ocrx_word' id='word_1_431' title='bbox 636 4125 723 4230; x_wconf 66' lang='lat' dir='ltr'>lpbor</span> <span class='ocrx_word' id='word_1_432' title='bbox 734 4125 814 4190; x_wconf 86' lang='lat' dir='ltr'>circa</span> <span class='ocrx_word' id='word_1_433' title='bbox 829 4125 970 4210; x_wconf 84' lang='lat' dir='ltr'>angulum</span> <span class='ocrx_word' id='word_1_434' title='bbox 984 4125 1070 4190; x_wconf 80' lang='grc' dir='ltr'>ΑΗΒ</span> <span class='ocrx_word' id='word_1_435' title='bbox 1087 4129 1136 4187; x_wconf 89' lang='lat' dir='ltr'>est</span> <span class='ocrx_word' id='word_1_436' title='bbox 1152 4121 1270 4206; x_wconf 86' lang='lat' dir='ltr'>utrique</span> <span class='ocrx_word' id='word_1_437' title='bbox 1286 4119 1461 4185; x_wconf 89' lang='lat' dir='ltr'>communis.</span> 
     </span>
    </p>

    <p class='ocr_par' dir='ltr' id='par_1_6' title="bbox 104 4209 1463 4848">
     <span class='ocr_line' id='line_1_44' title="bbox 190 4209 1463 4298; baseline -0.008 -14"><span class='ocrx_word' id='word_1_438' title='bbox 190 4219 280 4284; x_wconf 87' lang='lat' dir='ltr'>Haec</span> <span class='ocrx_word' id='word_1_439' title='bbox 305 4216 410 4298; x_wconf 86' lang='lat' dir='ltr'>itaque</span> <span class='ocrx_word' id='word_1_440' title='bbox 432 4215 470 4278; x_wconf 92' lang='lat' dir='ltr'>de</span> <span class='ocrx_word' id='word_1_441' title='bbox 493 4221 547 4280; x_wconf 91' lang='lat' dir='ltr'>tna</span> <span class='ocrx_word' id='word_1_442' title='bbox 567 4216 682 4280; x_wconf 82' lang='lat' dir='ltr'>vicaria</span> <span class='ocrx_word' id='word_1_443' title='bbox 697 4217 816 4291; x_wconf 82' lang='lat' dir='ltr'>(verum</span> <span class='ocrx_word' id='word_1_444' title='bbox 831 4217 956 4290; x_wconf 88' lang='lat' dir='ltr'>nomen)</span> <span class='ocrx_word' id='word_1_445' title='bbox 971 4212 1133 4297; x_wconf 87' lang='lat' dir='ltr'>hypothesi</span> <span class='ocrx_word' id='word_1_446' title='bbox 1155 4211 1256 4276; x_wconf 89' lang='lat' dir='ltr'>dicere</span> <span class='ocrx_word' id='word_1_447' title='bbox 1278 4209 1370 4274; x_wconf 87' lang='lat' dir='ltr'>volni.</span> <span class='ocrx_word' id='word_1_448' title='bbox 1416 4211 1463 4274; x_wconf 87' lang='lat' dir='ltr'>Tu</span> 
     </span>
     <span class='ocr_line' id='line_1_45' title="bbox 105 4299 1462 4390; baseline -0.01 -16"><span class='ocrx_word' id='word_1_449' title='bbox 105 4309 323 4390; x_wconf 66' lang='lat' dir='ltr'>prunellatam</span> <span class='ocrx_word' id='word_1_450' title='bbox 354 4313 388 4367; x_wconf 92' lang='lat' dir='ltr'>et</span> <span class='ocrx_word' id='word_1_451' title='bbox 417 4303 603 4370; x_wconf 81' lang='lat' dir='ltr'>hilaritatem</span> <span class='ocrx_word' id='word_1_452' title='bbox 633 4325 732 4368; x_wconf 86' lang='lat' dir='ltr'>meam</span> <span class='ocrx_word' id='word_1_453' title='bbox 761 4304 982 4368; x_wconf 84' lang='lat' dir='ltr'>inscribendo</span> <span class='ocrx_word' id='word_1_454' title='bbox 1010 4303 1083 4367; x_wconf 92' lang='lat' dir='ltr'>boni</span> <span class='ocrx_word' id='word_1_455' title='bbox 1105 4301 1237 4365; x_wconf 89' lang='lat' dir='ltr'>consuls.</span> <span class='ocrx_word' id='word_1_456' title='bbox 1283 4299 1390 4374; x_wconf 87' lang='lat' dir='ltr'>Vides,</span> <span class='ocrx_word' id='word_1_457' title='bbox 1413 4318 1462 4361; x_wconf 90' lang='lat' dir='ltr'>me</span> 
     </span>
     <span class='ocr_line' id='line_1_46' title="bbox 106 4387 1461 4472; baseline -0.011 -7"><span class='ocrx_word' id='word_1_458' title='bbox 106 4399 222 4464; x_wconf 81' lang='lat' dir='ltr'>laudem</span> <span class='ocrx_word' id='word_1_459' title='bbox 247 4397 294 4462; x_wconf 93' lang='lat' dir='ltr'>illi</span> <span class='ocrx_word' id='word_1_460' title='bbox 319 4394 456 4460; x_wconf 80' lang='lat' dir='ltr'>tribuere</span> <span class='ocrx_word' id='word_1_461' title='bbox 484 4395 622 4459; x_wconf 87' lang='lat' dir='ltr'>veritatis</span> <span class='ocrx_word' id='word_1_462' title='bbox 644 4395 726 4458; x_wconf 86' lang='lat' dir='ltr'>circa</span> <span class='ocrx_word' id='word_1_463' title='bbox 748 4395 901 4471; x_wconf 84' lang='lat' dir='ltr'>ellectum,</span> <span class='ocrx_word' id='word_1_464' title='bbox 932 4391 988 4456; x_wconf 91' lang='lat' dir='ltr'>tibi</span> <span class='ocrx_word' id='word_1_465' title='bbox 1009 4411 1083 4456; x_wconf 84' lang='lat' dir='ltr'>vero</span> <span class='ocrx_word' id='word_1_466' title='bbox 1105 4388 1233 4472; x_wconf 89' lang='lat' dir='ltr'>ingenii:</span> <span class='ocrx_word' id='word_1_467' title='bbox 1266 4395 1298 4449; x_wconf 88' lang='lat' dir='ltr'>et</span> <span class='ocrx_word' id='word_1_468' title='bbox 1325 4387 1461 4469; x_wconf 91' lang='lat' dir='ltr'>inprimis</span> 
     </span>
     <span class='ocr_line' id='line_1_47' title="bbox 109 4475 1462 4572; baseline -0.011 -17"><span class='ocrx_word' id='word_1_469' title='bbox 109 4488 209 4554; x_wconf 80' lang='lat' dir='ltr'>lectari</span> <span class='ocrx_word' id='word_1_470' title='bbox 233 4505 330 4572; x_wconf 88' lang='lat' dir='ltr'>snper</span> <span class='ocrx_word' id='word_1_471' title='bbox 353 4485 479 4549; x_wconf 72' lang='lat' dir='ltr'>senuna</span> <span class='ocrx_word' id='word_1_472' title='bbox 501 4491 618 4550; x_wconf 84' lang='lat' dir='ltr'>tuarum</span> <span class='ocrx_word' id='word_1_473' title='bbox 642 4483 880 4566; x_wconf 88' lang='lat' dir='ltr'>speculationum</span> <span class='ocrx_word' id='word_1_474' title='bbox 901 4481 1015 4566; x_wconf 91' lang='lat' dir='ltr'>tibique</span> <span class='ocrx_word' id='word_1_475' title='bbox 1037 4478 1193 4562; x_wconf 89' lang='lat' dir='ltr'>gratulari.</span> <span class='ocrx_word' id='word_1_476' title='bbox 1231 4477 1307 4554; x_wconf 90' lang='lat' dir='ltr'>Nec,</span> <span class='ocrx_word' id='word_1_477' title='bbox 1331 4475 1462 4546; x_wconf 83' lang='lat' dir='ltr'>siveris</span> 
     </span>
     <span class='ocr_line' id='line_1_48' title="bbox 109 4565 1462 4656; baseline -0.014 -9"><span class='ocrx_word' id='word_1_478' title='bbox 109 4578 182 4646; x_wconf 76' lang='lat' dir='ltr'>illam</span> <span class='ocrx_word' id='word_1_479' title='bbox 204 4579 365 4647; x_wconf 80' lang='lat' dir='ltr'>coloribus</span> <span class='ocrx_word' id='word_1_480' title='bbox 389 4572 525 4653; x_wconf 85' lang='lat' dir='ltr'>depinxi,</span> <span class='ocrx_word' id='word_1_481' title='bbox 546 4582 707 4656; x_wconf 89' lang='lat' dir='ltr'>propterea</span> <span class='ocrx_word' id='word_1_482' title='bbox 727 4592 862 4656; x_wconf 89' lang='lat' dir='ltr'>premere</span> <span class='ocrx_word' id='word_1_483' title='bbox 886 4571 972 4636; x_wconf 85' lang='lat' dir='ltr'>illem</span> <span class='ocrx_word' id='word_1_484' title='bbox 993 4579 1024 4635; x_wconf 81' lang='lat' dir='ltr'>tc</span> <span class='ocrx_word' id='word_1_485' title='bbox 1047 4569 1134 4634; x_wconf 70' lang='lat' dir='ltr'>volox</span> <span class='ocrx_word' id='word_1_486' title='bbox 1159 4567 1229 4648; x_wconf 91' lang='lat' dir='ltr'>quin</span> <span class='ocrx_word' id='word_1_487' title='bbox 1252 4565 1373 4648; x_wconf 86' lang='lat' dir='ltr'>potins,</span> <span class='ocrx_word' id='word_1_488' title='bbox 1402 4565 1462 4629; x_wconf 93' lang='lat' dir='ltr'>nisi</span> 
     </span>
     <span class='ocr_line' id='line_1_49' title="bbox 104 4654 1460 4756; baseline -0.012 -23"><span class='ocrx_word' id='word_1_489' title='bbox 104 4669 160 4749; x_wconf 80' lang='lat' dir='ltr'>jann</span> <span class='ocrx_word' id='word_1_490' title='bbox 180 4670 330 4756; x_wconf 73' lang='lat' dir='ltr'>impedis,</span> <span class='ocrx_word' id='word_1_491' title='bbox 364 4669 491 4748; x_wconf 86' lang='lat' dir='ltr'>partem</span> <span class='ocrx_word' id='word_1_492' title='bbox 512 4682 550 4726; x_wconf 92' lang='lat' dir='ltr'>ex</span> <span class='ocrx_word' id='word_1_493' title='bbox 571 4664 627 4727; x_wconf 85' lang='lat' dir='ltr'>illa</span> <span class='ocrx_word' id='word_1_494' title='bbox 649 4663 759 4727; x_wconf 74' lang='lat' dir='ltr'>imiam</span> <span class='ocrx_word' id='word_1_495' title='bbox 780 4661 1072 4730; x_wconf 79' lang='lat' dir='ltr'>Commentariorum</span> <span class='ocrx_word' id='word_1_496' title='bbox 1094 4674 1246 4732; x_wconf 90' lang='lat' dir='ltr'>meorum,</span> <span class='ocrx_word' id='word_1_497' title='bbox 1268 4662 1303 4719; x_wconf 89' lang='lat' dir='ltr'>nt</span> <span class='ocrx_word' id='word_1_498' title='bbox 1323 4654 1460 4737; x_wconf 86' lang='lat' dir='ltr'>petiisti:</span> 
     </span>
     <span class='ocr_line' id='line_1_50' title="bbox 106 4743 1461 4848; baseline -0.01 -26"><span class='ocrx_word' id='word_1_499' title='bbox 106 4759 182 4848; x_wconf 72' lang='lat' dir='ltr'>idque</span> <span class='ocrx_word' id='word_1_500' title='bbox 203 4765 235 4828; x_wconf 82' lang='lat' dir='ltr'>in</span> <span class='ocrx_word' id='word_1_501' title='bbox 261 4757 408 4846; x_wconf 75' lang='lat' dir='ltr'>gratim</span> <span class='ocrx_word' id='word_1_502' title='bbox 439 4769 555 4830; x_wconf 89' lang='lat' dir='ltr'>eorum,</span> <span class='ocrx_word' id='word_1_503' title='bbox 579 4755 629 4836; x_wconf 89' lang='lat' dir='ltr'>qni</span> <span class='ocrx_word' id='word_1_504' title='bbox 650 4753 762 4836; x_wconf 83' lang='lat' dir='ltr'>privati</span> <span class='ocrx_word' id='word_1_505' title='bbox 790 4759 896 4836; x_wconf 83' lang='lat' dir='ltr'>captus</span> <span class='ocrx_word' id='word_1_506' title='bbox 919 4769 1011 4814; x_wconf 85' lang='lat' dir='ltr'>causa</span> <span class='ocrx_word' id='word_1_507' title='bbox 1039 4754 1093 4811; x_wconf 87' lang='lat' dir='ltr'>ent</span> <span class='ocrx_word' id='word_1_508' title='bbox 1117 4751 1242 4829; x_wconf 85' lang='lat' dir='ltr'>propter</span> <span class='ocrx_word' id='word_1_509' title='bbox 1269 4743 1461 4810; x_wconf 87' lang='lat' dir='ltr'>mechanicas</span> 
     </span>
    </p>
   </div>
   <div class='ocr_carea' id='block_1_3' title="bbox 102 4831 1460 4990">
    <p class='ocr_par' dir='ltr' id='par_1_7' title="bbox 102 4831 1460 4990">
     <span class='ocr_line' id='line_1_51' title="bbox 102 4831 1460 4990; baseline -0.015 -67"><span class='ocrx_word' id='word_1_510' title='bbox 102 4851 259 4922; x_wconf 73' lang='lat' dir='ltr'>tficdones</span> <span class='ocrx_word' id='word_1_511' title='bbox 284 4841 521 4917; x_wconf 73' lang='lat' dir='ltr'>ptolomaicam</span> <span class='ocrx_word' id='word_1_512' title='bbox 543 4843 670 4908; x_wconf 86' lang='lat' dir='ltr'>iorrnam</span> <span class='ocrx_word' id='word_1_513' title='bbox 691 4847 802 4909; x_wconf 83' lang='lat' dir='ltr'>amant</span> <span class='ocrx_word' id='word_1_514' title='bbox 847 4841 960 4906; x_wconf 82' lang='lat' dir='ltr'>Fateor</span> <span class='ocrx_word' id='word_1_515' title='bbox 982 4837 1108 4922; x_wconf 87' lang='lat' dir='ltr'>quippe,</span> <span class='ocrx_word' id='word_1_516' title='bbox 1130 4831 1315 4990; x_wconf 54' lang='lat' dir='ltr'>tuamohano</span> <span class='ocrx_word' id='word_1_517' title='bbox 1337 4832 1460 4902; x_wconf 81' lang='lat' dir='ltr'>ordina-</span> 
     </span>
    </p>
   </div>
   <div class='ocr_carea' id='block_1_4' title="bbox 0 0 1796 5558">
    <p class='ocr_par' dir='ltr' id='par_1_8' title="bbox 0 0 1796 5558">
     <span class='ocr_line' id='line_1_52' title="bbox 0 0 1796 5558; baseline 0 4"><span class='ocrx_word' id='word_1_518' title='bbox 0 0 1796 5558; x_wconf 95' lang='lat' dir='ltr'> </span> 
     </span>
    </p>
   </div>
  </div>
 </body>
</html>
