3672 5538
302 301 367 374 352
559 359 567 376 ,
782 306 949 360 nauseas·
967 307 1061 362 serra
1078 308 1167 362 aare·

389 482 441 548 Sic
463 485 555 566 igitur
577 485 652 548 data
674 486 858 566 long‘tndine
880 486 937 553 Dc
959 489 1068 570 prioris
1092 488 1268 564 schematis,
1292 505 1369 571 quae
1383 485 1569 568 respondeat
1583 487 1657 548 dato

302 574 428 656 tempori
460 572 522 637 DG
553 581 585 638 et
616 575 780 638 distantiae
814 575 894 654 GA,
926 579 983 641 hoc
1007 587 1055 641 est
1078 577 1151 654 CA,
1175 587 1296 659 oportet
1313 579 1377 660 jam
1403 578 1495 640 etiarn
1518 576 1656 640 invenire

302 663 442 746 angulum
466 664 553 729 OAD
576 664 750 728 anomaliae
766 675 962 755 coaequatae.
1010 663 1217 732 Oonn'ectatur
1240 667 1266 732 O
1290 686 1356 730 eum
1378 668 1415 741 B,
1441 675 1473 730 et
1496 666 1657 728 continue-

301 765 351 818 tur
373 753 431 818 Ac
453 754 484 816 in
506 753 551 830 E,
580 755 629 817 ubi
652 762 737 817 secet
755 755 919 833 circulum,
951 757 1006 822 Bc
1030 776 1101 820 vero
1124 757 1154 820 in
1177 759 1203 820 F
1225 759 1399 820 sectionem.
1444 756 1514 819 Non
1538 755 1659 818 suffecit

275 845 393 926 ¹igitur
429 843 506 906 scire
535 842 749 924 longitudinem
777 844 853 921 DC,
894 847 1028 926 oportuit
1056 847 1148 909 etiam
1177 846 1356 926 investigari
1389 847 1530 926 angulum
1563 841 1656 909 CBD.

226 963 228 976 ·
301 934 381 1000 Nam
405 933 476 1014 quia
499 930 554 995 OD
577 932 697 996 brevior
720 945 768 997 est
791 955 880 1016 quam
902 935 965 1010 FD,
991 956 1051 1000 non
1073 936 1196 999 metitur
1219 936 1309 1015 igitur
1332 935 1387 1000 OD
1405 926 1547 1015 angulum
1564 933 1658 1008 FBD,

300 1023 360 1086 boc
383 1030 432 1085 est
456 1022 550 1087 CBD.
595 1021 638 1084 Et
660 1023 808 1093 vicissim,
839 1025 898 1087 etsi
928 1024 993 1089 ΟΒ
1013 1026 1131 1088 brevior
1155 1033 1204 1087 est
1227 1044 1315 1107 qnam
1339 1024 1410 1100 FD,
1445 1031 1535 1086 tanta
1556 1031 1659 1084 tamen

302 1133 340 1175 ex
362 1112 388 1174 Β
412 1119 557 1195 apparet,
589 1112 615 1174 si
637 1112 733 1192 fingas
758 1115 874 1176 nemum
897 1113 927 1176 in
951 1116 994 1190 Β,
1032 1123 1146 1197 quanta
1168 1115 1223 1177 FD
1245 1113 1374 1178 metiens
1397 1112 1540 1193 angulum
1562 1109 1657 1174 OBD.

301 1201 345 1265 Et
366 1201 437 1283 qnia
459 1201 637 1275 (secundum
660 1203 869 1266 demonstrata
892 1223 958 1286 cap.
973 1203 1129 1279 XXXH.)
1148 1223 1249 1266 verum
1265 1204 1365 1267 estad
1381 1221 1498 1266 omnem
1514 1219 1659 1264 sensuum

302 1291 510 1366 subtilitatem,
535 1293 614 1372 quod
636 1300 749 1374 quanto
773 1313 793 1353 a
815 1293 841 1354 B
864 1295 1008 1357 remotior
1031 1303 1079 1357 est
1101 1294 1156 1357 FD
1180 1313 1268 1374 quam
1284 1293 1349 1361 ΟΒ,
1372 1300 1460 1355 tanto
1483 1298 1515 1353 et
1538 1289 1659 1370 longior

302 1381 344 1443 sit
365 1381 419 1464 ΡΒ
442 1399 531 1462 qnam
555 1378 626 1456 cu,
650 1379 721 1462 qnia
743 1382 834 1443 etiam
857 1401 960 1446 verum
982 1391 1041 1459 est,
1065 1384 1104 1446 ad
1127 1384 1254 1445 eandem
1276 1401 1418 1444 sensuum
1441 1380 1586 1462 hujusque
1600 1397 1658 1440 ne-

302 1469 376 1550 gotii
410 1469 601 1550 quantumvis
634 1469 840 1534 acutissimam
863 1472 1082 1549 subtilitatem,
1120 1473 1200 1553 quod
1223 1470 1278 1536 ΟΒ
1300 1479 1332 1534 et
1355 1470 1408 1534 CF
1430 1469 1493 1532 sint
1515 1468 1658 1549 aequales

304 1558 436 1638 (longior
472 1557 592 1641 quidem
624 1560 654 1622 in
684 1559 726 1622 rei
758 1561 888 1622 veritate
921 1569 968 1625 est
992 1561 1045 1624 OE
1069 1581 1158 1644 quam
1182 1559 1234 1624 CF
1266 1581 1303 1622 ex
1333 1567 1436 1622 centro
1458 1557 1582 1620 veniens
1604 1575 1659 1638 per

303 1648 388 1712 Encl.
413 1647 468 1722 ΙΙΙ,
496 1648 546 1724 7):
571 1667 641 1730 ergo
665 1650 751 1730 posui
774 1649 880 1730 primo,
905 1651 982 1732 quod
1007 1649 1070 1714 ΟΒ1
1086 1661 1117 1714 et
1138 1651 1194 1714 FD
1217 1650 1278 1713 sint
1301 1648 1454 1731 aequales,
1479 1655 1512 1710 et
1533 1654 1660 1726 utraque

304 1738 346 1799 sit
375 1755 516 1799 mensura
548 1739 648 1818 anguli
679 1737 775 1815 CBD,
807 1740 863 1801 boc
886 1748 943 1802 est·
959 1740 1040 1802 FBD
1063 1741 1111 1802 vel
1136 1741 1228 1803 etiam
1250 1739 1353 1814 EBD,
1384 1737 1471 1821 qnasi
1493 1756 1582 1798 arcus
1604 1735 1659 1797 EF

303 1825 488 1890 insensibilis
525 1838 619 1890 esset.
674 1827 812 1914 Dabatur
841 1829 934 1908 igitur
966 1829 1094 1910 angulus
1126 1829 1211 1892 EBD
1243 1848 1282 1890 ex
1311 1827 1482 1908 cognitione
1511 1823 1578 1889 ΟΒ.
1623 1825 1660 1886 In

303 1916 454 1996 triangulo
478 1915 568 1996 igitur
589 1917 676 1981 EBA
699 1935 737 1978 ex
760 1919 871 1998 angulo
892 1918 977 1980 ΕΒΑ
1002 1926 1033 1981 et
1055 1918 1202 1981 lateribus
1225 1917 1293 1992 ΒΒ,
1317 1918 1375 1980 BA
1400 1915 1537 1996 quaesivi
1560 1913 1660 1994 longi-

302 2005 436 2068 tudinem
460 2003 526 2076 ΑΒ,
550 2007 627 2068 unde
652 2007 789 2070 subtraxi
813 2007 870 2072 AO
894 2007 943 2070 vel
960 2005 1024 2073 AG
1047 2016 1118 2070 ante
1137 2014 1350 2088 computatam,
1376 2005 1659 2086 relinquebatnrque

303 2094 357 2159 OD
380 2090 429 2156 vel
453 2094 505 2159 CF
527 2094 777 2178 appropinquatio
802 2096 928 2160 alterins
951 2095 1070 2160 termini
1093 2097 1130 2160 de
1154 2095 1211 2160 ΟΒ
1234 2097 1273 2159 ad
1294 2103 1430 2159 centrum
1452 2095 1490 2156 B.
1535 2092 1660 2156 Bisecto

303 2183 396 2265 igitur
420 2182 473 2249 GE
507 2180 593 2268 (nam
623 2185 680 2248 boc
712 2183 751 2248 ad
784 2205 904 2249 sensum
926 2186 1014 2262 licet)
1037 2193 1110 2248 nota
1133 2186 1191 2248 fuit
1213 2183 1462 2266 appropinquatio
1484 2181 1581 2263 ipsius
1605 2180 1662 2246 OD

304 2275 344 2336 ad
365 2275 403 2348 Β,
427 2273 461 2336 si.
477 2273 675 2355 aequabiliter
698 2274 833 2338 omnibus
857 2277 977 2357 punctis
994 2275 1277 2358 appropinquasset.
1309 2275 1358 2337 Ex
1371 2270 1661 2356 appropinquatione
1758 2286 1759 2289 ’

302 2381 374 2431 vero
398 2369 429 2424 et
452 2363 618 2442 parallaxis
642 2363 744 2444 optioa
767 2383 819 2428 seu
843 2365 972 2428 visibilis
997 2366 1162 2447 quantitas.
1175 2364 1270 2444 ipsius
1294 2362 1351 2428 ΟΒ
1374 2363 1513 2438 dabatur,
1537 2361 1595 2423 boc
1613 2367 1663 2421 est

304 2451 432 2544 angnbs
457 2448 540 2513 (lBD
563 2451 628 2532 jam
651 2460 821 2529 correctus,
852 2453 900 2535 qni
922 2455 1007 2536 prius
1031 2453 1243 2517 assumebatur
1264 2453 1353 2535 paulo
1377 2452 1487 2527 minor,
1525 2449 1607 2513 nullo
1629 2448 1662 2510 in

303 2539 433 2604 numeris
468 2541 581 2602 nostris
614 2559 723 2604 errore.
778 2543 860 2606 Dato
892 2542 984 2624 igitur
1009 2544 1074 2625 jam
1107 2551 1243 2606 correcto
1267 2541 1377 2624 angulo
1401 2535 1502 2613 CBD,
1533 2539 1591 2602 boc
1613 2545 1664 2600 est

304 2629 521 2712 complemento
545 2628 640 2712 ipsius
664 2630 757 2706 CBA,
783 2639 815 2694 et
839 2632 934 2695 latere
950 2631 1006 2696 ΒΑ
1028 2641 1062 2695 et
1084 2633 1311 2696 eccentricitate
1329 2631 1398 2709 BA,
1422 2631 1552 2692 dabatur
1566 2645 1662 2710 quae-

303 2714 364 2782 sita
393 2717 545 2780 anomalis
567 2728 735 2801 coaequata
758 2719 853 2786 OAD.
1120 2769 1123 2776 -

391 2807 457 2870 Hoc
480 2816 570 2890 pacto
594 2828 652 2872 non
675 2818 797 2890 poterat
820 2811 882 2874 nlla
904 2810 1044 2894 aequatio
1067 2811 1195 2873 seorsim
1218 2806 1372 2882 constitui,
1395 2814 1519 2886 praetor
1530 2805 1662 2887 primam

304 2899 343 2965 sd
367 2896 548 2960 anomaliam
570 2897 701 2962 mediam
726 2897 777 2964 1⁰.
825 2899 972 2983 Reliquae
1001 2919 1104 2963 omnes
1128 2919 1222 2982 usqne
1246 2901 1286 2962 ad
1311 2895 1409 2967 180·-
1431 2911 1663 2976 praesuppone-

303 2987 379 3052 bant
401 3005 519 3068 semper
542 2988 767 3070 aequationem,
792 3010 868 3072 quae
891 2989 1027 3071 proxime
1050 2990 1260 3065 antecederet,
1285 2987 1448 3067 cognitam.
1494 2985 1563 3051 Non
1585 2993 1662 3064 puto

304 3095 482 3159 quemquam
514 3078 597 3152 fore,
638 3078 686 3143 oni
716 3079 793 3143 baec
822 3079 936 3161 legenti
963 3079 1096 3142 taedium
1125 3098 1163 3140 ex
1190 3079 1258 3160 ipsa
1287 3075 1498 3140 lectione-non
1522 3073 1661 3156 obrepat.

304 3165 400 3248 Atqui
422 3167 474 3229 rel
494 3166 563 3229 hinc
582 3167 699 3248 judicet
722 3171 827 3244 lector,
853 3176 997 3251 qnantum
1019 3168 1226 3232 molestiamm
1249 3165 1437 3230 hauserimus
1461 3163 1532 3244 (ego
1548 3163 1662 3226 etcal-

298 3257 421 3321 cnlator
443 3259 544 3330 meus)
568 3257 618 3338 qni
641 3257 718 3320 bano
740 3259 915 3322 methodum
937 3277 992 3339 per
1017 3254 1099 3323 180⁰
1121 3257 1288 3322 anomaliae
1312 3264 1359 3319 ter
1383 3253 1581 3330 absolvimus,
1609 3259 1662 3314 to-

303 3347 362 3410 ties
386 3345 504 3409 scilicet
526 3353 643 3408 mutata
666 3349 903 3411 eccentricitate.

392 3435 438 3499 At
465 3435 596 3498 nondum
622 3437 798 3518 principium
821 3438 909 3519 hujus
932 3435 1049 3499 calculi⁴
1063 3434 1234 3516 expeditum
1257 3442 1315 3496 est.
1361 3431 1434 3494 Dixi
1457 3429 1545 3506 enirn,
1569 3447 1662 3510 prae-
1777 3420 1781 3429 ’

305 3520 431 3606 snp'poni
454 3525 606 3606 cognitam
627 3525 845 3606 longitudinem
867 3526 963 3589 ovalis
988 3526 1091 3588 totins.
1132 3524 1220 3590 Unde
1248 3523 1340 3603 igitur
1357 3521 1434 3584 baec
1449 3520 1663 3600 cognoscitur?

304 3615 371 3696 Ego
395 3614 531 3695 quidem,
565 3613 615 3696 qni
645 3617 738 3678 semel
768 3616 797 3678 in
822 3617 899 3678 hanc
922 3615 1140 3678 inartificialem
1163 3611 1337 3675 numerandi
1360 3611 1508 3674 rationem
1531 3610 1661 3672 descen·

305 3705 427 3773 doram,
459 3722 518 3766 non
542 3704 710 3786 subterfugi
733 3705 817 3768 illam
839 3704 1069 3768 inartificialiter
1091 3720 1350 3785 praesupponere,
1382 3709 1506 3780 totoque
1538 3697 1662 3780 negotio

306 3793 447 3856 absoluto
468 3792 592 3869 uidere,
624 3813 662 3855 an
685 3795 714 3856 in
742 3792 817 3860 180·
832 3794 1023 3874 'operatione
1046 3794 1118 3857 mibi
1141 3795 1208 3875 plns
1232 3791 1343 3867 exiret,
1371 3809 1460 3872 qnam
1484 3786 1663 3869 apparentis

305 3883 450 3964 graduum
477 3879 548 3957 180,
574 3901 612 3944 an
636 3902 708 3946 vero
730 3884 837 3948 minus.
883 3884 962 3947 Nam
986 3883 1012 3945 si
1035 3885 1124 3964 plano
1151 3877 1231 3949 180⁰
1253 3879 1409 3955 exivisset,
1433 3879 1543 3942 bonam
1566 3876 1661 3940 intel-

305 3972 436 4054 ligebam
460 3971 675 4036 assumtionem
698 3973 793 4054 ipsius
816 3971 1011 4056 longitudinis
1035 3973 1147 4048 ovalis3
1178 3972 1223 4036 ain
1248 3978 1348 4032 autem
1371 3969 1484 4045 minus,
1518 3967 1662 4031 minorem

228 4060 811 4144 'lfflffifflwfflst

394 4149 457 4214 Sed
487 4158 588 4213 tamen
616 4170 675 4214 non
700 4151 890 4215 destituimur
912 4149 1141 4214 manuductione
1168 4149 1296 4230 quadam
1316 4145 1500 4228 geometrica
1522 4145 1563 4206 ad
1585 4144 1660 4207 bene

306 4241 523 4322 conjiciendum
551 4241 588 4303 de
617 4241 714 4304 ovalis
752 4241 945 4322 longitudine.
992 4237 1041 4302 Sit
1068 4237 1146 4302 enim
1169 4246 1205 4301 ut
1225 4238 1282 4300 BD
1306 4238 1345 4300 ad
1368 4236 1445 4310 BA,
1477 4233 1520 4296 sic
1539 4235 1599 4296 BA
1622 4234 1661 4296 ad

305 4333 374 4406 ΒΗ,
399 4349 475 4413 quae
499 4348 519 4392 a
540 4331 569 4393 D
593 4348 698 4393 versus
721 4332 747 4392 Β
772 4332 962 4394 extendatur.
1008 4328 1091 4408 Ergo
1121 4329 1192 4409 quia
1220 4329 1302 4406 (cap.
1330 4324 1465 4400 XLVI.)
1497 4324 1577 4405 qnod
1607 4323 1661 4385 sub

306 4420 467 4484 latitudine
491 4420 610 4484 lunulae
634 4427 666 4481 et
688 4421 913 4483 semidiametro
936 4419 1050 4493 circuli,
1074 4418 1137 4481 fere
1160 4415 1286 4498 aequale
1310 4423 1359 4478 est
1381 4414 1528 4495 quadrato
1551 4431 1661 4476 eccen-

307 4510 469 4573 tricitatis:
487 4528 577 4590 qnare
593 4508 694 4582 (Dncl.
711 4509 766 4584 Vl,
786 4508 842 4584 17)
857 4509 1068 4572 eccentricitas
1084 4514 1133 4570 est
1143 4507 1272 4570 medium
1282 4502 1506 4586 proportionale
1517 4501 1597 4564 inter
1612 4501 1661 4563 la-

280 4633 285 4645 ·
307 4599 466 4662 titudinem
488 4599 609 4661 lunulae
633 4605 664 4660 et
686 4597 949 4662 semidiametrum.
995 4598 1041 4660 At
1063 4596 1111 4658 hic
1134 4595 1213 4658 idem
1236 4595 1270 4657 fit
1293 4590 1566 4656 ex.delineationis
1583 4591 1673 4674 lage.

307 4686 389 4768 Ergo
411 4687 471 4750 ΒΗ
494 4694 544 4751 est
565 4687 693 4751 latitudo
716 4688 847 4750 lunulae.
886 4685 1032 4751 Sumatur
1054 4687 1146 4750 edam
1169 4683 1320 4754 dimidium
1343 4684 1379 4745 de
1402 4681 1471 4757 ΗΒ,
1495 4688 1528 4744 et
1551 4687 1661 4744 exten-

309 4776 397 4840 datur
420 4796 439 4838 a
461 4778 488 4841 B
510 4767 616 4841 versbs
639 4773 687 4853 D,
722 4777 819 4860 sitque
841 4778 900 4840 BI:
925 4785 958 4839 et
980 4775 1131 4849 control,
1156 4774 1337 4838 diastemate
1359 4771 1420 4847 ΙΒ,
1451 4769 1580 4834 circulus
1595 4769 1662 4834 ΒΚ

309 4865 471 4941 scribatur,
502 4873 631 4948 tangens
654 4868 853 4934 eccentricum
875 4867 905 4930 in
928 4865 967 4930 D.
1013 4865 1172 4930 Scribatur
1194 4871 1296 4928 autem
1318 4867 1351 4926 et
1364 4867 1466 4926 oenbo
1479 4861 1517 4933 Β,
1541 4859 1660 4925 diaste-
