3604 5534
334 339 397 411 184
813 339 853 396 De
870 337 978 410 Motibus
997 339 1089 396 Stellae
1106 337 1195 396 Martia

326 527 438 609 sorana
463 522 683 606 Ooperru‘cuuu
704 531 769 586 totu
791 528 840 600 qd,
864 543 944 606 queue
962 532 1075 605 aequent
1090 521 1155 598 CA,
1170 525 1214 606 fit
1235 530 1372 606 temperes,
1396 525 1470 604 quic
1484 525 1551 602 udor
1572 527 1677 585 reduc

331 621 361 676 et
384 619 426 676 da
448 614 572 678 radius.
618 612 707 696 Eryo
729 617 794 692 qud
817 620 863 674 eat
888 609 945 675 11⁰
967 609 1020 676 23‘
1044 610 1118 678 53“.
1164 615 1358 695 Differentiae
1384 611 1412 674 l‘
1435 609 1510 676 55¹⁴.

419 703 469 764 lta
496 703 594 778 vides,
634 701 711 783 quod
753 701 962 782 aequationem
998 701 1198 775 eccentrici*)
1222 703 1349 778 attinet,
1380 700 1532 765 minimum
1563 699 1676 780 aliquid

331 793 449 868 deesse,
474 811 531 874 quo
555 791 649 854 miuus
672 791 881 872 hypothesium
906 792 1018 853 formae
1042 790 1272 872 aequipolleant

417 881 653 961 Discrepant
681 889 780 942 tamen
809 879 838 942 in
862 879 1013 942 distantiis
1037 881 1179 962 planetae
1204 901 1222 942 a
1245 881 1311 942 visu
1334 880 1363 942 in
1387 904 1422 956 c,
1456 885 1676 963 proptereaque

331 979 362 1034 et
385 969 414 1032 in
438 970 758 1051 prosthaphaeresibus
782 969 897 1032 annuis,
934 971 1013 1034 Nam
1032 971 1060 1031 in
1086 970 1180 1032 forma
1194 970 1389 1045 Ptolemaica,
1414 977 1448 1032 nt
1466 969 1548 1030 sinus
1572 967 1678 1046 anguli

329 1059 415 1124 AEG
440 1061 478 1122 ad
494 1059 560 1134 Ac,
586 1059 630 1119 ita
653 1059 735 1120 siuns
759 1067 840 1121 totus
863 1058 901 1121 ad
915 1052 990 1134 Aa,
1007 1079 1081 1142 quae
1105 1060 1138 1120 fit
1156 1055 1294 1134 101766,
1318 1060 1435 1139 quaudo
1450 1055 1534 1121 DGE
1553 1064 1603 1120 est
1621 1051 1675 1119 90.

329 1151 373 1212 At
396 1149 425 1211 in
450 1147 657 1230 Copernicaua
679 1171 722 1226 ηα
744 1167 850 1210 secans
875 1157 922 1210 est
945 1149 1047 1228 anguli
1070 1154 1142 1228 quo,
1168 1149 1285 1211 scilicet
1311 1145 1449 1212 102012.
1495 1145 1677 1208 Differentia

330 1235 395 1302 246
419 1239 595 1320 particulae,
621 1238 749 1318 quaeuiu
772 1237 1034 1320 prosthaphaeresi
1059 1239 1139 1300 orbis
1163 1237 1251 1300 annui
1274 1239 1364 1318 paulo
1393 1237 1488 1317 majus
1512 1235 1583 1317 quid
1608 1235 1677 1295 eili-

329 1347 397 1390 cere
420 1334 564 1409 possunt,
589 1334 620 1388 ut
644 1327 723 1388 inira
745 1334 831 1408 parte
854 1335 963 1409 quarta
984 1328 1110 1408 patebit.
1156 1328 1319 1390 Possumus
1343 1335 1376 1389 et
1394 1328 1476 1389 illam
1499 1324 1677 1387 minutulam

330 1418 537 1497 aequatiouum
562 1415 759 1478 differentiam
782 1415 925 1478 obliterat
976 1417 1011 1493 si,
1037 1435 1125 1498 quam
1138 1417 1274 1480 Bralreus
1297 1416 1552 1480 eccentricitatem
1565 1413 1678 1476 Martis

330 1505 479 1568 informa
503 1502 711 1586 Coperuicaua
739 1506 854 1566 invenit
877 1503 936 1568 201
965 1503 999 1581 0,
1034 1525 1099 1568 eum
1122 1507 1151 1568 iu
1177 1507 1271 1570 forma
1293 1505 1478 1568 Ptolemaiou
1505 1511 1678 1567 statuamus

330 1592 450 1658 20103.
503 1594 674 1656 Distantiae
714 1613 783 1656 vero
820 1596 933 1658 formae
966 1593 1191 1676 Oopemicauae
1223 1595 1416 1658 Ptolemaiois
1452 1612 1510 1657 nou
1549 1600 1680 1673 possunt

330 1684 461 1764 aequari,
486 1683 544 1743 nisi
559 1683 698 1763 aequatio
713 1680 755 1747 43
770 1683 890 1746 minutis
905 1685 1046 1747 varietur.
1070 1686 1105 1746 ln
1121 1685 1248 1767 quadam
1264 1683 1497 1768 aequipollentia
1511 1689 1636 1744 tentata
1649 1681 1678 1741 iu

329 1772 490 1854 hypothesi
522 1773 689 1835 tabularum
712 1773 874 1834 Lunarium
897 1774 1046 1855 Tychouis
1071 1774 1145 1835 duos
1175 1774 1246 1836 illos
1278 1775 1428 1856 epicyclos
1452 1771 1679 1852 Copemicauos

328 1862 358 1922 iu
383 1861 474 1923 talem
498 1863 696 1924 eccentrioum
713 1863 928 1925 Ptolemaicum
947 1881 1012 1925 cum
1036 1863 1209 1944 aequaturio
1228 1871 1337 1943 puncto
1347 1861 1539 1943 transposui:
1563 1861 1678 1922 nihilo-

331 1951 429 2012 minus
463 1959 563 2012 tamen
597 1960 628 2014 et
652 1953 816 2034 epicyclum
844 1952 945 2014 addidi
974 1961 1097 2034 propter
1129 1952 1219 2015 aliam
1243 1961 1274 2014 et
1295 1953 1475 2033 peculiarem
1498 1951 1605 2012 Lunae
1630 1949 1679 2010 in-

330 2041 552 2121 aequalitatem.
1423 2049 1426 2056 '

417 2127 552 2210 Denique
582 2149 647 2192 curu
674 2149 728 2212 per
751 2149 816 2211 cap.
841 2131 881 2192 ll.
915 2129 943 2190 iu
967 2129 1024 2192 hac
1049 2132 1144 2192 forma
1167 2129 1375 2210 Copernicaua
1403 2129 1500 2210 maJor
1523 2125 1679 2209 epicyolua

329 2235 395 2280 cum
419 2237 473 2282 suo
498 2220 686 2282 couocutrico
709 2209 930 2300 perfectissima
953 2219 1186 2301 aequipollentia
1208 2221 1305 2298 possit
1332 2219 1487 2300 transponi
1510 2217 1540 2279 in
1566 2235 1679 2278 eccen-

332 2307 449 2380 tricum,
473 2310 557 2389 cujus
581 2310 790 2372 eccentricitas
815 2308 856 2371 sit
880 2309 1014 2388 aequalis
1038 2309 1257 2370 semidiametro
1273 2309 1397 2392 epicycli
1413 2307 1544 2390 majoris,
1569 2324 1680 2385 super-

330 2397 433 2459 addito
471 2415 542 2478 ergo
579 2398 713 2480 epicyclo
745 2399 856 2459 minore
887 2397 945 2477 ipsi
973 2398 1041 2460 huic
1065 2407 1203 2460 eccentro
1227 2396 1432 2479 Copernicauo
1456 2403 1601 2459 nascetur
1625 2413 1680 2456 ec-

331 2485 578 2567 centrepicyclus,
602 2488 688 2566 paria
712 2487 825 2548 iaciens
849 2487 888 2546 ad
911 2504 1037 2564 unguem
1061 2507 1126 2550 oum
1150 2487 1259 2566 duplici
1274 2487 1406 2570 epicyclo
1425 2485 1455 2548 in
1476 2482 1679 2559 concentrieo,

333 2593 390 2636 nec
413 2575 482 2658 plus
505 2576 561 2637 hoc
585 2574 650 2657 ipso
675 2575 712 2638 ab
737 2575 901 2638 eccentrieo
924 2575 1108 2639 Ptolemaiou
1133 2596 1198 2639 cum
1223 2585 1369 2658 aequante
1393 2577 1580 2656 discrepans.

909 2839 1095 2854 h-h———n—n-

904 3057 1024 3157 Caput
1055 3057 1098 3131 V.

332 3219 494 3296 Quatenus
515 3215 592 3278 hacc
619 3235 739 3298 quoque
766 3217 931 3302 dispositio
954 3219 1089 3293 orbium,
1117 3223 1269 3298 aequurde
1298 3213 1345 3280 uel
1371 3213 1508 3278 secundo
1538 3211 1681 3298 epicyclo

328 3329 399 3382 usu,
423 3307 548 3394 reipsa
569 3325 700 3367 mouens
725 3327 792 3370 uuo
814 3315 843 3370 et
865 3307 974 3370 eodem
998 3303 1063 3389 (uel
1078 3309 1227 3390 prosince
1249 3327 1316 3390 upa
1337 3314 1365 3368 et
1388 3298 1527 3382 eaden),
1552 3304 1681 3366 diuersa

329 3416 392 3458 uuo
415 3401 445 3458 et
467 3395 573 3457 eodem
595 3403 745 3458 momento
768 3395 949 3480 spectacula
976 3397 1120 3459 occludere
1136 3396 1254 3480 poscit,
1281 3403 1378 3478 prout
1403 3391 1552 3478 planetae
1574 3393 1625 3457 uel
1648 3395 1681 3455 iu

470 3481 577 3546 medic
598 3482 645 3545 cel
667 3485 703 3547 ira
724 3493 897 3572 apparente
920 3487 1115 3570 oppositione
1137 3507 1207 3550 cum
1229 3483 1305 3548 Sole
1327 3488 1533 3552 obsmerttur.

417 3624 467 3687 Fit
490 3624 603 3686 duobus
633 3623 747 3687 modis:
772 3647 845 3704 uuo,
869 3628 897 3690 iu
923 3647 980 3707 quo
1005 3629 1207 3708 aequipollent
1230 3629 1325 3691 forma
1347 3625 1535 3696 Ptolemaica
1558 3631 1592 3686 et
1616 3621 1679 3688 Co-

330 3713 509 3795 peruicana:
544 3714 655 3789 altero,
690 3715 737 3794 qui
768 3717 929 3798 peculiaris
952 3725 1001 3778 est
1025 3717 1138 3780 iorruae
1163 3716 1403 3798 Copernicanae‚
1433 3733 1519 3796 quem
1543 3722 1578 3778 ut
1601 3714 1680 3776 alie-

331 3805 446 3866 niorem
475 3823 494 3864 a
521 3809 623 3865 nostro
652 3802 790 3868 instituto
818 3805 900 3888 prius
931 3807 1141 3886 expediemus3
1172 3815 1274 3869 manet
1296 3808 1373 3868 enim
1397 3815 1428 3869 et
1450 3803 1574 3886 propius
1599 3803 1680 3883 apud

298 3953 301 3958 .
333 3911 401 3955 sese
423 3911 513 3974 qnam
535 3892 675 3973 reliquus.
1244 3889 1247 3906 '

421 3979 534 4044 Geutro
555 4006 571 4062 y
592 3981 693 4061 spatio
707 3987 743 4063 pt
766 3983 915 4046 scribatur
938 3983 1132 4060 eccentricus,
1157 3984 1187 4046 in
1209 4003 1266 4066 quo
1285 4007 1324 4064 αγ
1346 3985 1389 4046 sit
1408 3984 1502 4065 primo
1518 3982 1584 4044 loco
1600 3980 1683 4043 linea

332 4071 469 4154 apsidum
491 4080 523 4133 et
546 4069 690 4134 crisos:
715 4073 904 4136 continuetur
925 4073 999 4135 haec
1023 4073 1053 4135 iu
1077 4091 1111 4147 ες
1136 4073 1233 4155 sitque
1255 4097 1294 4154 γα
1321 4075 1474 4155 quantitas
1497 4071 1682 4133 eccentrici-

330 4161 405 4223 tatis
427 4162 476 4222 vel
499 4159 575 4222 radii
599 4160 725 4244 epicyoli
740 4159 938 4241 Coppruicani
961 4162 1101 4242 majoris:
1126 4182 1195 4225 nam
1214 4165 1251 4226 de
1266 4161 1498 4243 aequipollentia
1519 4161 1679 4241 utriusque

330 4249 443 4312 dictum
469 4257 517 4310 est
548 4250 577 4311 in
602 4249 658 4311 fine
682 4270 748 4333 cap.
772 4251 829 4315 IV.
876 4252 957 4331 Ergo
984 4263 1088 4314 centro
1111 4275 1126 4313 a
1149 4252 1249 4331 spatio
1276 4275 1313 4331 aq
1344 4251 1493 4316 scribatur
1524 4248 1681 4332 epinyclus

330 4339 443 4414 minor;
466 4346 585 4400 etcum
609 4347 657 4401 est
680 4349 814 4402 centrum
838 4341 925 4420 hujus
948 4341 977 4402 iu
1001 4363 1025 4416 a,
1051 4342 1093 4403 sit
1114 4343 1236 4421 planeta
1258 4341 1288 4402 iu
1307 4363 1332 4420 q,
1358 4341 1491 4403 incidens
1514 4339 1546 4400 in
1569 4339 1681 4402 lineam

330 4451 373 4507 ay,
397 4428 440 4490 sic
464 4436 498 4490 ut
520 4431 558 4488 ed
580 4429 776 4490 eccentrioum
800 4436 954 4508 percurret
970 4449 1027 4490 non
1048 4429 1148 4506 stella,
1173 4431 1225 4492 sed
1250 4439 1385 4492 centrum
1409 4428 1533 4512 epicycli
1558 4427 1681 4490 stellam

333 4517 466 4582 ferentis.
515 4515 573 4578 Per
596 4525 687 4596 caput
720 4517 810 4596 igitur
832 4518 889 4579 IV.
925 4537 1068 4600 expressa
1090 4519 1138 4581 hic
1162 4527 1210 4580 est
1237 4520 1333 4581 forma
1356 4519 1576 4600 Copernicaua.
1625 4515 1680 4578 Cui

329 4624 385 4685 per
408 4612 500 4688 caput
520 4605 577 4668 III.
611 4606 828 4669 constituemus
862 4604 952 4670 aliam
974 4608 1004 4670 iu
1028 4607 1156 4670 veritate
1189 4627 1242 4670 seu
1271 4607 1300 4671 iu
1324 4607 1504 4672 indicatione
1535 4604 1679 4688 ipsissimi

335 4735 645 4758 ιιιω-η-αι-υο--ιι-ὰ

418 4819 443 4887 *)
465 4821 602 4892 Aequatio
632 4812 776 4875 occentet
806 4827 850 4874 est
880 4819 906 4874 iu
937 4821 1026 4892 prima
1056 4821 1266 4894 inaequalitate.
1307 4823 1445 4895 Aequetio
1476 4821 1550 4878 orbis
1582 4829 1628 4879 est
1654 4821 1680 4877 iu

331 4905 449 4956 secunda
470 4902 677 4972 inaequalitate.
718 4904 785 4956 Item
807 4900 1068 4986 prosthapltoeresiay
1083 4895 1182 4959 annua.
