3552 5562
263 295 267 316 ¹
321 263 364 349 66
584 311 587 318 =
736 277 837 332 litans
854 277 957 344 Kepleri
976 223 1127 344 aliorumque
1144 281 1246 328 mutuae

321 482 449 548 sequeus
471 462 596 526 multum
620 459 703 522 facit.
749 457 817 530 Quo
830 457 869 519 -iu
892 457 958 518 loco
981 455 1135 538 planetam
1158 456 1304 530 videmus,
1327 475 1366 518 ex
1388 475 1423 519 eo
1446 457 1476 519 iu
1501 455 1674 538 eclipticam

321 561 408 618 recta
429 551 554 625 ducitur,
579 547 780 612 determinans
805 548 900 609 locum
917 545 983 626 ejus
999 547 1168 626 eclipticum
1175 566 1185 621 3
1207 546 1284 608 haec
1306 553 1356 608 est
1377 545 1512 609 reductio
1535 547 1595 608 visi
1615 549 1674 611 loci

324 643 364 706 ad
388 640 568 722 eclipticam.
613 638 685 700 Jam
708 636 779 718 quia
799 635 924 718 planeta
946 655 1001 698 uec
1024 635 1052 697 in
1077 654 1130 697 suo
1155 635 1220 697 loco
1235 635 1374 716 ecliptico
1389 655 1443 700 uec
1458 657 1529 700 vero
1543 637 1675 714 videtur,

322 732 376 794 sed
400 731 464 794 loco
488 727 664 790 intermedio
689 727 785 801 (visne
814 724 893 786 euim
916 725 999 787 locus
1022 725 1171 806 parallaxi
1193 724 1275 786 orbis
1304 743 1420 788 annuae
1444 727 1474 789 iu
1507 727 1602 790 latum
1626 737 1679 790 est

323 821 494 901 implicatus
518 818 678 880 etiamnum
702 816 758 878 suh
781 814 877 894 ipsam
901 814 1110 898 aoronychiam
1139 813 1311 890 visionem),
1336 834 1451 877 rursum
1471 835 1542 897 ergo
1565 818 1677 880 eadem

321 910 436 974 illaad
460 908 633 987 eclipticam
655 913 748 980 recta,
774 924 849 986 quae
871 911 956 965 secat
976 903 1105 964 orbitam
1127 904 1278 983 planetae,
1304 905 1401 965 locum
1424 905 1468 968 illi
1492 907 1680 968 determinat

324 1001 354 1063 iu
377 1018 432 1062 sua
455 996 563 1059 orbita.
609 995 747 1078 Augulns
771 1001 871 1056 rectus
896 992 934 1053 ab
958 992 1098 1072 ecliptica
1120 1002 1151 1054 et
1182 1012 1253 1055 arcu
1283 993 1451 1056 latitudinis
1483 995 1679 1058 subtenditur

322 1108 392 1151 arcu
416 1087 531 1165 orbitae
546 1086 655 1148 Martis
679 1105 698 1145 a
721 1083 797 1146 uodo
822 1082 860 1142 ad
883 1082 960 1144 hunc
984 1083 1091 1157 locum,
1115 1091 1164 1144 est
1182 1102 1253 1163 ergo
1277 1082 1335 1144 istc
1350 1101 1437 1146 arcus
1454 1085 1569 1164 longior
1584 1105 1677 1166 quam

322 1201 343 1240 a
364 1177 442 1240 nodo
466 1176 505 1237 ad
527 1184 669 1256 puuctum
694 1172 861 1254 ecliptioae.
909 1169 1000 1233 Certe
1025 1171 1162 1251 nuspiam
1177 1171 1261 1234 Mars
1285 1173 1341 1234 uisi
1362 1172 1392 1234 iu
1408 1172 1507 1236 orbita
1529 1195 1585 1236 sua
1603 1194 1679 1236 ver-

322 1276 421 1341 satur,
445 1263 566 1328 minima
589 1264 619 1324 in
643 1261 803 1325 latitudine
827 1259 947 1334 visibill,
972 1278 1027 1322 neo
1047 1261 1157 1322 attinet
1170 1261 1208 1323 ad
1222 1261 1362 1343 proprios¹
1373 1262 1441 1342 ejus
1452 1270 1560 1338 motos,
1587 1283 1680 1344 qoaru

321 1353 403 1420 viam
426 1353 512 1416 uobis
536 1353 673 1414 videatur
696 1351 753 1413 sub
775 1351 841 1412 fixis
865 1349 1043 1412 describere.
1090 1350 1170 1412 Nam
1193 1351 1247 1413 sub
1267 1350 1334 1414 fixis
1349 1369 1403 1412 uec
1418 1361 1466 1414 est
1485 1352 1679 1416 intermixtus

322 1447 382 1510 illis
405 1462 461 1506 nec
485 1449 651 1504 tortuosam
674 1441 755 1502 viam
778 1439 922 1502 describit
948 1457 1003 1500 nec
1032 1439 1214 1518 regreditur,
1250 1459 1326 1520 quae
1358 1440 1458 1504 omnia
1490 1441 1592 1504 videre
1619 1462 1680 1506 nos

321 1544 472 1617 putamus.
511 1531 634 1593 Videris
654 1531 774 1592 taudmu
788 1533 953 1610 provocare
968 1529 1006 1590 ad
1021 1528 1247 1618 observationes
1261 1529 1375 1609 rejecto
1385 1529 1499 1609 judicio
1511 1532 1679 1594 rationum.

235 1665 241 1678 ·
323 1627 368 1689 At
390 1622 523 1702 iniquum
550 1629 598 1682 εει
625 1621 819 1701 postulatum.
867 1615 970 1688 Quid?
1002 1618 1124 1682 Nihilne
1154 1619 1184 1680 iu
1214 1618 1399 1681 astronomia
1430 1639 1590 1701 sequamur
1619 1621 1683 1684 uisi

325 1713 403 1794 quod
432 1703 659 1773 observationes
689 1707 917 1770 monstrarunt?
939 1763 943 1772 ,
963 1705 1049 1778 Quae
1080 1725 1151 1787 ergo
1181 1707 1335 1772 subtilitas
1364 1708 1545 1774 observandi
1572 1711 1683 1773 docuit

255 1795 259 1810 '
325 1800 535 1884 aequationem
558 1807 726 1879 temporum
748 1797 837 1877 idque
858 1798 996 1858 veteres?
1020 1796 1057 1857 de
1070 1796 1244 1877 Tychonica
1266 1815 1325 1859 nou
1349 1796 1463 1878 loquor.
1500 1799 1585 1860 Haec
1609 1800 1684 1880 ipsa

324 1911 439 1974 quoque
463 1888 598 1952 reductio
622 1889 699 1950 unde
721 1886 848 1966 primum
871 1886 958 1948 orta?
1002 1885 1053 1948 Ab
1076 1886 1288 1950 observatione
1313 1906 1349 1949 an
1374 1907 1393 1948 a
1415 1887 1551 1950 ratione?
1597 1889 1682 1952 Puto

324 1981 492 2044 aratione.
539 1979 605 2058 Ego
630 1977 721 2038 doceo
745 1976 907 2048 rationem,
932 1993 1034 2037 veram
1058 1994 1208 2037 essenon
1232 1975 1338 2050 docco,
1370 1995 1458 2056 qnam
1482 1977 1586 2040 eodem
1609 1999 1683 2042 cum

324 2070 478 2134 veteribus
496 2067 565 2148 jore
590 2084 712 2146 sequor3
745 2065 972 2128 observationes
1004 2083 1057 2144 per
1086 2057 1290 2128 reductionem
1314 2066 1522 2141 accommodo,
1553 2087 1591 2129 ne
1623 2087 1682 2148 pro

324 2159 405 2222 veris
438 2157 564 2221 vitiosas
586 2155 766 2217 adhibeam.
813 2152 882 2225 Qua
911 2172 967 2231 ego
997 2173 1051 2214 ceu
1084 2154 1169 2215 clave
1202 2155 1403 2221 astronomiae
1435 2163 1557 2236 reperta
1588 2158 1682 2221 unice

324 2247 446 2330 gloriari
470 2265 605 2327 possum,
637 2243 861 2307 ecceutricitate
887 2240 969 2305 Solis
994 2242 1166 2319 dimidiata,
1197 2243 1227 2306 id
1251 2263 1345 2324 negas
1369 2253 1399 2306 te
1421 2245 1549 2324 probare
1574 2265 1682 2327 posse.

324 2341 393 2404 Non
409 2345 520 2409 tamem
545 2335 601 2410 ais,
626 2334 681 2396 abs
700 2351 747 2399 me
761 2332 936 2396 constitutis
960 2330 1183 2395 discedendum.
1220 2333 1287 2396 Non
1309 2333 1386 2396 facio
1404 2342 1528 2410 temere,
1552 2345 1683 2400 auctore

324 2427 465 2510 Tycboue
489 2425 568 2486 facio
592 2442 644 2484 seu
668 2422 799 2484 conscio.
837 2420 922 2483 Nihil
945 2439 1045 2482 eorum
1069 2421 1152 2497 tollo,
1178 2441 1254 2502 quae
1278 2441 1315 2484 ex
1329 2423 1491 2505 hypothesi
1505 2425 1686 2506 Tychonica

324 2523 501 2596 sequuntur,
530 2521 561 2576 et
589 2511 645 2576 ch.
675 2511 810 2574 Severini
834 2517 1059 2585 (Logomoutauur)
1086 2511 1154 2572 vivo
1187 2511 1327 2592 Tycboue
1357 2511 1387 2573 iu
1416 2512 1588 2577 Lunaribus
1621 2517 1682 2578 hoc

326 2625 424 2668 meum
449 2603 564 2682 reecpit
587 2609 618 2665 et
639 2601 775 2662 imitatus
800 2607 857 2661 εει.
905 2598 1008 2679 Tyoho
1033 2595 1120 2662 3600
1143 2600 1219 2662 dixit
1241 2601 1445 2684 hypotheseos
1469 2603 1586 2682 gratia,
1621 2624 1684 2666 nou

325 2695 403 2775 quod
428 2692 484 2754 hoo
503 2692 569 2772 jam
591 2698 816 2753 sacrosanctum
835 2688 922 2751 nobie
946 2708 1014 2750 esse
1039 2689 1162 2765 debeat,
1191 2697 1226 2752 ut
1255 2698 1326 2752 suut
1355 2691 1592 2755 observationes.
1643 2696 1683 2756 In

326 2784 455 2846 alienum
479 2801 526 2843 me
550 2799 653 2861 agroru
676 2779 820 2841 invadere
844 2777 954 2856 arguis.
1003 2777 1123 2850 Quaero
1148 2797 1230 2858 ergo,
1252 2799 1340 2860 quam
1363 2799 1469 2860 agrum
1493 2779 1682 2862 Copemicus

323 2871 479 2946 invaseiit,
504 2871 573 2932 dum
596 2869 697 2932 Solem
720 2869 841 2949 penitus
860 2867 949 2946 jubet
972 2869 1145 2947 quiescere?
1186 2868 1336 2950 Numquid
1358 2870 1548 2949 planetarum
1571 2872 1682 2950 paral-

324 2960 430 3026 laxee?
468 2959 582 3022 Eodem
601 2960 667 3040 jure
693 2977 748 3038 ego
772 2957 802 3020 in
826 2977 898 3018 casu
921 2957 1010 3037 plaue
1034 2958 1137 3019 eodem
1162 2965 1238 3019 otor.
1276 2959 1356 3020 Nam
1371 2959 1517 3038 quomodo
1532 2959 1681 3023 exSola-

322 3051 407 3114 ribos
430 3048 700 3114 observationibus¹
721 3047 782 3109 ista
813 3046 1041 3120 deducerentur,
1072 3065 1158 3126 quac,
1188 3046 1247 3107 etsi
1275 3047 1424 3108 concedas
1456 3067 1532 3123 essa,
1568 3069 1606 3112 ex
1638 3049 1680 3112 iia

325 3139 454 3204 derivari
477 3158 535 3200 nou
558 3137 703 3219 possunt?
749 3135 836 3199 Adeo
860 3154 906 3198 me
930 3135 1107 3198 destitutam
1131 3135 1277 3216 exemplis
1300 3136 1410 3216 putas?
1447 3134 1528 3207 Quid
1551 3157 1625 3217 ergo
1649 3139 1681 3200 in

327 3227 514 3292 astronomia
536 3235 593 3303 est,
618 3246 784 3308 apogaeum
808 3223 890 3288 Solis
913 3243 968 3305 per
990 3224 1118 3304 eclipses
1141 3226 1290 3305 probare?
1336 3226 1400 3288 Aut
1427 3215 1494 3307 quis
1525 3227 1555 3288 id
1586 3227 1683 3290 iecit?

326 3319 408 3382 Male
433 3313 543 3397 rigatur
566 3335 632 3380 cum
656 3315 853 3384 astronomis,
885 3313 911 3376 si
936 3313 1017 3376 circa
1041 3313 1194 3394 quodlibet
1226 3313 1309 3376 sidus
1340 3317 1371 3376 in
1394 3315 1544 3395 proprium
1574 3335 1685 3395 agrum

326 3417 469 3489 tanquam
490 3407 522 3467 iu
546 3405 679 3468 ordinem
703 3404 814 3468 fuerint
836 3403 962 3466 redacti.

414 3493 481 3570 Ais,
506 3495 705 3560 ratiotionem
726 3495 809 3557 illam
834 3512 962 3556 annuam
986 3493 1064 3554 forte
1087 3492 1165 3554 alias
1191 3491 1301 3554 hahere
1324 3510 1449 3567 causas3
1479 3493 1525 3555 ito
1552 3511 1625 3575 ergo
1650 3503 1685 3557 et

327 3583 347 3648 5
372 3583 523 3666 epioyclos
545 3583 622 3645 infer
644 3583 675 3644 iu
697 3583 847 3662 planetas,
871 3581 978 3662 quibus
1001 3591 1106 3644 centra
1129 3582 1283 3645 librentur.
1322 3580 1358 3643 Id
1372 3582 1496 3662 quidem
1510 3583 1541 3645 iu
1557 3583 1683 3647 Venere

328 3681 360 3734 et
373 3673 521 3735 Mercurio
536 3673 729 3734 Ptolemaeos
745 3669 986 3750 Copernicusqua
1001 3669 1099 3733 coacti
1123 3679 1193 3734 suut
1215 3671 1253 3732 ob
1276 3671 1353 3733 bau'c
1369 3689 1491 3734 causam
1510 3673 1684 3753 ignoratam

330 3763 447 3833 facere,
479 3762 508 3823 in
533 3758 664 3822 Saturno
694 3768 726 3821 et
747 3759 823 3820 Jove
847 3759 1035 3838 negligentes
1059 3760 1097 3821 oh
1124 3759 1405 3836 insensibilitatem
1435 3760 1464 3824 io
1489 3763 1590 3823 Marte
1614 3781 1685 3825 curu

331 3851 430 3913 iacere
454 3849 669 3930 neglexissent,
699 3848 919 3912 inobscurabile
942 3847 1026 3916 sidus
1050 3849 1198 3914 dixerunt.
1246 3849 1359 3912 Verum
1388 3858 1421 3912 tu
1449 3852 1565 3914 usitata
1587 3853 1685 3914 utaris

288 4011 292 4018 ,
331 3939 498 4022 sophistica
522 3938 601 4013 (seio
625 3957 684 4019 qua
707 3946 807 4000 mente
831 3945 863 3998 ct
886 3939 975 4000 oredo
1005 3937 1186 4016 praelationi
1209 3947 1279 4001 tuae
1303 3959 1338 4002 ae
1361 3957 1466 4019 spero,
1496 3949 1527 4000 te
1554 3941 1682 4004 voculas

331 4031 447 4110 aliquas
460 4028 629 4109 hujusmodi
643 4047 701 4090 uon
716 4046 806 4107 aegre
822 4027 985 4101 latumm);
1001 4027 1129 4106 exempli
1145 4047 1245 4104 causa,
1270 4029 1296 4090 si
1311 4029 1394 4090 dicat
1408 4027 1526 4109 aliquis,
1542 4029 1683 4108 phasinm

331 4121 435 4182 Lunae
459 4137 581 4180 oausam
604 4124 717 4179 motum
741 4117 805 4197 ejus
830 4135 898 4178 esse
922 4116 1003 4179 circa
1025 4115 1159 4192 Terram,
1184 4119 1322 4198 sophista
1345 4116 1462 4192 dixerit,
1488 4109 1565 4180 forte
1588 4120 1685 4182 aliam

332 4229 400 4274 esse
424 4227 545 4272 causam
568 4207 716 4287 phasium.
779 4250 788 4268 .
851 4227 863 4254 ν

420 4298 468 4360 Ex
490 4295 614 4358 incertis
636 4303 726 4376 putas
745 4295 876 4374 judicari
900 4295 937 4356 de
961 4295 1061 4356 certis.
1098 4293 1149 4356 Au
1167 4295 1259 4376 igitur
1272 4293 1432 4375 quidquam
1448 4296 1479 4358 iu
1495 4299 1686 4360 astronomia

290 4429 297 4446 .
332 4390 445 4451 rectius
468 4385 729 4452 observationibus
760 4404 814 4447 seu
837 4383 919 4447 Solis
949 4403 1002 4446 eeu
1025 4384 1156 4447 Martis?
1200 4383 1248 4445 Ex
1275 4384 1323 4445 his
1352 4381 1430 4445 enim
1456 4385 1571 4464 J‘udico.
1618 4386 1685 4450 Sed

334 4479 412 4540 torte
434 4477 491 4540 hoc
513 4477 660 4538 incertum
683 4476 761 4557 quod
785 4481 903 4544 statuo,
927 4475 1058 4536 Martem
1079 4481 1151 4555 post
1173 4474 1322 4554 integram
1344 4472 1498 4552 periodum
1521 4475 1550 4536 in
1574 4477 1684 4538 eadem

336 4584 453 4646 semper
476 4559 636 4629 altitbdiue
661 4584 679 4626 a
702 4564 796 4626 Terra
819 4569 851 4626 et
874 4563 978 4636 eodem
1002 4564 1067 4626 loco
1090 4563 1146 4628 sub
1169 4562 1236 4626 rixis
1259 4581 1343 4638 εεεε,
1368 4561 1448 4626 linea
1470 4583 1508 4626 ex
1531 4563 1603 4627 Sole
1628 4583 1685 4645 per

335 4655 418 4716 illum
441 4655 558 4735 ejecto?
594 4653 671 4718 Nom
691 4661 723 4715 tu
738 4653 935 4734 copemioum
951 4661 1003 4715 aut
1017 4653 1219 4716 Ptolemaeum
1243 4651 1390 4732 sequaris,
1414 4661 1448 4716 ut
1463 4654 1566 4734 potius
1588 4654 1683 4718 libres

337 4752 471 4806 ceutrrmr
494 4743 651 4806 eccentrici
673 4745 782 4806 Martis
805 4749 886 4804 motu
910 4762 968 4804 non
992 4743 1084 4805 Marti
1107 4744 1160 4804 sed
1184 4741 1247 4804 Soli
1281 4741 1502 4821 respondente?
1546 4744 1597 4804 Ita
1615 4744 1683 4823 jam

338 4849 396 4894 uon
419 4831 475 4894 boc
497 4840 616 4896 tantum
640 4834 757 4896 ‚referet
788 4832 989 4908 considerare,
1020 4852 1077 4915 quo
1105 4831 1171 4893 loco
1201 4829 1247 4892 sui
1270 4831 1351 4894 orbis
1374 4831 1475 4910 dsit;
1511 4831 1568 4894 nisi
1598 4833 1683 4896 enim
