<?xml version="1.0" encoding="UTF-8"?>
<!DOCTYPE html PUBLIC "-//W3C//DTD XHTML 1.0 Transitional//EN"
    "http://www.w3.org/TR/xhtml1/DTD/xhtml1-transitional.dtd">
<html xmlns="http://www.w3.org/1999/xhtml" xml:lang="en" lang="en">
 <head>
  <title>
</title>
<meta http-equiv="Content-Type" content="text/html;charset=utf-8" />
  <meta name='ocr-system' content='tesseract 3.04.00' />
  <meta name='ocr-capabilities' content='ocr_page ocr_carea ocr_par ocr_line ocrx_word'/>
</head>
<body>
  <div class='ocr_page' id='page_1' title='image "./joanniskepleria28frisgoog_0303.png"; bbox 0 0 3674 5532; ppageno 0'>
   <div class='ocr_carea' id='block_1_1' title="bbox 277 263 1143 350">
    <p class='ocr_par' dir='ltr' id='par_1_1' title="bbox 277 263 1143 350">
     <span class='ocr_line' id='line_1_1' title="bbox 277 263 1143 350; baseline 0.002 -26"><span class='ocrx_word' id='word_1_1' title='bbox 277 269 342 343; x_wconf 72' lang='lat'>284</span> <span class='ocrx_word' id='word_1_2' title='bbox 392 340 394 350; x_wconf 50' lang='lat'>,</span> <span class='ocrx_word' id='word_1_3' title='bbox 760 267 800 326; x_wconf 73' lang='lat' dir='ltr'>tta</span> <span class='ocrx_word' id='word_1_4' title='bbox 817 263 925 326; x_wconf 79' lang='lat' dir='ltr'>hictibus</span> <span class='ocrx_word' id='word_1_5' title='bbox 943 267 1036 328; x_wconf 77' lang='lat' dir='ltr'>Stellae</span> <span class='ocrx_word' id='word_1_6' title='bbox 1054 269 1143 326; x_wconf 74' lang='lat' dir='ltr'>Martis</span> 
     </span>
    </p>
   </div>
   <div class='ocr_carea' id='block_1_2' title="bbox 278 442 1625 534">
    <p class='ocr_par' dir='ltr' id='par_1_2' title="bbox 278 442 1625 534">
     <span class='ocr_line' id='line_1_2' title="bbox 278 442 1625 534; baseline -0.005 -17"><span class='ocrx_word' id='word_1_7' title='bbox 278 453 370 518; x_wconf 83' lang='lat' dir='ltr'>Solis.</span> <span class='ocrx_word' id='word_1_8' title='bbox 409 454 492 532; x_wconf 85' lang='lat' dir='ltr'>Ergo</span> <span class='ocrx_word' id='word_1_9' title='bbox 510 455 583 514; x_wconf 70' lang='lat' dir='ltr'>deo</span> <span class='ocrx_word' id='word_1_10' title='bbox 602 451 683 514; x_wconf 87' lang='lat' dir='ltr'>linea</span> <span class='ocrx_word' id='word_1_11' title='bbox 698 471 816 534; x_wconf 89' lang='lat' dir='ltr'>semper</span> <span class='ocrx_word' id='word_1_12' title='bbox 830 454 993 534; x_wconf 88' lang='lat' dir='ltr'>parallelos</span> <span class='ocrx_word' id='word_1_13' title='bbox 1009 452 1067 515; x_wconf 88' lang='lat' dir='ltr'>erit</span> <span class='ocrx_word' id='word_1_14' title='bbox 1077 452 1178 522; x_wconf 86' lang='lat' dir='ltr'>lineae</span> <span class='ocrx_word' id='word_1_15' title='bbox 1199 449 1326 534; x_wconf 78' lang='lat' dir='ltr'>apogaei</span> <span class='ocrx_word' id='word_1_16' title='bbox 1340 449 1424 514; x_wconf 90' lang='lat' dir='ltr'>Solis</span> <span class='ocrx_word' id='word_1_17' title='bbox 1437 470 1488 512; x_wconf 75' lang='grc' dir='ltr'>ατ.</span> <span class='ocrx_word' id='word_1_18' title='bbox 1519 442 1625 522; x_wconf 85' lang='lat' dir='ltr'>Quod-</span> 
     </span>
    </p>
   </div>
   <div class='ocr_carea' id='block_1_3' title="bbox 183 539 1627 628">
    <p class='ocr_par' dir='ltr' id='par_1_3' title="bbox 183 539 1627 628">
     <span class='ocr_line' id='line_1_3' title="bbox 183 539 1627 628; baseline -0.002 -25"><span class='ocrx_word' id='word_1_19' title='bbox 183 581 190 594; x_wconf 85' lang='lat'><strong>·</strong></span> <span class='ocrx_word' id='word_1_20' title='bbox 276 543 305 628; x_wconf 75' lang='lat' dir='ltr'>si</span> <span class='ocrx_word' id='word_1_21' title='bbox 326 542 499 624; x_wconf 83' lang='lat' dir='ltr'>parallaxes</span> <span class='ocrx_word' id='word_1_22' title='bbox 522 541 646 604; x_wconf 87' lang='lat' dir='ltr'>diurnas</span> <span class='ocrx_word' id='word_1_23' title='bbox 669 542 778 605; x_wconf 90' lang='lat' dir='ltr'>Martis</span> <span class='ocrx_word' id='word_1_24' title='bbox 801 543 832 604; x_wconf 92' lang='lat' dir='ltr'>in</span> <span class='ocrx_word' id='word_1_25' title='bbox 855 561 892 604; x_wconf 89' lang='lat' dir='ltr'>ea</span> <span class='ocrx_word' id='word_1_26' title='bbox 913 542 1106 624; x_wconf 82' lang='lat' dir='ltr'>proportione</span> <span class='ocrx_word' id='word_1_27' title='bbox 1129 541 1169 603; x_wconf 96' lang='lat' dir='ltr'>ad</span> <span class='ocrx_word' id='word_1_28' title='bbox 1191 541 1364 621; x_wconf 83' lang='lat' dir='ltr'>parallaxes</span> <span class='ocrx_word' id='word_1_29' title='bbox 1387 539 1485 615; x_wconf 89' lang='lat' dir='ltr'>Solis,</span> <span class='ocrx_word' id='word_1_30' title='bbox 1513 539 1546 602; x_wconf 92' lang='lat' dir='ltr'>in</span> <span class='ocrx_word' id='word_1_31' title='bbox 1569 557 1627 620; x_wconf 89' lang='lat' dir='ltr'>qua</span> 
     </span>
    </p>
   </div>
   <div class='ocr_carea' id='block_1_4' title="bbox 208 627 1711 1962">
    <p class='ocr_par' dir='ltr' id='par_1_4' title="bbox 208 627 1711 1962">
     <span class='ocr_line' id='line_1_4' title="bbox 278 627 1627 712; baseline -0.004 -19"><span class='ocrx_word' id='word_1_32' title='bbox 278 639 349 695; x_wconf 91' lang='lat' dir='ltr'>sunt</span> <span class='ocrx_word' id='word_1_33' title='bbox 377 653 397 693; x_wconf 91' lang='lat' dir='ltr'>a</span> <span class='ocrx_word' id='word_1_34' title='bbox 419 631 560 712; x_wconf 85' lang='lat' dir='ltr'>Tychone</span> <span class='ocrx_word' id='word_1_35' title='bbox 588 630 742 711; x_wconf 88' lang='lat' dir='ltr'>proditae,</span> <span class='ocrx_word' id='word_1_36' title='bbox 774 631 948 694; x_wconf 92' lang='lat' dir='ltr'>retinendas</span> <span class='ocrx_word' id='word_1_37' title='bbox 978 629 1152 705; x_wconf 87' lang='lat' dir='ltr'>arbitraris,</span> <span class='ocrx_word' id='word_1_38' title='bbox 1182 630 1240 693; x_wconf 90' lang='lat' dir='ltr'>erit</span> <span class='ocrx_word' id='word_1_39' title='bbox 1269 632 1349 708; x_wconf 80' lang='grc' dir='ltr'>ικλμ</span> <span class='ocrx_word' id='word_1_40' title='bbox 1371 629 1462 693; x_wconf 89' lang='lat' dir='ltr'>etiam</span> <span class='ocrx_word' id='word_1_41' title='bbox 1491 627 1627 710; x_wconf 89' lang='lat' dir='ltr'>aequalis</span> 
     </span>
     <span class='ocr_line' id='line_1_5' title="bbox 277 715 1628 804; baseline -0.004 -22"><span class='ocrx_word' id='word_1_42' title='bbox 277 721 413 782; x_wconf 88' lang='lat' dir='ltr'>theoriae</span> <span class='ocrx_word' id='word_1_43' title='bbox 436 719 536 783; x_wconf 88' lang='lat' dir='ltr'>Solis:</span> <span class='ocrx_word' id='word_1_44' title='bbox 560 727 722 801; x_wconf 89' lang='lat' dir='ltr'>propterea</span> <span class='ocrx_word' id='word_1_45' title='bbox 744 729 776 782; x_wconf 92' lang='lat' dir='ltr'>et</span> <span class='ocrx_word' id='word_1_46' title='bbox 796 724 846 781; x_wconf 80' lang='grc' dir='ltr'>θο</span> <span class='ocrx_word' id='word_1_47' title='bbox 870 721 1005 804; x_wconf 88' lang='lat' dir='ltr'>aequalis</span> <span class='ocrx_word' id='word_1_48' title='bbox 1029 719 1246 782; x_wconf 87' lang='lat' dir='ltr'>eccentricitati</span> <span class='ocrx_word' id='word_1_49' title='bbox 1270 719 1372 800; x_wconf 91' lang='lat' dir='ltr'>puncti</span> <span class='ocrx_word' id='word_1_50' title='bbox 1395 741 1421 794; x_wconf 78' lang='grc' dir='ltr'>ι,</span> <span class='ocrx_word' id='word_1_51' title='bbox 1444 719 1526 781; x_wconf 89' lang='lat' dir='ltr'>circa</span> <span class='ocrx_word' id='word_1_52' title='bbox 1548 715 1628 799; x_wconf 91' lang='lat' dir='ltr'>quod</span> 
     </span>
     <span class='ocr_line' id='line_1_6' title="bbox 278 807 1627 892; baseline -0.005 -19"><span class='ocrx_word' id='word_1_53' title='bbox 278 809 332 873; x_wconf 88' lang='lat' dir='ltr'>Sol</span> <span class='ocrx_word' id='word_1_54' title='bbox 347 817 482 872; x_wconf 86' lang='lat' dir='ltr'>movetur</span> <span class='ocrx_word' id='word_1_55' title='bbox 503 809 678 890; x_wconf 86' lang='lat' dir='ltr'>aequaliter.</span> <span class='ocrx_word' id='word_1_56' title='bbox 716 809 779 874; x_wconf 87' lang='lat' dir='ltr'>Sed</span> <span class='ocrx_word' id='word_1_57' title='bbox 798 817 829 870; x_wconf 90' lang='lat' dir='ltr'>et</span> <span class='ocrx_word' id='word_1_58' title='bbox 843 809 875 872; x_wconf 92' lang='lat' dir='ltr'>in</span> <span class='ocrx_word' id='word_1_59' title='bbox 889 818 992 890; x_wconf 89' lang='lat' dir='ltr'>partes</span> <span class='ocrx_word' id='word_1_60' title='bbox 1012 809 1135 872; x_wconf 87' lang='lat' dir='ltr'>easdem</span> <span class='ocrx_word' id='word_1_61' title='bbox 1149 817 1286 872; x_wconf 88' lang='lat' dir='ltr'>movetur</span> <span class='ocrx_word' id='word_1_62' title='bbox 1306 812 1395 886; x_wconf 76' lang='grc' dir='ltr'>ικιμ,</span> <span class='ocrx_word' id='word_1_63' title='bbox 1417 807 1449 870; x_wconf 93' lang='lat' dir='ltr'>in</span> <span class='ocrx_word' id='word_1_64' title='bbox 1468 827 1543 889; x_wconf 91' lang='lat' dir='ltr'>quas</span> <span class='ocrx_word' id='word_1_65' title='bbox 1558 807 1627 892; x_wconf 82' lang='lat' dir='ltr'>ipse</span> 
     </span>
     <span class='ocr_line' id='line_1_7' title="bbox 278 894 1630 980; baseline -0.004 -19"><span class='ocrx_word' id='word_1_66' title='bbox 278 898 333 962; x_wconf 88' lang='lat' dir='ltr'>Sol</span> <span class='ocrx_word' id='word_1_67' title='bbox 356 899 386 960; x_wconf 91' lang='lat' dir='ltr'>in</span> <span class='ocrx_word' id='word_1_68' title='bbox 410 917 464 960; x_wconf 91' lang='lat' dir='ltr'>suo</span> <span class='ocrx_word' id='word_1_69' title='bbox 487 896 598 960; x_wconf 87' lang='lat' dir='ltr'>circulo</span> <span class='ocrx_word' id='word_1_70' title='bbox 622 899 783 960; x_wconf 90' lang='lat' dir='ltr'>secundum</span> <span class='ocrx_word' id='word_1_71' title='bbox 804 899 1024 962; x_wconf 89' lang='lat' dir='ltr'>Ptolemaeum:</span> <span class='ocrx_word' id='word_1_72' title='bbox 1049 906 1081 960; x_wconf 90' lang='lat' dir='ltr'>et</span> <span class='ocrx_word' id='word_1_73' title='bbox 1103 899 1209 962; x_wconf 90' lang='lat' dir='ltr'>iisdem</span> <span class='ocrx_word' id='word_1_74' title='bbox 1232 899 1425 980; x_wconf 82' lang='lat' dir='ltr'>temporibus,</span> <span class='ocrx_word' id='word_1_75' title='bbox 1448 897 1556 960; x_wconf 85' lang='lat' dir='ltr'>iisdem</span> <span class='ocrx_word' id='word_1_76' title='bbox 1579 894 1630 956; x_wconf 86' lang='lat' dir='ltr'>vel</span> 
     </span>
     <span class='ocr_line' id='line_1_8' title="bbox 277 987 1631 1069; baseline -0.004 -19"><span class='ocrx_word' id='word_1_77' title='bbox 277 987 528 1067; x_wconf 81' lang='lat' dir='ltr'>respondentibus</span> <span class='ocrx_word' id='word_1_78' title='bbox 552 987 583 1048; x_wconf 93' lang='lat' dir='ltr'>in</span> <span class='ocrx_word' id='word_1_79' title='bbox 606 987 680 1049; x_wconf 91' lang='lat' dir='ltr'>locis</span> <span class='ocrx_word' id='word_1_80' title='bbox 702 997 827 1068; x_wconf 91' lang='lat' dir='ltr'>uterque</span> <span class='ocrx_word' id='word_1_81' title='bbox 852 989 1051 1069; x_wconf 89' lang='lat' dir='ltr'>reperiuntur,</span> <span class='ocrx_word' id='word_1_82' title='bbox 1075 987 1130 1050; x_wconf 90' lang='lat' dir='ltr'>Sol</span> <span class='ocrx_word' id='word_1_83' title='bbox 1153 987 1184 1050; x_wconf 91' lang='lat' dir='ltr'>in</span> <span class='ocrx_word' id='word_1_84' title='bbox 1203 1006 1256 1050; x_wconf 89' lang='lat' dir='ltr'>suo</span> <span class='ocrx_word' id='word_1_85' title='bbox 1273 987 1440 1051; x_wconf 90' lang='lat' dir='ltr'>eccentrico</span> <span class='ocrx_word' id='word_1_86' title='bbox 1459 993 1491 1048; x_wconf 90' lang='lat' dir='ltr'>et</span> <span class='ocrx_word' id='word_1_87' title='bbox 1505 987 1631 1067; x_wconf 86' lang='lat' dir='ltr'>planete</span> 
     </span>
     <span class='ocr_line' id='line_1_9' title="bbox 279 1075 1630 1158; baseline -0.003 -20"><span class='ocrx_word' id='word_1_88' title='bbox 279 1077 310 1138; x_wconf 91' lang='lat' dir='ltr'>in</span> <span class='ocrx_word' id='word_1_89' title='bbox 339 1096 393 1138; x_wconf 91' lang='lat' dir='ltr'>suo</span> <span class='ocrx_word' id='word_1_90' title='bbox 425 1075 574 1158; x_wconf 88' lang='lat' dir='ltr'>epicyclo;</span> <span class='ocrx_word' id='word_1_91' title='bbox 603 1077 647 1138; x_wconf 89' lang='lat' dir='ltr'>sic</span> <span class='ocrx_word' id='word_1_92' title='bbox 670 1086 704 1139; x_wconf 90' lang='lat' dir='ltr'>ut</span> <span class='ocrx_word' id='word_1_93' title='bbox 725 1077 824 1139; x_wconf 90' lang='lat' dir='ltr'>lineae</span> <span class='ocrx_word' id='word_1_94' title='bbox 848 1096 886 1139; x_wconf 82' lang='lat' dir='ltr'>ex</span> <span class='ocrx_word' id='word_1_95' title='bbox 908 1100 925 1139; x_wconf 76' lang='lat' dir='ltr'>a</span> <span class='ocrx_word' id='word_1_96' title='bbox 946 1095 1000 1158; x_wconf 91' lang='lat' dir='ltr'>per</span> <span class='ocrx_word' id='word_1_97' title='bbox 1023 1076 1125 1140; x_wconf 86' lang='lat' dir='ltr'>Solem</span> <span class='ocrx_word' id='word_1_98' title='bbox 1153 1085 1185 1139; x_wconf 89' lang='lat' dir='ltr'>et</span> <span class='ocrx_word' id='word_1_99' title='bbox 1207 1095 1244 1138; x_wconf 84' lang='lat' dir='ltr'>ex</span> <span class='ocrx_word' id='word_1_100' title='bbox 1267 1099 1283 1137; x_wconf 90' lang='grc' dir='ltr'><strong><em>ο</em></strong></span> <span class='ocrx_word' id='word_1_101' title='bbox 1305 1096 1361 1158; x_wconf 90' lang='lat' dir='ltr'>per</span> <span class='ocrx_word' id='word_1_102' title='bbox 1382 1077 1536 1158; x_wconf 83' lang='lat' dir='ltr'>planetam</span> <span class='ocrx_word' id='word_1_103' title='bbox 1557 1093 1630 1155; x_wconf 90' lang='lat' dir='ltr'>per-</span> 
     </span>
     <span class='ocr_line' id='line_1_10' title="bbox 278 1165 1631 1247; baseline -0.001 -21"><span class='ocrx_word' id='word_1_104' title='bbox 278 1173 370 1247; x_wconf 87' lang='lat' dir='ltr'>petuo</span> <span class='ocrx_word' id='word_1_105' title='bbox 394 1165 455 1228; x_wconf 89' lang='lat' dir='ltr'>sint</span> <span class='ocrx_word' id='word_1_106' title='bbox 476 1165 626 1246; x_wconf 86' lang='lat' dir='ltr'>paralleli,</span> <span class='ocrx_word' id='word_1_107' title='bbox 650 1165 776 1228; x_wconf 86' lang='lat' dir='ltr'>docente</span> <span class='ocrx_word' id='word_1_108' title='bbox 799 1166 904 1228; x_wconf 86' lang='lat' dir='ltr'>itidem</span> <span class='ocrx_word' id='word_1_109' title='bbox 926 1165 1110 1230; x_wconf 81' lang='lat' dir='ltr'>Ptolemaeo.</span> <span class='ocrx_word' id='word_1_110' title='bbox 1159 1165 1277 1230; x_wconf 84' lang='lat' dir='ltr'>Ceteris</span> <span class='ocrx_word' id='word_1_111' title='bbox 1301 1185 1373 1246; x_wconf 88' lang='lat' dir='ltr'>ergo</span> <span class='ocrx_word' id='word_1_112' title='bbox 1397 1165 1533 1228; x_wconf 91' lang='lat' dir='ltr'>omnibus</span> <span class='ocrx_word' id='word_1_113' title='bbox 1557 1181 1631 1224; x_wconf 91' lang='lat' dir='ltr'>con-</span> 
     </span>
     <span class='ocr_line' id='line_1_11' title="bbox 279 1248 1632 1338; baseline -0.003 -20"><span class='ocrx_word' id='word_1_114' title='bbox 279 1254 489 1329; x_wconf 80' lang='lat' dir='ltr'>sentientibus,</span> <span class='ocrx_word' id='word_1_115' title='bbox 513 1273 566 1316; x_wconf 86' lang='lat' dir='ltr'>cur</span> <span class='ocrx_word' id='word_1_116' title='bbox 588 1273 647 1317; x_wconf 91' lang='lat' dir='ltr'>non</span> <span class='ocrx_word' id='word_1_117' title='bbox 672 1263 703 1318; x_wconf 94' lang='lat' dir='ltr'>et</span> <span class='ocrx_word' id='word_1_118' title='bbox 724 1257 781 1318; x_wconf 89' lang='lat' dir='ltr'>hoe</span> <span class='ocrx_word' id='word_1_119' title='bbox 804 1256 993 1318; x_wconf 88' lang='lat' dir='ltr'>consentiat?</span> <span class='ocrx_word' id='word_1_120' title='bbox 1011 1255 1056 1330; x_wconf 73' lang='grc' dir='ltr'>ιιξ</span> <span class='ocrx_word' id='word_1_121' title='bbox 1077 1253 1149 1338; x_wconf 92' lang='lat' dir='ltr'>quia</span> <span class='ocrx_word' id='word_1_122' title='bbox 1170 1248 1251 1332; x_wconf 72' lang='lat' dir='ltr'>salic</span> <span class='ocrx_word' id='word_1_123' title='bbox 1272 1275 1331 1318; x_wconf 93' lang='lat' dir='ltr'>non</span> <span class='ocrx_word' id='word_1_124' title='bbox 1354 1255 1436 1318; x_wconf 89' lang='lat' dir='ltr'>eirca</span> <span class='ocrx_word' id='word_1_125' title='bbox 1453 1275 1469 1315; x_wconf 73' lang='lat' dir='ltr'><em>v</em></span> <span class='ocrx_word' id='word_1_126' title='bbox 1486 1261 1632 1327; x_wconf 90' lang='lat' dir='ltr'>centmm,</span> 
     </span>
     <span class='ocr_line' id='line_1_12' title="bbox 208 1343 1711 1426; baseline -0.003 -19"><span class='ocrx_word' id='word_1_127' title='bbox 208 1402 215 1414; x_wconf 87' lang='grc'><strong>,</strong></span> <span class='ocrx_word' id='word_1_128' title='bbox 281 1344 337 1407; x_wconf 85' lang='lat' dir='ltr'>sed</span> <span class='ocrx_word' id='word_1_129' title='bbox 366 1344 447 1406; x_wconf 88' lang='lat' dir='ltr'>circa</span> <span class='ocrx_word' id='word_1_130' title='bbox 471 1367 487 1404; x_wconf 91' lang='grc' dir='ltr'><em>ο</em></span> <span class='ocrx_word' id='word_1_131' title='bbox 515 1351 657 1425; x_wconf 89' lang='lat' dir='ltr'>punctum</span> <span class='ocrx_word' id='word_1_132' title='bbox 680 1345 817 1426; x_wconf 91' lang='lat' dir='ltr'>superius</span> <span class='ocrx_word' id='word_1_133' title='bbox 840 1345 1007 1426; x_wconf 89' lang='lat' dir='ltr'>aequaliter</span> <span class='ocrx_word' id='word_1_134' title='bbox 1028 1353 1190 1420; x_wconf 81' lang='lat' dir='ltr'>movetur,</span> <span class='ocrx_word' id='word_1_135' title='bbox 1216 1345 1295 1426; x_wconf 93' lang='lat' dir='ltr'>quod</span> <span class='ocrx_word' id='word_1_136' title='bbox 1324 1345 1380 1407; x_wconf 87' lang='lat' dir='ltr'>hoe</span> <span class='ocrx_word' id='word_1_137' title='bbox 1412 1345 1479 1407; x_wconf 92' lang='lat' dir='ltr'>loco</span> <span class='ocrx_word' id='word_1_138' title='bbox 1507 1343 1633 1406; x_wconf 90' lang='lat' dir='ltr'>demon·</span> <span class='ocrx_word' id='word_1_139' title='bbox 1706 1377 1711 1387; x_wconf 91' lang='lat'><strong>·</strong></span> 
     </span>
     <span class='ocr_line' id='line_1_13' title="bbox 285 1433 1635 1515; baseline 0.001 -19"><span class='ocrx_word' id='word_1_140' title='bbox 285 1441 413 1496; x_wconf 84' lang='grc' dir='ltr'>ιιιιιιιι</span> <span class='ocrx_word' id='word_1_141' title='bbox 445 1439 495 1494; x_wconf 88' lang='grc' dir='ltr'>ιιι</span> <span class='ocrx_word' id='word_1_142' title='bbox 524 1434 711 1514; x_wconf 86' lang='lat' dir='ltr'>transpositu</span> <span class='ocrx_word' id='word_1_143' title='bbox 740 1434 900 1496; x_wconf 85' lang='lat' dir='ltr'>eccentrici</span> <span class='ocrx_word' id='word_1_144' title='bbox 931 1433 1087 1496; x_wconf 89' lang='lat' dir='ltr'>terrestris</span> <span class='ocrx_word' id='word_1_145' title='bbox 1117 1433 1147 1495; x_wconf 92' lang='grc' dir='ltr'>ιι</span> <span class='ocrx_word' id='word_1_146' title='bbox 1176 1434 1356 1515; x_wconf 87' lang='lat' dir='ltr'>epicyelum,</span> <span class='ocrx_word' id='word_1_147' title='bbox 1394 1433 1424 1496; x_wconf 93' lang='lat' dir='ltr'>in</span> <span class='ocrx_word' id='word_1_148' title='bbox 1454 1453 1512 1514; x_wconf 91' lang='lat' dir='ltr'>quo</span> <span class='ocrx_word' id='word_1_149' title='bbox 1534 1451 1590 1514; x_wconf 91' lang='lat' dir='ltr'>pro</span> <span class='ocrx_word' id='word_1_150' title='bbox 1613 1453 1635 1498; x_wconf 81' lang='grc' dir='ltr'>ι</span> 
     </span>
     <span class='ocr_line' id='line_1_14' title="bbox 286 1521 1634 1605; baseline -0.004 -20"><span class='ocrx_word' id='word_1_151' title='bbox 286 1530 398 1604; x_wconf 90' lang='lat' dir='ltr'>puncto</span> <span class='ocrx_word' id='word_1_152' title='bbox 422 1521 503 1583; x_wconf 88' lang='lat' dir='ltr'>nacti</span> <span class='ocrx_word' id='word_1_153' title='bbox 527 1541 630 1584; x_wconf 91' lang='lat' dir='ltr'>sumus</span> <span class='ocrx_word' id='word_1_154' title='bbox 651 1529 692 1599; x_wconf 80' lang='grc' dir='ltr'>θ,</span> <span class='ocrx_word' id='word_1_155' title='bbox 719 1543 774 1604; x_wconf 91' lang='lat' dir='ltr'>pro</span> <span class='ocrx_word' id='word_1_156' title='bbox 796 1548 825 1605; x_wconf 80' lang='lat' dir='ltr'>y,</span> <span class='ocrx_word' id='word_1_157' title='bbox 843 1545 872 1596; x_wconf 72' lang='lat' dir='ltr'>v,</span> <span class='ocrx_word' id='word_1_158' title='bbox 895 1532 927 1584; x_wconf 91' lang='lat' dir='ltr'>et</span> <span class='ocrx_word' id='word_1_159' title='bbox 948 1541 1003 1604; x_wconf 92' lang='lat' dir='ltr'>pro</span> <span class='ocrx_word' id='word_1_160' title='bbox 1025 1544 1060 1592; x_wconf 79' lang='lat' dir='ltr'>a,</span> <span class='ocrx_word' id='word_1_161' title='bbox 1079 1547 1113 1598; x_wconf 90' lang='lat' dir='ltr'>o,</span> <span class='ocrx_word' id='word_1_162' title='bbox 1139 1523 1182 1585; x_wconf 87' lang='lat' dir='ltr'>sic</span> <span class='ocrx_word' id='word_1_163' title='bbox 1206 1524 1296 1585; x_wconf 88' lang='lat' dir='ltr'>etiam</span> <span class='ocrx_word' id='word_1_164' title='bbox 1320 1522 1350 1585; x_wconf 94' lang='lat' dir='ltr'>in</span> <span class='ocrx_word' id='word_1_165' title='bbox 1373 1523 1445 1586; x_wconf 87' lang='lat' dir='ltr'>Sole</span> <span class='ocrx_word' id='word_1_166' title='bbox 1467 1523 1535 1604; x_wconf 93' lang='lat' dir='ltr'>ipso</span> <span class='ocrx_word' id='word_1_167' title='bbox 1557 1522 1634 1582; x_wconf 89' lang='lat' dir='ltr'>hacc</span> 
     </span>
     <span class='ocr_line' id='line_1_15' title="bbox 287 1610 1636 1694; baseline -0.002 -20"><span class='ocrx_word' id='word_1_168' title='bbox 287 1613 350 1674; x_wconf 89' lang='lat' dir='ltr'>sint</span> <span class='ocrx_word' id='word_1_169' title='bbox 373 1611 481 1685; x_wconf 88' lang='lat' dir='ltr'>divisa,</span> <span class='ocrx_word' id='word_1_170' title='bbox 505 1610 549 1672; x_wconf 88' lang='lat' dir='ltr'>ita</span> <span class='ocrx_word' id='word_1_171' title='bbox 570 1619 605 1673; x_wconf 91' lang='grc' dir='ltr'>ιι</span> <span class='ocrx_word' id='word_1_172' title='bbox 628 1635 673 1674; x_wconf 80' lang='grc' dir='ltr'>αι</span> <span class='ocrx_word' id='word_1_173' title='bbox 695 1611 918 1688; x_wconf 86' lang='lat' dir='ltr'>eccentricitas,</span> <span class='ocrx_word' id='word_1_174' title='bbox 949 1632 1025 1694; x_wconf 89' lang='lat' dir='ltr'>quae</span> <span class='ocrx_word' id='word_1_175' title='bbox 1053 1631 1091 1673; x_wconf 88' lang='lat' dir='ltr'>ex</span> <span class='ocrx_word' id='word_1_176' title='bbox 1114 1611 1272 1688; x_wconf 76' lang='lat' dir='ltr'>Solaribus</span> <span class='ocrx_word' id='word_1_177' title='bbox 1304 1611 1563 1674; x_wconf 89' lang='lat' dir='ltr'>observationibus</span> <span class='ocrx_word' id='word_1_178' title='bbox 1586 1610 1636 1671; x_wconf 92' lang='lat' dir='ltr'>in-</span> 
     </span>
     <span class='ocr_line' id='line_1_16' title="bbox 285 1699 1637 1782; baseline -0.001 -21"><span class='ocrx_word' id='word_1_179' title='bbox 285 1701 424 1775; x_wconf 89' lang='lat' dir='ltr'>venitur,</span> <span class='ocrx_word' id='word_1_180' title='bbox 456 1699 620 1762; x_wconf 87' lang='lat' dir='ltr'>bisecanda</span> <span class='ocrx_word' id='word_1_181' title='bbox 650 1703 691 1764; x_wconf 89' lang='lat' dir='ltr'>sit</span> <span class='ocrx_word' id='word_1_182' title='bbox 713 1702 742 1764; x_wconf 93' lang='lat' dir='ltr'>in</span> <span class='ocrx_word' id='word_1_183' title='bbox 766 1700 802 1777; x_wconf 77' lang='grc' dir='ltr'>ξ,</span> <span class='ocrx_word' id='word_1_184' title='bbox 833 1709 864 1762; x_wconf 90' lang='grc' dir='ltr'>ιι</span> <span class='ocrx_word' id='word_1_185' title='bbox 887 1703 929 1764; x_wconf 84' lang='grc' dir='ltr'>ιιι</span> <span class='ocrx_word' id='word_1_186' title='bbox 950 1701 968 1775; x_wconf 80' lang='grc' dir='ltr'><em>ξ</em></span> <span class='ocrx_word' id='word_1_187' title='bbox 986 1710 1119 1764; x_wconf 86' lang='lat' dir='ltr'>centrum</span> <span class='ocrx_word' id='word_1_188' title='bbox 1143 1701 1302 1764; x_wconf 89' lang='lat' dir='ltr'>eccentrici</span> <span class='ocrx_word' id='word_1_189' title='bbox 1325 1701 1408 1766; x_wconf 88' lang='lat' dir='ltr'>Solis</span> <span class='ocrx_word' id='word_1_190' title='bbox 1431 1701 1543 1782; x_wconf 75' lang='grc' dir='ltr'>λρσιι</span> <span class='ocrx_word' id='word_1_191' title='bbox 1566 1717 1637 1761; x_wconf 87' lang='lat' dir='ltr'>nam</span> 
     </span>
     <span class='ocr_line' id='line_1_17' title="bbox 284 1789 1638 1872; baseline -0.002 -20"><span class='ocrx_word' id='word_1_192' title='bbox 284 1789 341 1852; x_wconf 91' lang='lat' dir='ltr'>tali</span> <span class='ocrx_word' id='word_1_193' title='bbox 363 1807 507 1870; x_wconf 87' lang='lat' dir='ltr'>processu</span> <span class='ocrx_word' id='word_1_194' title='bbox 520 1790 714 1855; x_wconf 83' lang='lat' dir='ltr'>Ptolemaeus</span> <span class='ocrx_word' id='word_1_195' title='bbox 736 1791 840 1866; x_wconf 91' lang='lat' dir='ltr'>utitur,</span> <span class='ocrx_word' id='word_1_196' title='bbox 864 1799 897 1854; x_wconf 87' lang='lat' dir='ltr'>ut</span> <span class='ocrx_word' id='word_1_197' title='bbox 911 1797 1067 1872; x_wconf 88' lang='lat' dir='ltr'>appareat,</span> <span class='ocrx_word' id='word_1_198' title='bbox 1091 1791 1118 1852; x_wconf 92' lang='lat' dir='ltr'>si</span> <span class='ocrx_word' id='word_1_199' title='bbox 1136 1790 1350 1872; x_wconf 86' lang='lat' dir='ltr'>apparentibus</span> <span class='ocrx_word' id='word_1_200' title='bbox 1365 1791 1447 1854; x_wconf 84' lang='lat' dir='ltr'>Solis</span> <span class='ocrx_word' id='word_1_201' title='bbox 1470 1790 1545 1852; x_wconf 87' lang='lat' dir='ltr'>locis</span> <span class='ocrx_word' id='word_1_202' title='bbox 1563 1807 1638 1851; x_wconf 90' lang='lat' dir='ltr'>usus</span> 
     </span>
     <span class='ocr_line' id='line_1_18' title="bbox 285 1877 1637 1962; baseline 0 -22"><span class='ocrx_word' id='word_1_203' title='bbox 285 1886 379 1949; x_wconf 90' lang='lat' dir='ltr'>esset,</span> <span class='ocrx_word' id='word_1_204' title='bbox 403 1877 522 1940; x_wconf 88' lang='lat' dir='ltr'>omnino</span> <span class='ocrx_word' id='word_1_205' title='bbox 546 1879 638 1942; x_wconf 85' lang='lat' dir='ltr'>etiem</span> <span class='ocrx_word' id='word_1_206' title='bbox 660 1880 766 1942; x_wconf 90' lang='lat' dir='ltr'>eadem</span> <span class='ocrx_word' id='word_1_207' title='bbox 790 1880 1015 1942; x_wconf 88' lang='lat' dir='ltr'>eccentricitate</span> <span class='ocrx_word' id='word_1_208' title='bbox 1038 1899 1160 1942; x_wconf 88' lang='lat' dir='ltr'>usurum</span> <span class='ocrx_word' id='word_1_209' title='bbox 1176 1879 1269 1943; x_wconf 85' lang='lat' dir='ltr'>fuisse</span> <span class='ocrx_word' id='word_1_210' title='bbox 1285 1879 1317 1944; x_wconf 94' lang='lat' dir='ltr'>in</span> <span class='ocrx_word' id='word_1_211' title='bbox 1335 1879 1468 1962; x_wconf 86' lang='lat' dir='ltr'>epicyclo</span> <span class='ocrx_word' id='word_1_212' title='bbox 1485 1878 1637 1959; x_wconf 88' lang='lat' dir='ltr'>planetae,</span> 
     </span>
    </p>
   </div>
   <div class='ocr_carea' id='block_1_5' title="bbox 148 1964 1640 2050">
    <p class='ocr_par' dir='ltr' id='par_1_5' title="bbox 148 1964 1640 2050">
     <span class='ocr_line' id='line_1_19' title="bbox 148 1964 1640 2050; baseline -0.003 -18"><span class='ocrx_word' id='word_1_213' title='bbox 148 2033 151 2040; x_wconf 85' lang='grc'><em>,</em></span> <span class='ocrx_word' id='word_1_214' title='bbox 184 1967 188 1980; x_wconf 83' lang='grc'>’</span> <span class='ocrx_word' id='word_1_215' title='bbox 284 1987 373 2050; x_wconf 88' lang='lat' dir='ltr'>quam</span> <span class='ocrx_word' id='word_1_216' title='bbox 395 1967 427 2029; x_wconf 91' lang='lat' dir='ltr'>in</span> <span class='ocrx_word' id='word_1_217' title='bbox 450 1965 522 2030; x_wconf 88' lang='lat' dir='ltr'>Sole</span> <span class='ocrx_word' id='word_1_218' title='bbox 545 1967 795 2048; x_wconf 84' lang='lat' dir='ltr'>deprehenderat</span> <span class='ocrx_word' id='word_1_219' title='bbox 826 1969 1038 2038; x_wconf 73' lang='lat' dir='ltr'>,Testantibus</span> <span class='ocrx_word' id='word_1_220' title='bbox 1061 1969 1153 2049; x_wconf 87' lang='lat' dir='ltr'>igitur</span> <span class='ocrx_word' id='word_1_221' title='bbox 1182 1969 1441 2032; x_wconf 89' lang='lat' dir='ltr'>observationibus</span> <span class='ocrx_word' id='word_1_222' title='bbox 1465 1969 1502 2030; x_wconf 93' lang='lat' dir='ltr'>de</span> <span class='ocrx_word' id='word_1_223' title='bbox 1526 1964 1640 2048; x_wconf 83' lang='lat' dir='ltr'>duplici</span> 
     </span>
    </p>
   </div>
   <div class='ocr_carea' id='block_1_6' title="bbox 281 2056 1641 2495">
    <p class='ocr_par' dir='ltr' id='par_1_6' title="bbox 281 2056 1641 2405">
     <span class='ocr_line' id='line_1_20' title="bbox 285 2056 1641 2140; baseline -0.002 -21"><span class='ocrx_word' id='word_1_224' title='bbox 285 2056 413 2140; x_wconf 88' lang='lat' dir='ltr'>epicycli</span> <span class='ocrx_word' id='word_1_225' title='bbox 435 2057 614 2120; x_wconf 87' lang='lat' dir='ltr'>Ptolemaiei</span> <span class='ocrx_word' id='word_1_226' title='bbox 646 2058 871 2121; x_wconf 88' lang='lat' dir='ltr'>eccentricitate</span> <span class='ocrx_word' id='word_1_227' title='bbox 905 2058 990 2138; x_wconf 88' lang='lat' dir='ltr'>(quia</span> <span class='ocrx_word' id='word_1_228' title='bbox 1011 2067 1135 2139; x_wconf 90' lang='lat' dir='ltr'>propter</span> <span class='ocrx_word' id='word_1_229' title='bbox 1156 2058 1303 2125; x_wconf 88' lang='lat' dir='ltr'>lineamm</span> <span class='ocrx_word' id='word_1_230' title='bbox 1325 2058 1577 2140; x_wconf 88' lang='lat' dir='ltr'>parallelitatem,</span> <span class='ocrx_word' id='word_1_231' title='bbox 1605 2061 1641 2117; x_wconf 94' lang='lat' dir='ltr'>ut</span> 
     </span>
     <span class='ocr_line' id='line_1_21' title="bbox 281 2145 1640 2230; baseline -0.001 -22"><span class='ocrx_word' id='word_1_232' title='bbox 281 2147 407 2222; x_wconf 92' lang='lat' dir='ltr'>dictum,</span> <span class='ocrx_word' id='word_1_233' title='bbox 440 2146 545 2208; x_wconf 88' lang='lat' dir='ltr'>eadem</span> <span class='ocrx_word' id='word_1_234' title='bbox 573 2147 726 2227; x_wconf 88' lang='lat' dir='ltr'>triangula</span> <span class='ocrx_word' id='word_1_235' title='bbox 753 2154 884 2222; x_wconf 89' lang='lat' dir='ltr'>manent,</span> <span class='ocrx_word' id='word_1_236' title='bbox 910 2165 986 2228; x_wconf 91' lang='lat' dir='ltr'>quae</span> <span class='ocrx_word' id='word_1_237' title='bbox 1009 2154 1096 2210; x_wconf 89' lang='lat' dir='ltr'>erant</span> <span class='ocrx_word' id='word_1_238' title='bbox 1118 2147 1148 2210; x_wconf 93' lang='lat' dir='ltr'>in</span> <span class='ocrx_word' id='word_1_239' title='bbox 1171 2149 1268 2210; x_wconf 88' lang='lat' dir='ltr'>forma</span> <span class='ocrx_word' id='word_1_240' title='bbox 1292 2147 1530 2230; x_wconf 87' lang='lat' dir='ltr'>Copernieana),</span> <span class='ocrx_word' id='word_1_241' title='bbox 1550 2145 1640 2226; x_wconf 87' lang='lat' dir='ltr'>jubet</span> 
     </span>
     <span class='ocr_line' id='line_1_22' title="bbox 282 2235 1639 2316; baseline -0.003 -18"><span class='ocrx_word' id='word_1_242' title='bbox 282 2256 338 2298; x_wconf 89' lang='lat' dir='ltr'>nos</span> <span class='ocrx_word' id='word_1_243' title='bbox 360 2235 530 2298; x_wconf 88' lang='lat' dir='ltr'>Ptolemaei</span> <span class='ocrx_word' id='word_1_244' title='bbox 559 2235 682 2316; x_wconf 86' lang='lat' dir='ltr'>genius,</span> <span class='ocrx_word' id='word_1_245' title='bbox 716 2237 809 2298; x_wconf 91' lang='lat' dir='ltr'>etiam</span> <span class='ocrx_word' id='word_1_246' title='bbox 841 2235 924 2299; x_wconf 89' lang='lat' dir='ltr'>Solis</span> <span class='ocrx_word' id='word_1_247' title='bbox 952 2236 1210 2300; x_wconf 86' lang='lat' dir='ltr'>eccentricitatem</span> <span class='ocrx_word' id='word_1_248' title='bbox 1231 2235 1384 2314; x_wconf 90' lang='lat' dir='ltr'>bisecare,</span> <span class='ocrx_word' id='word_1_249' title='bbox 1416 2245 1451 2300; x_wconf 91' lang='lat' dir='ltr'>nt</span> <span class='ocrx_word' id='word_1_250' title='bbox 1473 2237 1517 2300; x_wconf 88' lang='lat' dir='ltr'>sic</span> <span class='ocrx_word' id='word_1_251' title='bbox 1539 2235 1639 2298; x_wconf 90' lang='lat' dir='ltr'>lineae</span> 
     </span>
     <span class='ocr_line' id='line_1_23' title="bbox 282 2324 854 2405; baseline 0 -18"><span class='ocrx_word' id='word_1_252' title='bbox 282 2328 327 2398; x_wconf 80' lang='grc' dir='ltr'>λι,</span> <span class='ocrx_word' id='word_1_253' title='bbox 345 2348 395 2405; x_wconf 78' lang='lat' dir='ltr'>pu,</span> <span class='ocrx_word' id='word_1_254' title='bbox 410 2327 462 2399; x_wconf 81' lang='grc' dir='ltr'>σλ,</span> <span class='ocrx_word' id='word_1_255' title='bbox 476 2348 521 2401; x_wconf 72' lang='lat' dir='ltr'>on</span> <span class='ocrx_word' id='word_1_256' title='bbox 540 2324 680 2404; x_wconf 88' lang='lat' dir='ltr'>paralleli</span> <span class='ocrx_word' id='word_1_257' title='bbox 704 2333 854 2387; x_wconf 86' lang='lat' dir='ltr'>maneant</span> 
     </span>
    </p>

    <p class='ocr_par' dir='ltr' id='par_1_7' title="bbox 370 2413 1639 2495">
     <span class='ocr_line' id='line_1_24' title="bbox 370 2413 1639 2495; baseline -0.001 -19"><span class='ocrx_word' id='word_1_258' title='bbox 370 2415 438 2476; x_wconf 89' lang='lat' dir='ltr'>Hac</span> <span class='ocrx_word' id='word_1_259' title='bbox 459 2413 562 2494; x_wconf 86' lang='lat' dir='ltr'>itaque</span> <span class='ocrx_word' id='word_1_260' title='bbox 585 2414 703 2475; x_wconf 88' lang='lat' dir='ltr'>ratione</span> <span class='ocrx_word' id='word_1_261' title='bbox 727 2413 819 2475; x_wconf 88' lang='lat' dir='ltr'>etiam</span> <span class='ocrx_word' id='word_1_262' title='bbox 841 2413 1017 2477; x_wconf 88' lang='lat' dir='ltr'>Ptolemaeo</span> <span class='ocrx_word' id='word_1_263' title='bbox 1039 2414 1286 2495; x_wconf 86' lang='lat' dir='ltr'>persuadebitur,</span> <span class='ocrx_word' id='word_1_264' title='bbox 1317 2437 1359 2479; x_wconf 74' lang='grc' dir='ltr'>αι</span> <span class='ocrx_word' id='word_1_265' title='bbox 1379 2413 1639 2477; x_wconf 80' lang='lat' dir='ltr'>eccentricitatem</span> 
     </span>
    </p>
   </div>
   <div class='ocr_carea' id='block_1_7' title="bbox 162 2501 1639 2584">
    <p class='ocr_par' dir='ltr' id='par_1_8' title="bbox 162 2501 1639 2584">
     <span class='ocr_line' id='line_1_25' title="bbox 162 2501 1639 2584; baseline -0.002 -18"><span class='ocrx_word' id='word_1_266' title='bbox 162 2503 165 2525; x_wconf 86' lang='lat'><em>¹</em></span> <span class='ocrx_word' id='word_1_267' title='bbox 282 2509 384 2566; x_wconf 88' lang='lat' dir='ltr'>motus</span> <span class='ocrx_word' id='word_1_268' title='bbox 407 2501 490 2565; x_wconf 81' lang='lat' dir='ltr'>Solis</span> <span class='ocrx_word' id='word_1_269' title='bbox 522 2522 542 2562; x_wconf 91' lang='lat' dir='ltr'>a</span> <span class='ocrx_word' id='word_1_270' title='bbox 564 2502 706 2584; x_wconf 82' lang='lat' dir='ltr'>Tychone</span> <span class='ocrx_word' id='word_1_271' title='bbox 734 2503 889 2564; x_wconf 86' lang='lat' dir='ltr'>inventam</span> <span class='ocrx_word' id='word_1_272' title='bbox 917 2503 1111 2566; x_wconf 89' lang='lat' dir='ltr'>bisecandam</span> <span class='ocrx_word' id='word_1_273' title='bbox 1142 2523 1210 2566; x_wconf 88' lang='lat' dir='ltr'>esse</span> <span class='ocrx_word' id='word_1_274' title='bbox 1239 2504 1270 2567; x_wconf 92' lang='lat' dir='ltr'>in</span> <span class='ocrx_word' id='word_1_275' title='bbox 1293 2503 1327 2581; x_wconf 86' lang='grc' dir='ltr'>ξ,</span> <span class='ocrx_word' id='word_1_276' title='bbox 1359 2513 1393 2568; x_wconf 90' lang='grc' dir='ltr'>ιι</span> <span class='ocrx_word' id='word_1_277' title='bbox 1415 2504 1498 2568; x_wconf 88' lang='lat' dir='ltr'>Solis</span> <span class='ocrx_word' id='word_1_278' title='bbox 1522 2501 1639 2570; x_wconf 81' lang='lat' dir='ltr'>orbitae</span> 
     </span>
    </p>
   </div>
   <div class='ocr_carea' id='block_1_8' title="bbox 283 2589 1682 4900">
    <p class='ocr_par' dir='ltr' id='par_1_9' title="bbox 283 2589 999 2672">
     <span class='ocr_line' id='line_1_26' title="bbox 283 2589 999 2672; baseline -0.003 -18"><span class='ocrx_word' id='word_1_279' title='bbox 283 2599 418 2654; x_wconf 85' lang='lat' dir='ltr'>centrum</span> <span class='ocrx_word' id='word_1_280' title='bbox 442 2590 483 2654; x_wconf 90' lang='grc' dir='ltr'>ιιι</span> <span class='ocrx_word' id='word_1_281' title='bbox 505 2589 536 2651; x_wconf 90' lang='grc' dir='ltr'>ιι</span> <span class='ocrx_word' id='word_1_282' title='bbox 558 2589 585 2666; x_wconf 82' lang='grc' dir='ltr'>ξ,</span> <span class='ocrx_word' id='word_1_283' title='bbox 608 2591 778 2672; x_wconf 83' lang='lat' dir='ltr'>aequalitas</span> <span class='ocrx_word' id='word_1_284' title='bbox 798 2599 898 2654; x_wconf 91' lang='lat' dir='ltr'>motus</span> <span class='ocrx_word' id='word_1_285' title='bbox 916 2591 952 2653; x_wconf 85' lang='grc' dir='ltr'>ιι</span> <span class='ocrx_word' id='word_1_286' title='bbox 974 2612 999 2654; x_wconf 74' lang='grc' dir='ltr'>τ.</span> 
     </span>
    </p>

    <p class='ocr_par' dir='ltr' id='par_1_10' title="bbox 283 2679 1682 3300">
     <span class='ocr_line' id='line_1_27' title="bbox 371 2679 1640 2762; baseline -0.002 -19"><span class='ocrx_word' id='word_1_287' title='bbox 371 2681 456 2743; x_wconf 85' lang='grc' dir='ltr'>Ηιιι</span> <span class='ocrx_word' id='word_1_288' title='bbox 479 2679 571 2759; x_wconf 90' lang='lat' dir='ltr'>igitur</span> <span class='ocrx_word' id='word_1_289' title='bbox 595 2680 816 2760; x_wconf 83' lang='lat' dir='ltr'>argumentatio</span> <span class='ocrx_word' id='word_1_290' title='bbox 839 2680 871 2742; x_wconf 91' lang='lat' dir='ltr'>in</span> <span class='ocrx_word' id='word_1_291' title='bbox 894 2680 991 2742; x_wconf 88' lang='lat' dir='ltr'>forma</span> <span class='ocrx_word' id='word_1_292' title='bbox 1013 2679 1201 2751; x_wconf 89' lang='lat' dir='ltr'>Ptolemaica</span> <span class='ocrx_word' id='word_1_293' title='bbox 1224 2681 1283 2755; x_wconf 89' lang='lat' dir='ltr'>(uti</span> <span class='ocrx_word' id='word_1_294' title='bbox 1299 2682 1387 2745; x_wconf 92' lang='lat' dir='ltr'>modo</span> <span class='ocrx_word' id='word_1_295' title='bbox 1408 2681 1468 2745; x_wconf 89' lang='lat' dir='ltr'>dici</span> <span class='ocrx_word' id='word_1_296' title='bbox 1487 2681 1640 2762; x_wconf 88' lang='lat' dir='ltr'>coeptum)</span> 
     </span>
     <span class='ocr_line' id='line_1_28' title="bbox 283 2769 1642 2853; baseline -0.001 -19"><span class='ocrx_word' id='word_1_297' title='bbox 283 2788 343 2834; x_wconf 90' lang='lat' dir='ltr'>non</span> <span class='ocrx_word' id='word_1_298' title='bbox 372 2779 421 2834; x_wconf 90' lang='lat' dir='ltr'>est</span> <span class='ocrx_word' id='word_1_299' title='bbox 447 2769 574 2844; x_wconf 87' lang='lat' dir='ltr'>firmior,</span> <span class='ocrx_word' id='word_1_300' title='bbox 603 2788 692 2850; x_wconf 90' lang='lat' dir='ltr'>quam</span> <span class='ocrx_word' id='word_1_301' title='bbox 722 2787 883 2850; x_wconf 81' lang='lat' dir='ltr'>compages</span> <span class='ocrx_word' id='word_1_302' title='bbox 911 2769 978 2849; x_wconf 88' lang='lat' dir='ltr'>ipsa</span> <span class='ocrx_word' id='word_1_303' title='bbox 1007 2769 1110 2831; x_wconf 91' lang='lat' dir='ltr'>mundi</span> <span class='ocrx_word' id='word_1_304' title='bbox 1139 2769 1336 2834; x_wconf 88' lang='lat' dir='ltr'>Ptolemaica.</span> <span class='ocrx_word' id='word_1_305' title='bbox 1389 2773 1469 2836; x_wconf 87' lang='lat' dir='ltr'>Nam</span> <span class='ocrx_word' id='word_1_306' title='bbox 1500 2769 1550 2853; x_wconf 90' lang='lat' dir='ltr'>qui</span> <span class='ocrx_word' id='word_1_307' title='bbox 1582 2769 1642 2832; x_wconf 88' lang='lat' dir='ltr'>hoc</span> 
     </span>
     <span class='ocr_line' id='line_1_29' title="bbox 283 2857 1682 2942; baseline -0.001 -19"><span class='ocrx_word' id='word_1_308' title='bbox 283 2860 459 2923; x_wconf 82' lang='lat' dir='ltr'>Ptolemaeo</span> <span class='ocrx_word' id='word_1_309' title='bbox 483 2859 588 2933; x_wconf 88' lang='lat' dir='ltr'>credit,</span> <span class='ocrx_word' id='word_1_310' title='bbox 611 2860 643 2920; x_wconf 92' lang='lat' dir='ltr'>iu</span> <span class='ocrx_word' id='word_1_311' title='bbox 665 2859 761 2921; x_wconf 90' lang='lat' dir='ltr'>tribus</span> <span class='ocrx_word' id='word_1_312' title='bbox 785 2858 989 2939; x_wconf 87' lang='lat' dir='ltr'>superioribus</span> <span class='ocrx_word' id='word_1_313' title='bbox 1013 2857 1114 2921; x_wconf 90' lang='lat' dir='ltr'>inesse</span> <span class='ocrx_word' id='word_1_314' title='bbox 1134 2860 1260 2923; x_wconf 90' lang='lat' dir='ltr'>totidem</span> <span class='ocrx_word' id='word_1_315' title='bbox 1280 2860 1415 2923; x_wconf 89' lang='lat' dir='ltr'>theorias</span> <span class='ocrx_word' id='word_1_316' title='bbox 1429 2859 1641 2942; x_wconf 85' lang='lat' dir='ltr'>epicyclomm,</span> <span class='ocrx_word' id='word_1_317' title='bbox 1676 2885 1682 2898; x_wconf 95' lang='lat'><strong>·</strong></span> 
     </span>
     <span class='ocr_line' id='line_1_30' title="bbox 285 2946 1642 3032; baseline -0.001 -22"><span class='ocrx_word' id='word_1_318' title='bbox 285 2948 492 3012; x_wconf 90' lang='lat' dir='ltr'>adamussim</span> <span class='ocrx_word' id='word_1_319' title='bbox 515 2947 685 3028; x_wconf 86' lang='lat' dir='ltr'>aequalium</span> <span class='ocrx_word' id='word_1_320' title='bbox 704 2947 839 3010; x_wconf 89' lang='lat' dir='ltr'>theoriae</span> <span class='ocrx_word' id='word_1_321' title='bbox 863 2946 957 3022; x_wconf 87' lang='lat' dir='ltr'>Solis,</span> <span class='ocrx_word' id='word_1_322' title='bbox 981 2949 1011 3009; x_wconf 92' lang='lat' dir='ltr'>in</span> <span class='ocrx_word' id='word_1_323' title='bbox 1035 2949 1205 3029; x_wconf 88' lang='lat' dir='ltr'>quantitate</span> <span class='ocrx_word' id='word_1_324' title='bbox 1229 2957 1260 3011; x_wconf 92' lang='lat' dir='ltr'>et</span> <span class='ocrx_word' id='word_1_325' title='bbox 1282 2949 1428 3032; x_wconf 86' lang='lat' dir='ltr'>qualitate</span> <span class='ocrx_word' id='word_1_326' title='bbox 1452 2967 1518 3012; x_wconf 91' lang='lat' dir='ltr'>cnm</span> <span class='ocrx_word' id='word_1_327' title='bbox 1541 2949 1642 3011; x_wconf 88' lang='lat' dir='ltr'>linea·</span> 
     </span>
     <span class='ocr_line' id='line_1_31' title="bbox 284 3036 1640 3112; baseline -0.001 -11"><span class='ocrx_word' id='word_1_328' title='bbox 284 3057 349 3101; x_wconf 91' lang='lat' dir='ltr'>rum</span> <span class='ocrx_word' id='word_1_329' title='bbox 372 3044 436 3100; x_wconf 93' lang='lat' dir='ltr'>tum</span> <span class='ocrx_word' id='word_1_330' title='bbox 457 3044 590 3100; x_wconf 90' lang='lat' dir='ltr'>motuum</span> <span class='ocrx_word' id='word_1_331' title='bbox 614 3037 733 3099; x_wconf 93' lang='lat' dir='ltr'>omnino</span> <span class='ocrx_word' id='word_1_332' title='bbox 758 3037 897 3112; x_wconf 92' lang='lat' dir='ltr'>omnium,</span> <span class='ocrx_word' id='word_1_333' title='bbox 939 3037 1018 3100; x_wconf 91' lang='lat' dir='ltr'>idem</span> <span class='ocrx_word' id='word_1_334' title='bbox 1042 3057 1131 3102; x_wconf 91' lang='lat' dir='ltr'>unam</span> <span class='ocrx_word' id='word_1_335' title='bbox 1154 3039 1231 3102; x_wconf 89' lang='lat' dir='ltr'>hanc</span> <span class='ocrx_word' id='word_1_336' title='bbox 1255 3039 1477 3102; x_wconf 88' lang='lat' dir='ltr'>dissonantiam</span> <span class='ocrx_word' id='word_1_337' title='bbox 1499 3058 1559 3100; x_wconf 94' lang='lat' dir='ltr'>non</span> <span class='ocrx_word' id='word_1_338' title='bbox 1582 3036 1640 3099; x_wconf 91' lang='lat' dir='ltr'>ad-</span> 
     </span>
     <span class='ocr_line' id='line_1_32' title="bbox 284 3125 1640 3210; baseline -0.001 -20"><span class='ocrx_word' id='word_1_339' title='bbox 284 3129 395 3203; x_wconf 86' lang='lat' dir='ltr'>mittet,</span> <span class='ocrx_word' id='word_1_340' title='bbox 421 3127 475 3190; x_wconf 92' lang='lat' dir='ltr'>sed</span> <span class='ocrx_word' id='word_1_341' title='bbox 499 3145 536 3188; x_wconf 84' lang='lat' dir='ltr'>ex</span> <span class='ocrx_word' id='word_1_342' title='bbox 555 3125 689 3209; x_wconf 83' lang='lat' dir='ltr'>epicyelo</span> <span class='ocrx_word' id='word_1_343' title='bbox 704 3125 811 3188; x_wconf 89' lang='lat' dir='ltr'>lubens</span> <span class='ocrx_word' id='word_1_344' title='bbox 826 3125 857 3187; x_wconf 93' lang='lat' dir='ltr'>in</span> <span class='ocrx_word' id='word_1_345' title='bbox 872 3125 1020 3188; x_wconf 85' lang='lat' dir='ltr'>theoriam</span> <span class='ocrx_word' id='word_1_346' title='bbox 1035 3125 1127 3202; x_wconf 82' lang='lat' dir='ltr'>Solis,</span> <span class='ocrx_word' id='word_1_347' title='bbox 1152 3137 1330 3210; x_wconf 80' lang='lat' dir='ltr'>tanquama</span> <span class='ocrx_word' id='word_1_348' title='bbox 1345 3127 1494 3210; x_wconf 88' lang='lat' dir='ltr'>speculari</span> <span class='ocrx_word' id='word_1_349' title='bbox 1509 3127 1640 3206; x_wconf 86' lang='lat' dir='ltr'>imagine</span> 
     </span>
     <span class='ocr_line' id='line_1_33' title="bbox 284 3212 1222 3300; baseline -0.004 -20"><span class='ocrx_word' id='word_1_350' title='bbox 284 3217 317 3280; x_wconf 91' lang='lat' dir='ltr'>in</span> <span class='ocrx_word' id='word_1_351' title='bbox 339 3218 437 3300; x_wconf 88' lang='lat' dir='ltr'>ipsam</span> <span class='ocrx_word' id='word_1_352' title='bbox 459 3215 581 3292; x_wconf 87' lang='lat' dir='ltr'>faciem,</span> <span class='ocrx_word' id='word_1_353' title='bbox 604 3212 754 3278; x_wconf 89' lang='lat' dir='ltr'>derivabit</span> <span class='ocrx_word' id='word_1_354' title='bbox 776 3214 854 3276; x_wconf 91' lang='lat' dir='ltr'>hanc</span> <span class='ocrx_word' id='word_1_355' title='bbox 877 3234 993 3297; x_wconf 90' lang='lat' dir='ltr'>quoque</span> <span class='ocrx_word' id='word_1_356' title='bbox 1014 3215 1222 3280; x_wconf 86' lang='lat' dir='ltr'>bisectionem.</span> 
     </span>
    </p>

    <p class='ocr_par' dir='ltr' id='par_1_11' title="bbox 284 3303 1642 3832">
     <span class='ocr_line' id='line_1_34' title="bbox 373 3303 1638 3386; baseline -0.003 -17"><span class='ocrx_word' id='word_1_357' title='bbox 373 3305 508 3369; x_wconf 84' lang='lat' dir='ltr'>Tandem</span> <span class='ocrx_word' id='word_1_358' title='bbox 530 3324 613 3381; x_wconf 90' lang='lat' dir='ltr'>vero,</span> <span class='ocrx_word' id='word_1_359' title='bbox 636 3303 686 3367; x_wconf 93' lang='lat' dir='ltr'>ubi</span> <span class='ocrx_word' id='word_1_360' title='bbox 704 3303 913 3386; x_wconf 82' lang='lat' dir='ltr'>hypothesium</span> <span class='ocrx_word' id='word_1_361' title='bbox 929 3305 1115 3383; x_wconf 87' lang='lat' dir='ltr'>comparatio</span> <span class='ocrx_word' id='word_1_362' title='bbox 1130 3305 1272 3368; x_wconf 89' lang='lat' dir='ltr'>instituta</span> <span class='ocrx_word' id='word_1_363' title='bbox 1287 3305 1379 3368; x_wconf 85' lang='lat' dir='ltr'>fuerit</span> <span class='ocrx_word' id='word_1_364' title='bbox 1396 3304 1638 3386; x_wconf 87' lang='lat' dir='ltr'>apparueritque,</span> 
     </span>
     <span class='ocr_line' id='line_1_35' title="bbox 286 3391 1640 3478; baseline -0.002 -21"><span class='ocrx_word' id='word_1_365' title='bbox 286 3403 413 3478; x_wconf 88' lang='lat' dir='ltr'>quatuor</span> <span class='ocrx_word' id='word_1_366' title='bbox 436 3394 510 3470; x_wconf 87' lang='lat' dir='ltr'>(imo</span> <span class='ocrx_word' id='word_1_367' title='bbox 534 3412 604 3470; x_wconf 81' lang='lat' dir='ltr'>sex,</span> <span class='ocrx_word' id='word_1_368' title='bbox 637 3402 671 3455; x_wconf 91' lang='lat' dir='ltr'>ut</span> <span class='ocrx_word' id='word_1_369' title='bbox 702 3391 775 3454; x_wconf 88' lang='lat' dir='ltr'>alibi</span> <span class='ocrx_word' id='word_1_370' title='bbox 799 3392 929 3467; x_wconf 86' lang='lat' dir='ltr'>dicetur)</span> <span class='ocrx_word' id='word_1_371' title='bbox 958 3393 1092 3456; x_wconf 89' lang='lat' dir='ltr'>theorias</span> <span class='ocrx_word' id='word_1_372' title='bbox 1116 3393 1199 3457; x_wconf 89' lang='lat' dir='ltr'>Solis</span> <span class='ocrx_word' id='word_1_373' title='bbox 1223 3414 1260 3456; x_wconf 84' lang='lat' dir='ltr'>ex</span> <span class='ocrx_word' id='word_1_374' title='bbox 1286 3415 1347 3456; x_wconf 92' lang='lat' dir='ltr'>nna</span> <span class='ocrx_word' id='word_1_375' title='bbox 1374 3394 1492 3457; x_wconf 89' lang='lat' dir='ltr'>theoria</span> <span class='ocrx_word' id='word_1_376' title='bbox 1514 3395 1640 3468; x_wconf 86' lang='lat' dir='ltr'>Terrae,</span> 
     </span>
     <span class='ocr_line' id='line_1_36' title="bbox 284 3481 1642 3567; baseline -0.003 -20"><span class='ocrx_word' id='word_1_377' title='bbox 284 3493 428 3567; x_wconf 86' lang='lat' dir='ltr'>tanquam</span> <span class='ocrx_word' id='word_1_378' title='bbox 459 3484 562 3564; x_wconf 90' lang='lat' dir='ltr'>plures</span> <span class='ocrx_word' id='word_1_379' title='bbox 591 3482 740 3563; x_wconf 88' lang='lat' dir='ltr'>imagines</span> <span class='ocrx_word' id='word_1_380' title='bbox 765 3481 802 3543; x_wconf 93' lang='lat' dir='ltr'>ab</span> <span class='ocrx_word' id='word_1_381' title='bbox 826 3501 886 3544; x_wconf 86' lang='lat' dir='ltr'>une</span> <span class='ocrx_word' id='word_1_382' title='bbox 908 3482 985 3544; x_wconf 89' lang='lat' dir='ltr'>facie</span> <span class='ocrx_word' id='word_1_383' title='bbox 1010 3481 1221 3558; x_wconf 86' lang='lat' dir='ltr'>substantiali,</span> <span class='ocrx_word' id='word_1_384' title='bbox 1246 3483 1430 3546; x_wconf 89' lang='lat' dir='ltr'>descendere</span> <span class='ocrx_word' id='word_1_385' title='bbox 1452 3502 1560 3564; x_wconf 90' lang='lat' dir='ltr'>posse:</span> <span class='ocrx_word' id='word_1_386' title='bbox 1586 3481 1642 3546; x_wconf 87' lang='lat' dir='ltr'>Sol</span> 
     </span>
     <span class='ocr_line' id='line_1_37' title="bbox 285 3571 1642 3654; baseline -0.002 -18"><span class='ocrx_word' id='word_1_387' title='bbox 285 3575 352 3654; x_wconf 87' lang='lat' dir='ltr'>ipse</span> <span class='ocrx_word' id='word_1_388' title='bbox 374 3572 514 3636; x_wconf 87' lang='lat' dir='ltr'>veritatis</span> <span class='ocrx_word' id='word_1_389' title='bbox 537 3571 724 3634; x_wconf 85' lang='lat' dir='ltr'>clarissimus</span> <span class='ocrx_word' id='word_1_390' title='bbox 748 3575 867 3632; x_wconf 86' lang='lat' dir='ltr'>omdem</span> <span class='ocrx_word' id='word_1_391' title='bbox 892 3571 971 3633; x_wconf 88' lang='lat' dir='ltr'>hunc</span> <span class='ocrx_word' id='word_1_392' title='bbox 993 3579 1173 3651; x_wconf 87' lang='lat' dir='ltr'>apparatum</span> <span class='ocrx_word' id='word_1_393' title='bbox 1192 3573 1410 3636; x_wconf 88' lang='lat' dir='ltr'>Ptolemaicum</span> <span class='ocrx_word' id='word_1_394' title='bbox 1431 3591 1486 3635; x_wconf 90' lang='lat' dir='ltr'>ceu</span> <span class='ocrx_word' id='word_1_395' title='bbox 1500 3573 1642 3653; x_wconf 84' lang='lat' dir='ltr'>butyrum</span> 
     </span>
     <span class='ocr_line' id='line_1_38' title="bbox 288 3658 1642 3744; baseline -0.004 -19"><span class='ocrx_word' id='word_1_396' title='bbox 288 3661 481 3744; x_wconf 78' lang='lat' dir='ltr'>colliquebit,</span> <span class='ocrx_word' id='word_1_397' title='bbox 515 3667 547 3723; x_wconf 88' lang='lat' dir='ltr'>et</span> <span class='ocrx_word' id='word_1_398' title='bbox 567 3658 737 3724; x_wconf 87' lang='lat' dir='ltr'>Ptolemaei</span> <span class='ocrx_word' id='word_1_399' title='bbox 765 3659 901 3722; x_wconf 87' lang='lat' dir='ltr'>asseclas</span> <span class='ocrx_word' id='word_1_400' title='bbox 931 3659 1043 3740; x_wconf 89' lang='lat' dir='ltr'>partim</span> <span class='ocrx_word' id='word_1_401' title='bbox 1072 3661 1104 3723; x_wconf 91' lang='lat' dir='ltr'>in</span> <span class='ocrx_word' id='word_1_402' title='bbox 1127 3660 1301 3743; x_wconf 83' lang='lat' dir='ltr'>Gopernici,</span> <span class='ocrx_word' id='word_1_403' title='bbox 1333 3661 1444 3744; x_wconf 88' lang='lat' dir='ltr'>partim</span> <span class='ocrx_word' id='word_1_404' title='bbox 1475 3662 1507 3724; x_wconf 92' lang='lat' dir='ltr'>in</span> <span class='ocrx_word' id='word_1_405' title='bbox 1529 3659 1642 3724; x_wconf 88' lang='lat' dir='ltr'>Brahei</span> 
     </span>
     <span class='ocr_line' id='line_1_39' title="bbox 288 3749 583 3832; baseline -0.01 -18"><span class='ocrx_word' id='word_1_406' title='bbox 288 3761 392 3814; x_wconf 86' lang='lat' dir='ltr'>castra</span> <span class='ocrx_word' id='word_1_407' title='bbox 413 3749 583 3832; x_wconf 86' lang='lat' dir='ltr'>dissipabit.</span> 
     </span>
    </p>

    <p class='ocr_par' dir='ltr' id='par_1_12' title="bbox 288 3835 1681 4900">
     <span class='ocr_line' id='line_1_40' title="bbox 378 3835 1644 3922; baseline -0.003 -18"><span class='ocrx_word' id='word_1_408' title='bbox 378 3841 514 3914; x_wconf 81' lang='lat' dir='ltr'>Quaerat</span> <span class='ocrx_word' id='word_1_409' title='bbox 543 3839 593 3902; x_wconf 88' lang='lat' dir='ltr'>hie</span> <span class='ocrx_word' id='word_1_410' title='bbox 624 3837 753 3922; x_wconf 88' lang='lat' dir='ltr'>aliquis,</span> <span class='ocrx_word' id='word_1_411' title='bbox 787 3853 854 3899; x_wconf 87' lang='lat' dir='ltr'>cum</span> <span class='ocrx_word' id='word_1_412' title='bbox 890 3835 1041 3919; x_wconf 82' lang='lat' dir='ltr'>epicyclus</span> <span class='ocrx_word' id='word_1_413' title='bbox 1071 3837 1273 3902; x_wconf 86' lang='lat' dir='ltr'>Ptolemaiens</span> <span class='ocrx_word' id='word_1_414' title='bbox 1307 3839 1367 3902; x_wconf 90' lang='lat' dir='ltr'>tria</span> <span class='ocrx_word' id='word_1_415' title='bbox 1385 3840 1509 3902; x_wconf 80' lang='lat' dir='ltr'>-habeat</span> <span class='ocrx_word' id='word_1_416' title='bbox 1530 3845 1644 3920; x_wconf 88' lang='lat' dir='ltr'>puncta</span> 
     </span>
     <span class='ocr_line' id='line_1_41' title="bbox 288 3921 1644 4011; baseline -0.003 -17"><span class='ocrx_word' id='word_1_417' title='bbox 288 3930 444 4006; x_wconf 86' lang='lat' dir='ltr'>notabilia,</span> <span class='ocrx_word' id='word_1_418' title='bbox 468 3951 484 3991; x_wconf 73' lang='lat' dir='ltr'><em>v</em></span> <span class='ocrx_word' id='word_1_419' title='bbox 506 3937 650 4007; x_wconf 86' lang='lat' dir='ltr'>eentrnm,</span> <span class='ocrx_word' id='word_1_420' title='bbox 673 3933 699 3990; x_wconf 78' lang='grc' dir='ltr'><strong><em>θ</em></strong></span> <span class='ocrx_word' id='word_1_421' title='bbox 719 3933 863 4009; x_wconf 88' lang='lat' dir='ltr'>punctum</span> <span class='ocrx_word' id='word_1_422' title='bbox 887 3921 966 4008; x_wconf 90' lang='lat' dir='ltr'>quod</span> <span class='ocrx_word' id='word_1_423' title='bbox 989 3926 1119 3989; x_wconf 84' lang='lat' dir='ltr'>diximus</span> <span class='ocrx_word' id='word_1_424' title='bbox 1143 3928 1300 4004; x_wconf 86' lang='lat' dir='ltr'>affixionis,</span> <span class='ocrx_word' id='word_1_425' title='bbox 1325 3937 1356 3991; x_wconf 92' lang='lat' dir='ltr'>et</span> <span class='ocrx_word' id='word_1_426' title='bbox 1371 3953 1387 3991; x_wconf 91' lang='lat' dir='ltr'>o</span> <span class='ocrx_word' id='word_1_427' title='bbox 1404 3935 1547 4011; x_wconf 89' lang='lat' dir='ltr'>punctum</span> <span class='ocrx_word' id='word_1_428' title='bbox 1562 3929 1644 3991; x_wconf 87' lang='lat' dir='ltr'>eirca</span> 
     </span>
     <span class='ocr_line' id='line_1_42' title="bbox 290 4015 1645 4103; baseline -0.003 -20"><span class='ocrx_word' id='word_1_429' title='bbox 290 4019 369 4103; x_wconf 92' lang='lat' dir='ltr'>quod</span> <span class='ocrx_word' id='word_1_430' title='bbox 391 4028 490 4084; x_wconf 91' lang='lat' dir='ltr'>motus</span> <span class='ocrx_word' id='word_1_431' title='bbox 513 4020 578 4100; x_wconf 87' lang='lat' dir='ltr'>ejus</span> <span class='ocrx_word' id='word_1_432' title='bbox 600 4017 734 4100; x_wconf 87' lang='lat' dir='ltr'>aequalis</span> <span class='ocrx_word' id='word_1_433' title='bbox 758 4023 821 4093; x_wconf 85' lang='lat' dir='ltr'>est;</span> <span class='ocrx_word' id='word_1_434' title='bbox 853 4015 965 4078; x_wconf 88' lang='lat' dir='ltr'>dictum</span> <span class='ocrx_word' id='word_1_435' title='bbox 987 4034 1059 4076; x_wconf 90' lang='lat' dir='ltr'>vem</span> <span class='ocrx_word' id='word_1_436' title='bbox 1083 4016 1140 4092; x_wconf 90' lang='lat' dir='ltr'>sit,</span> <span class='ocrx_word' id='word_1_437' title='bbox 1170 4017 1280 4079; x_wconf 91' lang='lat' dir='ltr'>lineam</span> <span class='ocrx_word' id='word_1_438' title='bbox 1303 4023 1351 4080; x_wconf 81' lang='grc' dir='ltr'>θο</span> <span class='ocrx_word' id='word_1_439' title='bbox 1374 4037 1496 4081; x_wconf 88' lang='lat' dir='ltr'>manere</span> <span class='ocrx_word' id='word_1_440' title='bbox 1519 4017 1578 4100; x_wconf 92' lang='lat' dir='ltr'>ipsi</span> <span class='ocrx_word' id='word_1_441' title='bbox 1601 4037 1645 4080; x_wconf 78' lang='grc' dir='ltr'>αι</span> 
     </span>
     <span class='ocr_line' id='line_1_43' title="bbox 290 4105 1643 4192; baseline -0.004 -19"><span class='ocrx_word' id='word_1_442' title='bbox 290 4109 469 4192; x_wconf 87' lang='lat' dir='ltr'>parallelum</span> <span class='ocrx_word' id='word_1_443' title='bbox 490 4127 544 4191; x_wconf 85' lang='lat' dir='ltr'>per</span> <span class='ocrx_word' id='word_1_444' title='bbox 567 4127 684 4172; x_wconf 88' lang='lat' dir='ltr'>omnem</span> <span class='ocrx_word' id='word_1_445' title='bbox 707 4106 878 4169; x_wconf 90' lang='lat' dir='ltr'>circuitum:</span> <span class='ocrx_word' id='word_1_446' title='bbox 904 4105 1009 4186; x_wconf 91' lang='lat' dir='ltr'>quales</span> <span class='ocrx_word' id='word_1_447' title='bbox 1033 4123 1104 4184; x_wconf 88' lang='lat' dir='ltr'>ergo</span> <span class='ocrx_word' id='word_1_448' title='bbox 1128 4106 1269 4169; x_wconf 88' lang='lat' dir='ltr'>circuitus</span> <span class='ocrx_word' id='word_1_449' title='bbox 1294 4107 1502 4170; x_wconf 82' lang='lat' dir='ltr'>describantur</span> <span class='ocrx_word' id='word_1_450' title='bbox 1526 4106 1643 4169; x_wconf 89' lang='lat' dir='ltr'>areli-</span> 
     </span>
     <span class='ocr_line' id='line_1_44' title="bbox 291 4193 1645 4282; baseline -0.005 -19"><span class='ocrx_word' id='word_1_451' title='bbox 291 4199 358 4282; x_wconf 92' lang='lat' dir='ltr'>qnis</span> <span class='ocrx_word' id='word_1_452' title='bbox 390 4200 505 4263; x_wconf 87' lang='lat' dir='ltr'>duobus</span> <span class='ocrx_word' id='word_1_453' title='bbox 534 4198 654 4280; x_wconf 90' lang='lat' dir='ltr'>punctis</span> <span class='ocrx_word' id='word_1_454' title='bbox 681 4218 698 4259; x_wconf 73' lang='lat' dir='ltr'>a</span> <span class='ocrx_word' id='word_1_455' title='bbox 726 4203 757 4258; x_wconf 90' lang='lat' dir='ltr'>et</span> <span class='ocrx_word' id='word_1_456' title='bbox 781 4196 820 4257; x_wconf 87' lang='lat' dir='ltr'>o?</span> <span class='ocrx_word' id='word_1_457' title='bbox 873 4193 926 4256; x_wconf 85' lang='lat' dir='ltr'>Ad</span> <span class='ocrx_word' id='word_1_458' title='bbox 952 4193 1009 4255; x_wconf 90' lang='lat' dir='ltr'>hoe</span> <span class='ocrx_word' id='word_1_459' title='bbox 1036 4195 1251 4258; x_wconf 88' lang='lat' dir='ltr'>declarandum</span> <span class='ocrx_word' id='word_1_460' title='bbox 1283 4196 1431 4258; x_wconf 88' lang='lat' dir='ltr'>ducantur</span> <span class='ocrx_word' id='word_1_461' title='bbox 1458 4213 1497 4258; x_wconf 86' lang='lat' dir='ltr'>ex</span> <span class='ocrx_word' id='word_1_462' title='bbox 1527 4194 1545 4269; x_wconf 82' lang='grc' dir='ltr'><strong><em>ξ</em></strong></span> <span class='ocrx_word' id='word_1_463' title='bbox 1574 4203 1645 4257; x_wconf 77' lang='grc' dir='ltr'>ιιι</span> 
     </span>
     <span class='ocr_line' id='line_1_45' title="bbox 292 4280 1642 4372; baseline -0.005 -20"><span class='ocrx_word' id='word_1_464' title='bbox 292 4280 352 4372; x_wconf 88' lang='lat' dir='ltr'>ipsi</span> <span class='ocrx_word' id='word_1_465' title='bbox 373 4292 430 4368; x_wconf 79' lang='grc' dir='ltr'>ιβ,</span> <span class='ocrx_word' id='word_1_466' title='bbox 453 4288 527 4352; x_wconf 88' lang='lat' dir='ltr'>item</span> <span class='ocrx_word' id='word_1_467' title='bbox 550 4305 588 4349; x_wconf 87' lang='lat' dir='ltr'>ex</span> <span class='ocrx_word' id='word_1_468' title='bbox 610 4289 671 4368; x_wconf 77' lang='grc' dir='ltr'>β,χ</span> <span class='ocrx_word' id='word_1_469' title='bbox 693 4283 752 4366; x_wconf 89' lang='lat' dir='ltr'>ipsi</span> <span class='ocrx_word' id='word_1_470' title='bbox 775 4306 822 4346; x_wconf 78' lang='grc' dir='ltr'>αι</span> <span class='ocrx_word' id='word_1_471' title='bbox 844 4282 993 4364; x_wconf 86' lang='lat' dir='ltr'>paralleli,</span> <span class='ocrx_word' id='word_1_472' title='bbox 1018 4301 1149 4366; x_wconf 92' lang='lat' dir='ltr'>eousque</span> <span class='ocrx_word' id='word_1_473' title='bbox 1172 4284 1267 4346; x_wconf 90' lang='lat' dir='ltr'>donec</span> <span class='ocrx_word' id='word_1_474' title='bbox 1291 4303 1324 4346; x_wconf 88' lang='lat' dir='ltr'>se</span> <span class='ocrx_word' id='word_1_475' title='bbox 1346 4291 1450 4347; x_wconf 91' lang='lat' dir='ltr'>mutuo</span> <span class='ocrx_word' id='word_1_476' title='bbox 1474 4285 1642 4347; x_wconf 88' lang='lat' dir='ltr'>secuerint:</span> 
     </span>
     <span class='ocr_line' id='line_1_46' title="bbox 293 4370 1646 4455; baseline -0.005 -14"><span class='ocrx_word' id='word_1_477' title='bbox 293 4387 326 4440; x_wconf 92' lang='lat' dir='ltr'>et</span> <span class='ocrx_word' id='word_1_478' title='bbox 346 4378 492 4441; x_wconf 88' lang='lat' dir='ltr'>linearum</span> <span class='ocrx_word' id='word_1_479' title='bbox 515 4396 554 4438; x_wconf 88' lang='lat' dir='ltr'>ex</span> <span class='ocrx_word' id='word_1_480' title='bbox 575 4373 593 4449; x_wconf 80' lang='grc' dir='ltr'><strong><em>ξ</em></strong></span> <span class='ocrx_word' id='word_1_481' title='bbox 615 4383 646 4436; x_wconf 92' lang='grc' dir='ltr'>ιι</span> <span class='ocrx_word' id='word_1_482' title='bbox 667 4376 687 4452; x_wconf 82' lang='grc' dir='ltr'><strong><em>β</em></strong></span> <span class='ocrx_word' id='word_1_483' title='bbox 710 4373 805 4434; x_wconf 89' lang='lat' dir='ltr'>sectio</span> <span class='ocrx_word' id='word_1_484' title='bbox 829 4371 870 4433; x_wconf 89' lang='lat' dir='ltr'>sit</span> <span class='ocrx_word' id='word_1_485' title='bbox 893 4393 929 4450; x_wconf 83' lang='grc' dir='ltr'>φ,</span> <span class='ocrx_word' id='word_1_486' title='bbox 954 4390 991 4433; x_wconf 83' lang='grc' dir='ltr'>ιι</span> <span class='ocrx_word' id='word_1_487' title='bbox 1013 4370 1031 4445; x_wconf 85' lang='grc' dir='ltr'><em>ξ</em></span> <span class='ocrx_word' id='word_1_488' title='bbox 1053 4379 1085 4432; x_wconf 86' lang='grc' dir='ltr'>ιι</span> <span class='ocrx_word' id='word_1_489' title='bbox 1106 4397 1124 4455; x_wconf 77' lang='grc' dir='ltr'><strong><em>χ</em></strong></span> <span class='ocrx_word' id='word_1_490' title='bbox 1147 4372 1188 4435; x_wconf 86' lang='grc' dir='ltr'>ιιι</span> <span class='ocrx_word' id='word_1_491' title='bbox 1210 4387 1251 4453; x_wconf 84' lang='grc' dir='ltr'>ψ,</span> <span class='ocrx_word' id='word_1_492' title='bbox 1274 4391 1313 4434; x_wconf 84' lang='grc' dir='ltr'>ιι</span> <span class='ocrx_word' id='word_1_493' title='bbox 1335 4396 1352 4435; x_wconf 79' lang='grc' dir='ltr'>ι</span> <span class='ocrx_word' id='word_1_494' title='bbox 1374 4381 1406 4436; x_wconf 89' lang='grc' dir='ltr'>ιι</span> <span class='ocrx_word' id='word_1_495' title='bbox 1427 4375 1448 4452; x_wconf 83' lang='grc' dir='ltr'><strong><em>β</em></strong></span> <span class='ocrx_word' id='word_1_496' title='bbox 1471 4374 1551 4449; x_wconf 66' lang='lat' dir='ltr'>site,</span> <span class='ocrx_word' id='word_1_497' title='bbox 1575 4392 1646 4434; x_wconf 76' lang='lat' dir='ltr'>exc</span> 
     </span>
     <span class='ocr_line' id='line_1_47' title="bbox 294 4459 1681 4550; baseline -0.005 -20"><span class='ocrx_word' id='word_1_498' title='bbox 294 4475 326 4530; x_wconf 92' lang='lat' dir='ltr'>et</span> <span class='ocrx_word' id='word_1_499' title='bbox 355 4493 372 4550; x_wconf 76' lang='grc' dir='ltr'><strong><em>χ</em></strong></span> <span class='ocrx_word' id='word_1_500' title='bbox 399 4468 440 4531; x_wconf 89' lang='grc' dir='ltr'>ιιι</span> <span class='ocrx_word' id='word_1_501' title='bbox 467 4489 501 4528; x_wconf 85' lang='lat' dir='ltr'>o.</span> <span class='ocrx_word' id='word_1_502' title='bbox 548 4461 805 4538; x_wconf 80' lang='lat' dir='ltr'>Quemadmodum</span> <span class='ocrx_word' id='word_1_503' title='bbox 834 4460 927 4540; x_wconf 89' lang='lat' dir='ltr'>igitur</span> <span class='ocrx_word' id='word_1_504' title='bbox 948 4468 1090 4542; x_wconf 89' lang='lat' dir='ltr'>punctum</span> <span class='ocrx_word' id='word_1_505' title='bbox 1112 4466 1137 4523; x_wconf 82' lang='grc' dir='ltr'><strong><em>θ</em></strong></span> <span class='ocrx_word' id='word_1_506' title='bbox 1159 4461 1294 4525; x_wconf 87' lang='lat' dir='ltr'>decurrit</span> <span class='ocrx_word' id='word_1_507' title='bbox 1316 4463 1346 4525; x_wconf 92' lang='lat' dir='ltr'>in</span> <span class='ocrx_word' id='word_1_508' title='bbox 1370 4462 1556 4538; x_wconf 86' lang='lat' dir='ltr'>eccentrico,</span> <span class='ocrx_word' id='word_1_509' title='bbox 1594 4459 1681 4544; x_wconf 89' lang='lat' dir='ltr'>qui·</span> 
     </span>
     <span class='ocr_line' id='line_1_48' title="bbox 293 4549 1645 4639; baseline -0.005 -19"><span class='ocrx_word' id='word_1_510' title='bbox 293 4557 463 4639; x_wconf 88' lang='lat' dir='ltr'>descriptus</span> <span class='ocrx_word' id='word_1_511' title='bbox 494 4573 532 4617; x_wconf 86' lang='grc' dir='ltr'>ιιι</span> <span class='ocrx_word' id='word_1_512' title='bbox 561 4557 581 4633; x_wconf 80' lang='grc' dir='ltr'><strong><em>β</em></strong></span> <span class='ocrx_word' id='word_1_513' title='bbox 610 4550 790 4632; x_wconf 86' lang='lat' dir='ltr'>regulariter</span> <span class='ocrx_word' id='word_1_514' title='bbox 815 4557 954 4612; x_wconf 89' lang='lat' dir='ltr'>movetur</span> <span class='ocrx_word' id='word_1_515' title='bbox 983 4549 1064 4612; x_wconf 88' lang='lat' dir='ltr'>circa</span> <span class='ocrx_word' id='word_1_516' title='bbox 1090 4575 1122 4632; x_wconf 77' lang='grc' dir='ltr'>χ,</span> <span class='ocrx_word' id='word_1_517' title='bbox 1153 4551 1197 4614; x_wconf 86' lang='grc' dir='ltr'>ιιι</span> <span class='ocrx_word' id='word_1_518' title='bbox 1220 4573 1235 4612; x_wconf 76' lang='lat' dir='ltr'>s</span> <span class='ocrx_word' id='word_1_519' title='bbox 1258 4552 1390 4613; x_wconf 91' lang='lat' dir='ltr'>decurrit</span> <span class='ocrx_word' id='word_1_520' title='bbox 1412 4551 1442 4614; x_wconf 91' lang='lat' dir='ltr'>in</span> <span class='ocrx_word' id='word_1_521' title='bbox 1467 4549 1645 4626; x_wconf 89' lang='lat' dir='ltr'>eccentrico,</span> 
     </span>
     <span class='ocr_line' id='line_1_49' title="bbox 296 4639 1645 4729; baseline -0.006 -20"><span class='ocrx_word' id='word_1_522' title='bbox 296 4647 347 4729; x_wconf 89' lang='lat' dir='ltr'>qui</span> <span class='ocrx_word' id='word_1_523' title='bbox 370 4646 539 4726; x_wconf 87' lang='lat' dir='ltr'>descriptus</span> <span class='ocrx_word' id='word_1_524' title='bbox 563 4660 601 4704; x_wconf 87' lang='lat' dir='ltr'>ex</span> <span class='ocrx_word' id='word_1_525' title='bbox 623 4663 646 4718; x_wconf 86' lang='grc' dir='ltr'>φ</span> <span class='ocrx_word' id='word_1_526' title='bbox 668 4639 846 4719; x_wconf 85' lang='lat' dir='ltr'>regulariter</span> <span class='ocrx_word' id='word_1_527' title='bbox 868 4646 1004 4702; x_wconf 91' lang='lat' dir='ltr'>movetur</span> <span class='ocrx_word' id='word_1_528' title='bbox 1026 4641 1107 4703; x_wconf 89' lang='lat' dir='ltr'>circa</span> <span class='ocrx_word' id='word_1_529' title='bbox 1128 4653 1164 4720; x_wconf 83' lang='grc' dir='ltr'>ψ,</span> <span class='ocrx_word' id='word_1_530' title='bbox 1185 4647 1216 4702; x_wconf 83' lang='grc' dir='ltr'>ιι</span> <span class='ocrx_word' id='word_1_531' title='bbox 1238 4662 1256 4702; x_wconf 89' lang='lat' dir='ltr'>o</span> <span class='ocrx_word' id='word_1_532' title='bbox 1280 4639 1412 4703; x_wconf 89' lang='lat' dir='ltr'>decurrit</span> <span class='ocrx_word' id='word_1_533' title='bbox 1433 4641 1465 4702; x_wconf 90' lang='lat' dir='ltr'>in</span> <span class='ocrx_word' id='word_1_534' title='bbox 1479 4641 1645 4703; x_wconf 88' lang='lat' dir='ltr'>eccentrico</span> 
     </span>
     <span class='ocr_line' id='line_1_50' title="bbox 296 4725 1648 4816; baseline -0.006 -19"><span class='ocrx_word' id='word_1_535' title='bbox 296 4735 388 4798; x_wconf 89' lang='lat' dir='ltr'>tertio</span> <span class='ocrx_word' id='word_1_536' title='bbox 417 4733 567 4816; x_wconf 89' lang='lat' dir='ltr'>prioribus</span> <span class='ocrx_word' id='word_1_537' title='bbox 597 4731 735 4794; x_wconf 90' lang='lat' dir='ltr'>similiter</span> <span class='ocrx_word' id='word_1_538' title='bbox 765 4725 900 4809; x_wconf 87' lang='lat' dir='ltr'>aequali,</span> <span class='ocrx_word' id='word_1_539' title='bbox 933 4728 983 4809; x_wconf 88' lang='lat' dir='ltr'>qui</span> <span class='ocrx_word' id='word_1_540' title='bbox 1014 4729 1185 4810; x_wconf 89' lang='lat' dir='ltr'>descriptus</span> <span class='ocrx_word' id='word_1_541' title='bbox 1212 4748 1251 4790; x_wconf 86' lang='lat' dir='ltr'>ex</span> <span class='ocrx_word' id='word_1_542' title='bbox 1274 4729 1487 4808; x_wconf 65' lang='lat' dir='ltr'>eregulariter</span> <span class='ocrx_word' id='word_1_543' title='bbox 1509 4735 1648 4791; x_wconf 86' lang='lat' dir='ltr'>movetur</span> 
     </span>
     <span class='ocr_line' id='line_1_51' title="bbox 298 4813 1647 4900; baseline -0.006 -14"><span class='ocrx_word' id='word_1_544' title='bbox 298 4823 380 4886; x_wconf 89' lang='lat' dir='ltr'>circa</span> <span class='ocrx_word' id='word_1_545' title='bbox 403 4845 436 4886; x_wconf 83' lang='grc' dir='ltr'>ω.</span> <span class='ocrx_word' id='word_1_546' title='bbox 484 4819 626 4884; x_wconf 89' lang='lat' dir='ltr'>Omnium</span> <span class='ocrx_word' id='word_1_547' title='bbox 654 4837 725 4880; x_wconf 86' lang='lat' dir='ltr'>vero</span> <span class='ocrx_word' id='word_1_548' title='bbox 755 4816 845 4880; x_wconf 86' lang='lat' dir='ltr'>trium</span> <span class='ocrx_word' id='word_1_549' title='bbox 872 4813 977 4878; x_wconf 89' lang='lat' dir='ltr'>horum</span> <span class='ocrx_word' id='word_1_550' title='bbox 1006 4819 1240 4883; x_wconf 86' lang='lat' dir='ltr'>eccentricorum</span> <span class='ocrx_word' id='word_1_551' title='bbox 1267 4817 1345 4880; x_wconf 91' lang='lat' dir='ltr'>idem</span> <span class='ocrx_word' id='word_1_552' title='bbox 1373 4817 1429 4881; x_wconf 89' lang='lat' dir='ltr'>sub</span> <span class='ocrx_word' id='word_1_553' title='bbox 1452 4818 1576 4900; x_wconf 76' lang='lat' dir='ltr'>zodiaco</span> <span class='ocrx_word' id='word_1_554' title='bbox 1599 4823 1647 4879; x_wconf 87' lang='lat' dir='ltr'>est</span> 
     </span>
    </p>
   </div>
   <div class='ocr_carea' id='block_1_9' title="bbox 0 0 1864 5532">
    <p class='ocr_par' dir='ltr' id='par_1_13' title="bbox 0 0 1864 5532">
     <span class='ocr_line' id='line_1_52' title="bbox 0 0 1864 5532; baseline 0 0"><span class='ocrx_word' id='word_1_555' title='bbox 0 0 1864 5532; x_wconf 95' lang='lat' dir='ltr'> </span> 
     </span>
    </p>
   </div>
  </div>
 </body>
</html>
