3552 5562
360 303 403 382 38
776 306 877 365 Literse
895 309 996 378 Kepha·
1014 312 1165 401 dierumque
1182 310 1283 363 mutuae
1308 275 1313 292 Ι

359 487 455 571 ιιιιις
479 491 531 558 95.
555 491 689 554 libellum
711 489 802 566 edidi,
826 491 874 554 oui
892 489 999 554 titulus
1022 497 1071 552 est
1092 484 1315 572 Mysterinm
1339 483 1686 568 cosmographicum.

358 585 394 648 Si
416 581 472 656 tibi
494 581 646 662 exemplar
659 579 794 644 Paduam
809 579 1019 642 transmissum
1035 587 1092 654 est,
1116 578 1150 640 id
1163 577 1207 639 ita
1224 585 1258 640 ut
1275 577 1361 638 roini·
1371 577 1485 643 factum
1498 571 1589 648 est.⁸)
1623 575 1688 638 Gon

357 691 411 756 per
433 673 537 737 literas
559 669 741 735 Phoenicem
773 676 908 730 nostrum
939 669 1151 751 Tychonsnr
1172 665 1356 730 Braheum
1386 666 1622 746 compellassem,
1651 664 1688 726 uti

358 762 516 825 mamille
540 771 629 841 super
652 775 688 820 so
711 757 814 820 fihello
832 757 979 837 judicium
1000 757 1152 839 proderet,
1175 757 1215 818 ad
1229 755 1467 836 respondendum
1481 753 1581 818 inveni
1598 772 1689 833 prom-

356 853 521 924 tissimum,
553 850 628 911 adeo
651 855 685 909 ut
706 867 753 910 me
777 849 816 909 ed
839 866 907 910 sese
930 865 1043 928 suaque
1067 847 1167 908 studia
1188 845 1316 907 visenda
1338 845 1491 907 invitaret
1536 842 1641 906 Haesit
1660 861 1690 902 eo

355 948 488 1022 tempore
510 939 542 1001 iu
565 936 715 1012 Gimhria;
746 935 836 1017 paulo
867 943 939 1017 post
968 945 1004 998 ut
1030 936 1061 998 ιι
1083 934 1258 998 Βιιιιιιιιι
1281 934 1365 996 venit
1385 934 1445 995 iter
1467 933 1599 1016 suscepi,
1627 930 1690 1004 vidi,

353 1029 488 1111 probavi,
511 1027 678 1089 admiratus
702 1045 776 1102 sum,
801 1026 969 1105 concupivi,
993 1025 1080 1087 haesi
1096 1025 1243 1106 denique:
1278 1031 1309 1085 et
1326 1023 1415 1104 jussu
1439 1021 1598 1096 Caesaris,
1621 1019 1690 1102 quod

354 1118 487 1202 Tyohoni
511 1117 600 1179 oredo
623 1115 805 1197 promotori,
838 1113 984 1177 familiam
1016 1133 1053 1175 eo
1074 1113 1226 1176 transtuli.
1274 1113 1336 1176 Gur
1365 1111 1409 1174 ita
1431 1113 1577 1186 facerem,
1608 1110 1692 1170 movit

351 1229 399 1272 me
421 1207 626 1289 potissimum,
650 1201 739 1286 quod,
762 1223 851 1285 quam
870 1203 1008 1284 jamdiu
1029 1202 1160 1266 meditor
1180 1202 1439 1266 Harmonioeu
1460 1199 1603 1276 Mundi,
1630 1217 1690 1278 per-

353 1299 451 1372 ficere,
473 1296 533 1360 uisi
555 1301 727 1358 restaurata
749 1312 802 1374 per
825 1293 997 1375 Tychouem
1021 1291 1206 1358 astronomia
1227 1300 1281 1355 aut
1303 1291 1486 1374 comparatis
1508 1291 1574 1372 ejus
1596 1290 1691 1352 ohser-

351 1385 523 1448 vationibus
546 1404 606 1447 nou
628 1403 761 1464 possum.
806 1382 909 1454 Quid?
939 1384 997 1446 hoo
1019 1382 1091 1444 mali
1113 1382 1211 1444 dicare
1234 1399 1302 1444 esse
1324 1381 1356 1442 in
1378 1388 1444 1442 arte
1475 1389 1594 1454 ιιιιιι,
1625 1393 1691 1459 quae

354 1474 451 1538 omnis
470 1472 609 1553 justitiae
632 1472 759 1554 fideique
781 1489 887 1536 norma
909 1479 958 1534 est
979 1479 1011 1533 et
1032 1471 1127 1552 origo,
1151 1471 1229 1552 quod
1251 1470 1283 1534 iu
1296 1489 1364 1532 eam
1387 1469 1508 1532 fraudes
1522 1469 1691 1552 irruperunt,

352 1565 459 1648 quihus
483 1561 602 1641 decepti
624 1561 792 1624 retinentur
813 1561 871 1622 viri
895 1561 1018 1636 sununi,
1042 1581 1101 1642 quo
1123 1562 1221 1624 ιιιιιι
1243 1567 1278 1622 ιι
1298 1579 1355 1640 par
1377 1567 1444 1622 erat
1465 1557 1607 1640 quidquid
1629 1575 1693 1638 pro·

285 1723 292 1734 ,
352 1656 450 1716 fecere
473 1652 507 1716 in
526 1669 681 1714 commuue
713 1651 887 1724 conferant,
919 1649 951 1712 in
972 1649 1124 1733 publicum
1155 1649 1255 1724 edant,
1279 1647 1453 1730 petentibus
1475 1647 1693 1712 communicent

350 1742 465 1806 Premit
498 1741 602 1824 Tyoho
633 1739 791 1821 pleraque:
825 1741 1015 1820 planetarum
1045 1739 1185 1802 theorias·
1212 1733 1417 1812 restauratas,
1450 1737 1695 1809 eeceutricitates,

350 1831 559 1912 proportiones
591 1829 706 1892 orbium
736 1829 776 1892 ad
808 1829 1008 1892 examinanda
1039 1848 1109 1892 mea
1137 1829 1313 1892 harmonica
1343 1826 1498 1909 quaesivi:
1533 1826 1617 1891 Solis
1648 1824 1694 1885 ille

349 1921 534 2002 dxarumque
566 1937 713 1994 canones,
745 1937 879 2000 quaeque
910 1918 941 1980 ιι
964 1919 1066 1993 Luna,
1098 1925 1129 1979 et
1161 1917 1239 2001 quod
1270 1916 1462 1999 potissimum
1494 1916 1639 1998 expetivi,
1669 1913 1695 1975 iu

349 2010 470 2072 Marte
488 2009 553 2089 jam
578 2008 649 2070 olim
671 2007 807 2087 perfecit,
831 2026 868 2068 ea
890 2007 1015 2087 profert,
1040 2025 1106 2072 cum
1130 2008 1314 2070 correctiora
1338 2006 1379 2068 sit
1401 2006 1547 2068 editurus.
1587 2005 1695 2069 Obser-

349 2098 488 2161 vationes
520 2096 639 2179 quidem
661 2096 843 2158 lectissimas
866 2095 1007 2177 porrigit,
1040 2115 1099 2160 uon
1130 2103 1231 2158 ιιιιιι
1264 2095 1367 2170 aliter,
1400 2114 1488 2176 quam
1515 2095 1599 2158 intra
1631 2111 1696 2156 snos

347 2188 490 2268 parietas.
527 2185 658 2260 Laboro,
682 2185 788 2266 iuquit,
811 2192 844 2248 tu
867 2193 1002 2266 qnoque,
1026 2185 1128 2260 credo,
1150 2187 1229 2267 quod
1248 2185 1474 2266 Copomicanae
1496 2184 1697 2266 hypotheseos

349 2278 539 2340 defensorem
561 2275 640 2338 alius
663 2273 728 2353 ipse
752 2273 921 2336 sententiae
945 2282 1084 2356 spectare
1108 2273 1273 2338 constituit
1319 2276 1386 2354 Ego
1410 2274 1565 2355 Tychouis
1596 2273 1697 2336 ohser-

347 2365 521 2430 ratiouihus
543 2364 659 2445 potitus
677 2363 743 2444 jam
775 2382 884 2426 anuum
914 2362 1063 2442 integrum
1095 2362 1253 2444 Copemioi
1283 2364 1468 2445 hypotheses
1501 2364 1641 2428 examino
1671 2360 1698 2420 iu

348 2457 476 2518 Marte
498 2453 667 2536 praecipue.
714 2451 840 2514 Interim
871 2458 905 2514 tu
936 2453 977 2514 ad
999 2453 1170 2534 Tyohouem
1195 2453 1346 2534 scripsisti
1368 2471 1427 2516 nou
1452 2453 1564 2529 semel;
1600 2452 1698 2513 literas

348 2552 419 2606 tuas
440 2543 553 2624 partim
575 2542 652 2624 legi,
675 2541 788 2621 partim
809 2541 911 2604 audivi
933 2541 1093 2604 recenseri.
1139 2542 1328 2606 Admiranda
1359 2550 1392 2606 tu
1424 2559 1540 2623 qnoque
1572 2557 1699 2604 comme-

348 2652 460 2708 moras,
484 2631 630 2713 simulque
652 2647 787 2712 premere
810 2630 865 2692 illa
887 2639 922 2692 et·
940 2631 1005 2714 ipse
1022 2633 1196 2716 profiteris„
1223 2632 1333 2700 Orem
1351 2631 1514 2710 indiguam,
1538 2629 1617 2694 adeo
1632 2647 1698 2710 per-

350 2721 415 2785 dita
438 2741 506 2786 esse
529 2726 675 2802 tempora,
698 2725 733 2782 ut
755 2719 829 2782 uiris
852 2719 951 2782 doctis
974 2739 1091 2803 quoque
1115 2721 1146 2784 in
1166 2730 1248 2784 metu
1263 2721 1305 2785 sit
1320 2721 1516 2788 versandum!
1556 2716 1699 2794 Quamvis

349 2818 382 2874 tu
405 2809 524 2892 qnidesu
547 2829 607 2874 uon
630 2808 787 2872 obscuram
803 2825 887 2889 spem
909 2809 1028 2886 feceris,
1052 2812 1389 2876 communicaturum-te
1404 2817 1458 2874 tua
1475 2827 1542 2873 cum
1565 2809 1631 2884 illo,
1655 2803 1700 2887 qui

349 2915 405 2963 ιιι
427 2899 562 2962 vicissim
584 2906 682 2962 tecum
706 2898 913 2962 communicet
960 2899 996 2962 Id
1019 2917 1079 2979 ego
1098 2909 1257 2982 postquam
1281 2919 1319 2962 ex
1346 2899 1443 2962 literis
1471 2899 1533 2962 tuis
1557 2893 1700 2968 intellexi,

347 2988 470 3052 mirifice
493 2989 524 3050 iu
546 2988 591 3050 tui
614 3004 746 3049 amorem
760 2986 871 3063 exarsi,
893 2987 983 3070 idque
1003 2995 1088 3050 tauto
1103 2991 1210 3069 magis,
1234 2997 1345 3072 quanto
1365 2989 1428 3062 illa,
1443 3007 1520 3068 quae
1535 2987 1566 3050 ιι
1588 2993 1699 3050 secreto

347 3079 458 3141 hahere
482 3076 606 3154 dixisti,
636 3096 721 3140 meos
753 3076 874 3138 labores
904 3077 1107 3139 astronomiae
1131 3079 1209 3142 forte
1232 3097 1291 3140 non
1314 3077 1436 3139 inutiles
1458 3076 1602 3158 adjutura
1627 3081 1701 3139 suut

347 3169 395 3234 Ac
419 3167 478 3232 etsi
501 3167 619 3252 quidem
642 3185 689 3244 ea,
712 3185 788 3249 quae
810 3165 984 3248 aTychone
999 3165 1108 3243 haheo,
1132 3167 1266 3230 vicissim
1284 3173 1383 3229 tecum
1406 3167 1628 3230 communicare
1648 3183 1702 3228 ιιι

347 3277 472 3338 possum
493 3257 553 3320 uisi
577 3255 642 3338 ipso
666 3255 872 3328 consentiente
896 3255 1001 3330 (fidem
1023 3275 1149 3338 namque
1174 3276 1263 3338 snper
1289 3255 1347 3318 hao
1369 3275 1402 3317 re
1425 3255 1471 3318 illi
1494 3255 1592 3331 dedi),
1618 3271 1703 3337 spero

349 3355 461 3421 ιιιιιι,
477 3353 507 3408 te
521 3347 587 3408 fore
601 3346 674 3408 mihi
693 3364 830 3426 aequum,
852 3345 880 3407 si
894 3364 933 3407 ex
946 3365 1058 3436 eornm,
1082 3365 1158 3428 quae
1171 3346 1292 3428 proprio
1302 3347 1402 3407 Marte
1418 3345 1570 3421 adinveni,
1588 3341 1704 3408 fiherafi

351 3435 618 3497 communicatione
642 3435 801 3496 candorem
823 3451 921 3496 meum
943 3436 1152 3520 perspexeris;
1183 3455 1242 3498 non
1272 3435 1353 3516 quod
1381 3433 1420 3496 iis
1442 3443 1474 3495 te
1495 3435 1627 3498 multum
1650 3433 1703 3495 ad-

346 3523 446 3604 jutum
468 3523 506 3585 iri
530 3542 651 3605 sperare
674 3523 789 3603 possim
814 3523 895 3597 (sum
918 3524 997 3586 euim
1019 3543 1106 3587 meae
1128 3524 1201 3588 mihi
1224 3521 1381 3590 tenuitatis
1404 3524 1569 3600 conscius),
1596 3525 1653 3588 sed
1676 3529 1706 3584 ut

352 3612 484 3676 animum
506 3619 540 3674 ιι
561 3608 624 3674 dixi
647 3629 746 3676 meum
766 3609 883 3674 videas.
928 3611 1008 3676 Nam
1032 3613 1143 3678 etheo
1165 3613 1292 3701 aceedit,
1316 3611 1396 3695 quod
1419 3621 1504 3678 tanto
1527 3615 1645 3678 rectius
1660 3631 1704 3676 me

349 3701 458 3781 juvare
480 3699 606 3782 poteris,
629 3700 679 3762 uhi
702 3699 825 3774 videris,
848 3699 958 3780 quibus
980 3701 1011 3767 ιι
1033 3703 1123 3766 rebus
1146 3721 1258 3766 verser.
1298 3702 1332 3766 Si
1355 3704 1393 3764 de
1411 3703 1550 3766 meafide
1570 3704 1704 3776 dubitas,

351 3789 447 3851 hahes
470 3789 519 3852 hio
541 3789 771 3872 chirographum
793 3803 907 3865 meum,
931 3807 989 3872 qno
1013 3791 1167 3855 bonafide
1188 3791 1350 3874 promitto,
1378 3809 1426 3855 me
1449 3792 1592 3874 quicquid
1617 3793 1705 3873 hujus

350 3879 424 3941 mihi
456 3877 722 3942 communicaveris
754 3876 784 3940 iu
817 3885 934 3942 secreto
962 3879 1151 3958 habiturum,
1183 3901 1241 3944 nou
1273 3899 1328 3966 pro
1365 3901 1431 3954 meo
1468 3881 1705 3955 venditaturum,

349 3968 428 4032 nulli
449 3967 603 4032 hominum
625 3967 760 4051 quisquis
783 3965 835 4030 ille
859 3969 901 4031 sit
922 3969 1221 4035 communicaturum:
1260 3972 1324 4034 siue
1348 3972 1417 4034 dolo
1446 3971 1542 4047 malo,
1574 3973 1705 4044 sincere,

349 4059 375 4120 si
400 4077 487 4120 secus
510 4058 614 4133 faxim,
637 4057 684 4120 vir
706 4056 882 4119 inhonestus
905 4057 1027 4121 habear.

439 4147 526 4220 Quae
550 4155 649 4209 autem
672 4165 729 4228 ego
752 4145 974 4227 deprehendere
996 4148 1091 4229 potui,
1114 4147 1190 4210 haec
1213 4149 1276 4210 fere
1300 4155 1378 4211 suut.

439 4239 475 4300 Iu
489 4236 593 4300 libello
608 4255 674 4298 meo
689 4235 947 4317 Cosmogrephico
960 4238 1111 4318 peculiare
1125 4245 1216 4318 caput
1238 4247 1295 4314 est,
1319 4255 1383 4300 cum
1397 4237 1503 4300 tabula
1517 4257 1537 4299 a
1552 4236 1585 4299 M
1594 4259 1615 4300 ι
1624 4257 1642 4300 e
1652 4247 1707 4300 st-

350 4329 428 4390 lino
452 4334 640 4407 computata,
673 4326 703 4387 iu
733 4343 793 4406 qua
823 4327 1008 4406 hypotheses
1031 4327 1189 4408 Oopemioi
1221 4329 1266 4390 sic
1297 4327 1400 4389 censui
1421 4327 1637 4407 corrigendas,
1673 4335 1716 4392 nt.

348 4417 538 4498 planetarum
561 4415 802 4478 eooentricitates
826 4433 1016 4498 summaeque
1039 4417 1161 4496 apsides
1177 4417 1215 4479 ah
1231 4418 1297 4498 ipso
1321 4416 1399 4478 veri
1422 4416 1481 4478 loci
1497 4417 1580 4480 Solis
1596 4426 1706 4480 centro

349 4507 532 4584 deriventur,
559 4525 619 4568 ιιι
648 4527 667 4566 a
689 4505 809 4567 medio
833 4505 901 4567 looo
923 4506 1015 4569 Solis.
1061 4513 1157 4575 (Ριιιι.
1177 4512 1328 4579 cap..xv.;
1352 4511 1409 4564 vot.
1428 4513 1453 4566 L·
1468 4529 1494 4579 p.
1516 4511 1576 4563 ιιι.
1616 4514 1707 4586 (remp.

349 4602 486 4658 comnena.
507 4605 568 4670 dap.
586 4603 634 4666 v.)
673 4595 708 4660 id
732 4594 900 4656 certissime
932 4594 976 4656 ita
1006 4593 1116 4658 hahere
1145 4595 1345 4676 deprehendi,
1376 4596 1488 4658 Martis
1518 4596 1708 4658 certissimis

349 4687 612 4749 observationibus
644 4686 698 4748 ad·
715 4684 1003 4760 demonstrationum
1034 4685 1180 4747 calculum
1193 4717 1198 4736 ι
1211 4685 1371 4747 revocatis.
1423 4685 1497 4748 Aiio
1518 4687 1596 4768 'ejus
1633 4686 1710 4748 libri

353 4777 452 4856 capite
476 4784 546 4850 (cap.
562 4783 641 4836 xxlf.
665 4783 721 4834 vot.
742 4781 761 4832 1.
780 4795 805 4847 p.
827 4779 898 4845 181.)
920 4773 1021 4836 monui
1053 4775 1089 4836 de
1121 4773 1240 4836 theoria
1266 4773 1366 4850 Solia,
1397 4775 1477 4857 quod
1509 4793 1545 4838 aa
1575 4793 1639 4837 nou
1674 4781 1711 4836 ut

349 4865 490 4946 pleneme
513 4866 606 4928 ceteri
629 4865 668 4928 ah
689 4862 855 4928 artificibus
877 4871 1055 4945 aequantem
1078 4862 1262 4943 sitadepta,
1285 4863 1422 4939 sedecia
1435 4863 1563 4945 simplici
1577 4872 1712 4928 constet
