3606 5562
321 319 386 396 746
700 326 811 394 seon
827 323 1114 395 resumpsere.
1127 325 1183 380 oe
1197 321 1274 378 reos.

321 521 378 585 quo
400 501 584 584 interjectos,
607 523 662 586 por
675 504 816 570 Rhodum
838 505 942 588 etqui
963 506 1041 571 leue
1064 504 1197 589 sequitur
1219 505 1315 567 sinum
1337 503 1473 579 Issicum,
1499 521 1555 583 per
1568 501 1663 586 Cypri

320 592 412 655 litore
434 599 466 654 et
486 611 539 672 por
560 593 753 658 Antioohiom
778 595 808 657 iu
831 595 1078 678 Mesopotamiam
1107 615 1141 658 se
1168 592 1281 676 recepit
1307 601 1340 656 et
1361 611 1454 675 prope
1467 591 1662 683 ‘Euphratem

321 681 430 744 Terras
453 681 560 745 iterum
583 683 723 748 deseruit.

410 767 557 854 Quicquid
584 773 675 853 igitur
701 775 862 837 Terrarum
889 773 927 837 eb
954 773 1012 835 hoo
1041 771 1135 836 limite
1166 771 1196 834 in
1229 771 1450 854 septentriones
1480 771 1597 851 vergit}
1631 777 1664 832 ut

321 859 412 924 lolio
434 869 466 922 ot
487 869 554 924 tote
577 863 638 924 lore
661 861 792 945 Europe,
814 863 853 926 iis
872 863 974 945 eliqua
991 861 1029 924 de
1043 861 1114 924 Solo
1132 860 1281 944 porticulo
1303 881 1323 922 e
1345 859 1548 941 septentrione
1571 877 1664 940 supro

320 948 441 1012 residue
462 951 530 1013 vise
553 959 614 1024 est,
637 967 748 1015 ooroue
770 951 825 1015 sub
847 951 975 1015 modium
998 949 1145 1033 eclipseos
1168 950 1306 1012 deorsum
1329 949 1500 1030 porrigens,
1517 946 1662 1037 ¹quioquid

321 1057 392 1101 vero
415 1039 446 1100 in
469 1046 613 1116 enstrum,
636 1049 671 1104 ut
691 1041 840 1121 Hispenie
861 1041 975 1116 ultime,
999 1041 1055 1103 hoo
1077 1039 1159 1104 Solis
1183 1039 1314 1122 eliquans
1334 1039 1515 1120 perticulam
1536 1037 1663 1100 inferius

210 1151 215 1174 0
321 1145 425 1190 versus
449 1136 582 1191 nostrum
605 1129 682 1192 vidit
704 1125 889 1207 sustentem,
918 1139 951 1193 et
972 1149 1083 1192 corone
1112 1147 1229 1191 sursum
1252 1147 1356 1203 verre,
1387 1128 1474 1210 idque
1503 1134 1663 1190 constente

209 1216 211 1227 '
321 1225 393 1278 meo:
411 1217 579 1281 tutunus.
625 1217 795 1282 Secundum
818 1219 1018 1301 Tyohouioem
1040 1237 1111 1280 voro
1139 1216 1330 1280 lenitudinem
1351 1218 1470 1282 omuino
1492 1217 1613 1281 Rornae
1634 1223 1665 1277 et

320 1307 350 1368 in
373 1305 543 1388 preeoipuis
566 1307 642 1370 loeis
664 1307 772 1371 Itelioe
794 1315 876 1372 totus
899 1307 953 1372 Sol
977 1309 1068 1372 inerit
1089 1315 1197 1370 uetus.
1243 1305 1327 1370 Heoo
1349 1326 1421 1369 vero
1444 1306 1545 1368 omnis
1566 1324 1665 1388 popu-

322 1395 378 1458 lori
402 1396 494 1460 etism
517 1397 773 1461 euimedversioue
796 1399 885 1462 focile
908 1398 1125 1462 discernuntur.
