3606 5562
343 327 409 406 880
946 327 985 390 bs
1008 329 1087 392 Luna

342 517 500 582 retinenda
523 524 571 580 est
594 515 804 580 eccentricitas
827 511 925 588 4362,
950 525 981 578 et
1005 515 1168 576 distantiae
1193 515 1230 578 ad
1256 535 1382 596 unguem
1404 515 1529 580 eaedem
1552 538 1573 579 a
1592 515 1699 592 Terra,

343 629 419 688 quas
451 607 564 688 reperit
586 607 720 668 Braheus
744 605 775 666 in
799 606 937 686 quadris,
971 605 1129 668 sciliceta
1152 599 1194 668 59
1222 606 1252 667 iu
1276 603 1318 669 54
1341 605 1447 668 semid.
1474 607 1601 668 Terrae.
1650 606 1702 669 Sit

343 698 435 777 igitur
450 697 510 760 ΑΗ
534 697 613 758 11ιιι
636 701 733 758 motus
752 696 778 766 b
795 713 887 775 prope
912 695 985 766 veri,
1000 703 1031 756 et
1046 694 1135 756 ΒΑΗ
1158 696 1284 774 angulus
1308 695 1478 758 anomaliae
1497 704 1699 777 coaequatae,

343 795 375 848 et
389 787 444 848 DF
444 787 473 848 H
496 785 654 846 anomalia·
672 784 810 856 eccentri,
837 783 988 864 quaeritur
1001 784 1111 845 media.
1149 782 1267 855 Quodsi
1289 784 1416 865 simplex
1434 793 1518 846 esset
1540 786 1698 866 aequatio,

343 893 519 956 quaererem
541 892 642 936 aream
665 873 780 936 DFHA
803 891 856 952 per
882 883 985 952 partes
1017 893 1087 934 suas
1111 871 1215 947 DHB,
1237 873 1333 936 HBA.
1381 873 1443 937 Sed
1471 874 1541 954 qnia
1576 874 1700 936 accedit

343 974 497 1028 menstrua
527 961 685 1042 aequatio,
720 963 802 1023 illam
832 961 928 1024 habeo
960 963 989 1024 in
1021 980 1093 1023 area
1116 958 1204 1022 GHA
1234 963 1463 1065 adjiciendam
1486 963 1621 1038 DFHA,
1655 964 1699 1024 ita

341 1053 497 1116 conficitur
521 1050 672 1114 anomalia
693 1051 807 1123 media,
832 1052 1016 1130 respondens
1041 1052 1150 1134 angulo
1176 1051 1280 1127 DAH,
1304 1071 1370 1114 cum
1401 1052 1478 1115 inter
1500 1053 1645 1132 apsidum
1669 1062 1700 1114 et

341 1143 515 1223 copularum
539 1141 634 1202 lineas
659 1148 708 1201 est
731 1140 778 1200 hic
803 1141 930 1218 angulus
950 1140 1047 1202 DAF.

428 1231 507 1294 Esto
530 1229 669 1292 Lunam
693 1230 739 1304 K,
768 1229 870 1308 anguli
893 1227 995 1302 FAD,
1019 1229 1126 1304 DAK3
1160 1231 1355 1309 respondebit
1388 1230 1479 1310 igitur
1507 1239 1698 1312 coaequatae

342 1321 433 1385 ΒΑΚ
456 1319 564 1395 ιιιι11ι,
589 1318 756 1397 composita
780 1337 818 1378 ex
841 1317 921 1380 areis
947 1318 1034 1380 ΑΒΚ
1058 1327 1089 1380 ιι
1111 1276 1209 1382 AGK.

429 1409 506 1472 Esto
526 1409 643 1470 Luua'
635 1428 666 1468 m
682 1407 704 1481 l,
729 1406 846 1472 scilicet
864 1409 942 1469 inter
965 1407 1137 1486 perigaeum
1161 1407 1331 1470 solutumh]
1356 1415 1387 1468 et
1409 1407 1583 1488 perigaeum
1605 1427 1696 1470 men-

340 1505 456 1564 strudm
481 1497 519 1572 G,
546 1499 647 1576 anguli
671 1496 764 1569 FAD,
791 1496 876 1559 DAl.
921 1497 980 1560 Hic
1003 1505 1188 1577 coaequatae
1210 1497 1286 1560 DAI
1314 1497 1546 1576 (complemento
1571 1497 1695 1578 inquam

245 1647 252 1664 ,
341 1591 405 1670 ejus
429 1589 467 1650 ad
490 1587 647 1658 circulum)
671 1585 834 1666 respondet
857 1587 1006 1648 anomalia
1029 1587 1127 1648 media
1150 1587 1265 1658 ADKI,
1290 1587 1337 1648 cui
1360 1595 1461 1648 tamen
1486 1587 1627 1650 ademtus
1652 1587 1694 1648 ait

340 1680 426 1741 valor
449 1695 537 1738 areae
559 1675 644 1738 Aoi.
691 1675 784 1736 Porro
808 1675 952 1736 facillima
976 1683 1023 1736 est
1046 1676 1230 1755 computatio
1253 1675 1344 1736 etiam
1368 1674 1455 1754 hujus
1479 1694 1570 1738 areae
1593 1673 1692 1750 CKA,

341 1769 367 1831 si
384 1768 429 1829 ‘ad
453 1764 554 1846 anguli
579 1761 670 1826 GAK
693 1763 789 1826 sinum
823 1763 975 1825 addideris
999 1763 1054 1835 ΒΟ,
1084 1764 1113 1826 in
1137 1764 1323 1826 semicirculo
1357 1765 1501 1843 apogaei,
1534 1765 1585 1826 vel
1616 1765 1694 1827 sub-

340 1856 470 1922 traxeris
500 1857 530 1916 in
555 1853 707 1958 oppqsito,
740 1871 793 1932 pro
824 1851 982 1915 altitudine
1008 1853 1094 1932 justa
1124 1854 1265 1933 trianguli
1290 1851 1393 1927 CKA,
1427 1854 1503 1916 hanc
1532 1853 1563 1915 in
1593 1855 1694 1916 sinum

341 1942 582 2026 complemeoti
574 1943 668 2022 ipsius
692 1943 776 2004 FAD
801 1952 833 2003 et
855 1943 997 2004 factum
990 1962 1019 2003 ιι
1043 1943 1177 2005 valorem
1204 1943 1327 2005 maximi
1355 1942 1497 2046 trianguli
1520 1961 1612 2024 anper
1636 1945 1694 2006 AB

340 2032 607 2115 multiplicaveris:
639 2052 713 2112 quas
741 2032 1003 2112 multiplicationes
1026 2032 1102 2094 duas
1126 2031 1207 2094 tollit
1230 2032 1343 2093 additio
1372 2033 1461 2094 unica
1488 2033 1578 2094 trium
1602 2033 1694 2113 lega-

340 2123 528 2188 rithmorum.

430 2211 617 2275 Variationis
641 2173 755 2271 calculo
779 2209 892 2271 servire
915 2219 1020 2288 posset
1041 2210 1090 2273 hio
1113 2210 1191 2272 idem
1215 2208 1353 2272 circellue
1376 2210 1440 2284 BL,
1465 2210 1523 2271 etsi
1546 2211 1695 2274 remotior

341 2312 389 2367 est
412 2301 552 2372 scansis
576 2297 719 2380 physicis.
766 2297 870 2360 Posito
894 2297 986 2373 euim,
1017 2299 1128 2361 lineam
1151 2308 1248 2362 motus
1271 2299 1297 2369 ι
1323 2315 1414 2376 prope
1448 2301 1511 2361 veri
1535 2317 1603 2361 esse
1632 2299 1692 2362 AD

342 2393 422 2466 (sine
446 2397 583 2470 respectu
608 2389 760 2468 apogaei)‚
786 2405 860 2467 quae
885 2396 968 2448 secet
991 2389 1173 2450 circellum
1166 2409 1195 2450 ιι
1218 2390 1261 2451 Β.
1292 2387 1441 2467 quadrata
1463 2388 1582 2452 sinuum
1606 2408 1693 2450 com-

340 2481 556 2562 plementornm
588 2477 718 2540 omnium
751 2495 844 2555 usquc
872 2476 910 2536 ad
941 2475 1037 2539 sinum
1069 2476 1126 2540 CA
1151 2478 1189 2538 ·in
1222 2495 1367 2538 summam
1400 2477 1526 2539 redacta
1555 2477 1693 2540 indicant

340 2569 506 2652 portionem
536 2563 764 2626 accelerationis
793 2564 948 2626 addendae
979 2567 1017 2628 ad
1040 2567 1134 2630 DAF.
1179 2567 1238 2630 Hic
1266 2566 1302 2627 de
1334 2566 1490 2646 quadratis
1518 2567 1640 2630 sinuum
1665 2575 1695 2629 et

341 2675 456 2720 summa
479 2673 581 2718 eorum
604 2661 780 2715 monuerunt
803 2672 849 2714 me
873 2672 982 2715 causae
1012 2655 1169 2738 physicae:
1202 2664 1236 2717 at
1258 2655 1382 2718 effectus
1405 2655 1451 2717 in
1459 2657 1555 2718 forma
1580 2665 1631 2718 eat
1656 2657 1694 2717 ad

339 2763 467 2825 ongum
491 2744 579 2818 idern,
604 2742 654 2824 qui
677 2741 790 2804 circelli
814 2742 1009 2823 Tyehoniani,
1034 2754 1116 2808 motu
1139 2745 1280 2825 duplici'
1273 2745 1375 2823 ipsine
1396 2745 1560 2808 distantiae
1585 2745 1693 2808 Lunae

341 2834 465 2899 aSole.
512 2832 668 2905 Horum,'
660 2851 795 2911 mquam,
826 2833 948 2894 duorum
950 2833 1183 2926 principiorum
1213 2833 1436 2896 consociatione
1466 2835 1596 2898 efficitur
1620 2843 1693 2897 tan-

340 2925 479 2998 tundem,
505 2931 647 3002 quantum
671 2920 791 2983 circello
815 2909 985 3003 Tychoni'co
1009 2922 1180 2998 libratorio,
1211 2922 1290 3004 quod
1313 2923 1402 2984 valde
1425 2943 1472 2985 me
1496 2925 1694 2987 exhilaravit.

341 3015 377 3077 In
400 3012 568 3096 quantitate
593 3010 689 3072 adhuc
708 3009 812 3072 differo
832 3031 850 3071 a
869 3011 1020 3091 Tychone,
1044 3013 1093 3094 qui
1114 3011 1311 3074 variationem
1336 3012 1409 3074 iacit
1426 3009 1492 3088 tr,
1516 3015 1695 3076 observavit

340 3110 444 3166 tamen
466 3101 616 3184 interdum
639 3095 703 3162 116¹.
749 3099 815 3178 Ego
840 3117 911 3162 vero
936 3120 954 3161 ι
977 3101 1069 3180 priori
1102 3101 1219 3162 invenio
1243 3101 1307 3175 δι’,
1332 3111 1363 3163 et
1385 3109 1501 3165 tanturn
1523 3104 1696 3206 ‘postulant

301 3193 304 3213 ¹
341 3193 432 3256 etiam
452 3190 527 3272 justi
551 3189 691 3250 horarii'
683 3207 712 3250 m
737 3188 851 3267 copulis
874 3207 928 3268 pro
952 3191 1123 3270 eclipsibus,
1146 3209 1184 3252 ne
1207 3181 1381 3252 durationes
1404 3192 1479 3253 liant
1501 3193 1623 3254 nimiae.

430 3281 466 3343 In
488 3278 720 3360 Ephemeridum
742 3277 961 3356 prolegomenis
986 3299 1043 3342 uon
1068 3297 1184 3342 summa
1207 3278 1430 3360 quadratomm,
1455 3281 1540 3342 sed'
1532 3300 1599 3362 ipso
1624 3282 1694 3344 sinu

342 3369 396 3434 Bc
422 3369 539 3444 utebar,
563 3367 613 3430 ubi
637 3367 734 3429 deieci
758 3386 777 3428 a
800 3366 944 3448 Tycbone
965 3376 1109 3446 quantum
1131 3388 1208 3432 nune
1232 3387 1349 3448 supero.

430 3459 541 3520 Moneo
565 3463 665 3519 autem
689 3457 794 3528 obiter,
819 3475 856 3517 ne
873 3457 1058 3518 frustraneas
1081 3457 1136 3520 tibi
1152 3457 1351 3538 cogitationes
1369 3457 1513 3561 capitem,
1537 3427 1695 3538 negotium

343 3545 519 3609 variationis
541 3565 600 3608 non
623 3545 703 3608 nuda
726 3543 878 3608 additione
902 3547 1002 3625 perfici
1031 3547 1272 3621 accelerationis,
1302 3547 1358 3608 sed
1380 3548 1462 3627 prius
1485 3547 1602 3629 aliquid
1626 3567 1694 3610 esse

343 3636 577 3700 subtrahendum
593 3635 807 3714 aequabiliter.
846 3633 1069 3697 Subtrahnntur
1091 3635 1217 3715 singulis
1240 3637 1382 3717 gradibus
1406 3636 1571 3699 distantiae
1586 3638 1693 3699 Lunae

344 3725 458 3788 aSole
481 3744 573 3804 prope
596 3743 704 3799 verae,
729 3723 845 3786 scilicet
873 3723 901 3784 l‘
923 3717 1052 3806 47¹t,“;
1082 3725 1232 3787 adduntur
1263 3726 1413 3800 vicissim,
1438 3725 1469 3787 in
1491 3727 1560 3806 ipsa
1584 3729 1694 3807 copula

343 3815 375 3879 3‘
391 3811 433 3878 ³4
440 3809 500 3898 Ἣ
523 3813 657 3917 praecipe
681 3813 811 3894 duplum,
835 3811 904 3874 inde
928 3812 1024 3874 minus
1048 3823 1080 3876 et
1100 3815 1205 3890 minue,
1229 3821 1317 3894 prout
1339 3815 1517 3878 decrescunt
1540 3817 1693 3896 quadrata

307 3953 309 3960 t
344 3905 477 3978 sinuum;
502 3901 626 3964 donec'
619 3922 647 3965 ιι
664 3902 787 3983 quadris
810 3902 898 3981 plane
922 3900 995 3964 nibil
1019 3901 1148 3965 additur.
1186 3903 1279 3966 Item
1294 3903 1415 3994 quadris
1439 3923 1493 3984 pro
1512 3924 1572 3968 uno
1595 3907 1690 3986 gradu

255 4019 258 4025 ·
343 3993 463 4066 dist)
495 4015 513 4054 a
541 3989 581 4096 Q
610 4001 757 4072 aequatae
787 3991 834 4052 bis
874 3991 1018 4052 sumenda
1054 4001 1125 4054 sunt
1160 4001 1283 4072 propter
1320 3983 1441 4056 tertiam
1477 3996 1690 4076 aequationem

344 4081 400 4147 58‘
428 4074 544 4164 13²t,“,
568 4083 597 4143 in
622 4081 737 4161 copulis
760 4098 813 4159 pro
836 4098 895 4140 ιιι
919 4081 1014 4159 gradu
1040 4077 1129 4144 1⁰1
1153 4079 1273 4164 47“,”[.

431 4169 492 4232 Sed
525 4170 615 4231 redeo
638 4171 676 4230 ad
709 4169 836 4247 priorem
870 4169 1079 4249 aequationem
1110 4181 1311 4244 menstruam,
1342 4170 1371 4233 in
1395 4191 1455 4252 qua
1476 4172 1583 4246 videa,
1614 4174 1690 4236 siB

343 4267 478 4322 ιιιιιιιι
509 4259 668 4320 eccentrici
692 4257 734 4318 sit
756 4257 785 4318 in
809 4257 836 4318 L
859 4258 908 4319 vel
929 4258 965 4330 P,
988 4268 1063 4339 puta
1084 4259 1114 4320 in
1138 4260 1271 4339 copulis,
1295 4258 1373 4340 qued
1402 4269 1472 4323 tuno
1495 4261 1585 4324 Luna
1607 4263 1639 4326 in
1663 4263 1691 4324 Η

342 4351 456 4430 posita,
490 4347 631 4429 aequatio
655 4347 755 4427 optica
777 4345 820 4408 sit
842 4347 943 4408 futura
973 4348 1099 4427 angulus
1121 4348 1226 4417 LHA.
1251 4347 1305 4411 sed
1326 4349 1452 4429 physica
1478 4369 1549 4431 pars
1574 4371 1689 4435 aequa-

342 4439 443 4502 tionis
464 4437 647 4499 desumenda
679 4438 721 4498 sit
752 4453 791 4496 ex
822 4453 894 4496 area
920 4435 1009 4498 LHA
1041 4438 1087 4500 bis
1118 4446 1235 4512 sumta,
1266 4439 1359 4500 semel
1390 4457 1444 4519 pro
1476 4440 1690 4506 constituenda

343 4528 521 4609 aequatione
542 4523 768 4606 inaequalitatis
792 4525 922 4599 solutae,
947 4525 1019 4587 item
1042 4544 1095 4606 pro
1118 4527 1297 4606 aequatione
1321 4535 1490 4591 meustmae
1518 4529 1688 4613 inaequali-

341 4618 435 4678 tatis.
459 4615 529 4720 quia
550 4611 604 4676 BC
628 4624 698 4676 tune
723 4611 897 4687 absumitur,
921 4614 1098 4688 redactam
1121 4615 1327 4696 punctumC,
1352 4627 1385 4680 ιι
1407 4617 1448 4680 sit
1465 4619 1689 4722 'triangulorum

343 4705 592 4788 aequatoriorum,
617 4703 703 4765 nnius
726 4722 781 4784 pro
804 4700 917 4776 soluta,
943 4703 1070 4766 alterius
1092 4723 1146 4784 pro
1169 4713 1324 4768 menstrua
1353 4707 1549 4788 aequatione,
1583 4711 1689 4772 eadem

341 4795 425 4857 basis
449 4793 517 4858 AL.
563 4793 707 4856 Vicissim
731 4810 787 4874 quo
811 4809 912 4852 menae
936 4800 1070 4856 centrum
1088 4795 1123 4856 Β-
1137 4793 1271 4857 venitm
1296 4794 1436 4876 quadras,
1460 4797 1501 4860 ibi
1524 4796 1687 4880 perpendi-

343 4883 453 4945 cularis
476 4901 514 4944 ex
537 4890 640 4944 centro
664 4881 747 4944 cadit
764 4881 794 4943 in
809 4882 839 4944 A
861 4885 997 4942 centrum
1011 4882 1132 4958 Terrae,
1156 4883 1256 4964 itaque
1269 4883 1321 4947 illo
1338 4903 1441 4950 mense
1464 4887 1529 4960 (vel
1548 4891 1686 4970 quamdis
