<?xml version="1.0" encoding="UTF-8"?>
<!DOCTYPE html PUBLIC "-//W3C//DTD XHTML 1.0 Transitional//EN"
    "http://www.w3.org/TR/xhtml1/DTD/xhtml1-transitional.dtd">
<html xmlns="http://www.w3.org/1999/xhtml" xml:lang="en" lang="en">
 <head>
  <title>
</title>
<meta http-equiv="Content-Type" content="text/html;charset=utf-8" />
  <meta name='ocr-system' content='tesseract 3.04.00' />
  <meta name='ocr-capabilities' content='ocr_page ocr_carea ocr_par ocr_line ocrx_word'/>
</head>
<body>
  <div class='ocr_page' id='page_1' title='image "./joanniskepleria28frisgoog_0722.png"; bbox 0 0 3606 5562; ppageno 0'>
   <div class='ocr_carea' id='block_1_1' title="bbox 658 319 1484 412">
    <p class='ocr_par' dir='ltr' id='par_1_1' title="bbox 658 319 1484 412">
     <span class='ocr_line' id='line_1_1' title="bbox 658 319 1484 412; baseline -0.006 -16"><span class='ocrx_word' id='word_1_1' title='bbox 658 339 798 412; x_wconf 62' lang='lat' dir='ltr'><strong>esaan</strong></span> <span class='ocrx_word' id='word_1_2' title='bbox 817 341 957 394; x_wconf 66' lang='lat' dir='ltr'><strong>oseneia</strong></span> <span class='ocrx_word' id='word_1_3' title='bbox 1002 351 1004 362; x_wconf 91' lang='lat'>·</span> <span class='ocrx_word' id='word_1_4' title='bbox 1420 319 1484 394; x_wconf 78' lang='lat'><strong>703</strong></span> 
     </span>
    </p>
   </div>
   <div class='ocr_carea' id='block_1_2' title="bbox 93 509 1484 783">
    <p class='ocr_par' dir='ltr' id='par_1_2' title="bbox 93 509 1484 783">
     <span class='ocr_line' id='line_1_2' title="bbox 234 509 1483 612; baseline -0.007 -32"><span class='ocrx_word' id='word_1_5' title='bbox 234 514 269 580; x_wconf 87' lang='lat' dir='ltr'><strong>Si</strong></span> <span class='ocrx_word' id='word_1_6' title='bbox 283 515 349 597; x_wconf 85' lang='lat' dir='ltr'><strong>quis</strong></span> <span class='ocrx_word' id='word_1_7' title='bbox 367 537 438 581; x_wconf 87' lang='lat' dir='ltr'><strong>vero</strong></span> <span class='ocrx_word' id='word_1_8' title='bbox 452 518 526 582; x_wconf 91' lang='lat' dir='ltr'><strong>nolit</strong></span> <span class='ocrx_word' id='word_1_9' title='bbox 539 519 691 600; x_wconf 79' lang='lat' dir='ltr'>negligere</span> <span class='ocrx_word' id='word_1_10' title='bbox 707 521 893 600; x_wconf 90' lang='lat' dir='ltr'><strong>aequationis</strong></span> <span class='ocrx_word' id='word_1_11' title='bbox 908 528 1024 602; x_wconf 88' lang='lat' dir='ltr'><strong>partem</strong></span> <span class='ocrx_word' id='word_1_12' title='bbox 1038 519 1164 582; x_wconf 82' lang='lat' dir='ltr'><strong>alteram</strong></span> <span class='ocrx_word' id='word_1_13' title='bbox 1184 536 1201 578; x_wconf 86' lang='lat' dir='ltr'><strong>a</strong></span> <span class='ocrx_word' id='word_1_14' title='bbox 1215 509 1483 612; x_wconf 29' lang='lat' dir='ltr'><strong>Tycboucuexter-</strong></span> 
     </span>
     <span class='ocr_line' id='line_1_3' title="bbox 146 603 1484 692; baseline -0.006 -26"><span class='ocrx_word' id='word_1_15' title='bbox 146 603 300 681; x_wconf 84' lang='lat' dir='ltr'><strong>minatam,</strong></span> <span class='ocrx_word' id='word_1_16' title='bbox 324 606 352 669; x_wconf 91' lang='lat' dir='ltr'><strong>is</strong></span> <span class='ocrx_word' id='word_1_17' title='bbox 375 608 466 670; x_wconf 87' lang='lat' dir='ltr'><strong>adeat</strong></span> <span class='ocrx_word' id='word_1_18' title='bbox 479 608 701 672; x_wconf 87' lang='lat' dir='ltr'><strong>Protenicarum</strong></span> <span class='ocrx_word' id='word_1_19' title='bbox 720 610 838 673; x_wconf 89' lang='lat' dir='ltr'><strong>modum</strong></span> <span class='ocrx_word' id='word_1_20' title='bbox 853 609 1038 692; x_wconf 85' lang='lat' dir='ltr'><strong>aequationis</strong></span> <span class='ocrx_word' id='word_1_21' title='bbox 1060 607 1193 689; x_wconf 90' lang='lat' dir='ltr'><strong>primum.</strong></span> <span class='ocrx_word' id='word_1_22' title='bbox 1231 605 1301 668; x_wconf 85' lang='lat' dir='ltr'><strong>Jam</strong></span> <span class='ocrx_word' id='word_1_23' title='bbox 1323 619 1402 663; x_wconf 88' lang='lat' dir='ltr'><strong>eorm</strong></span> <span class='ocrx_word' id='word_1_24' title='bbox 1425 615 1484 661; x_wconf 91' lang='lat' dir='ltr'><strong>non</strong></span> 
     </span>
     <span class='ocr_line' id='line_1_4' title="bbox 93 693 894 783; baseline 0 -27"><span class='ocrx_word' id='word_1_25' title='bbox 93 705 104 716; x_wconf 82' lang='grc'><strong><em>’</em></strong></span> <span class='ocrx_word' id='word_1_26' title='bbox 144 693 327 776; x_wconf 81' lang='lat' dir='ltr'><strong>Tycbonico,</strong></span> <span class='ocrx_word' id='word_1_27' title='bbox 350 697 404 758; x_wconf 90' lang='lat' dir='ltr'><strong>sed</strong></span> <span class='ocrx_word' id='word_1_28' title='bbox 426 697 610 760; x_wconf 88' lang='lat' dir='ltr'><strong>Ptolemaiou</strong></span> <span class='ocrx_word' id='word_1_29' title='bbox 635 699 721 783; x_wconf 80' lang='lat' dir='ltr'><strong>inodo</strong></span> <span class='ocrx_word' id='word_1_30' title='bbox 745 699 894 779; x_wconf 80' lang='lat' dir='ltr'><strong>aequabit.</strong></span> 
     </span>
    </p>
   </div>
   <div class='ocr_carea' id='block_1_3' title="bbox 131 817 1605 2444">
    <p class='ocr_par' dir='ltr' id='par_1_3' title="bbox 141 817 1605 1042">
     <span class='ocr_line' id='line_1_5' title="bbox 234 817 1605 887; baseline -0.002 -19"><span class='ocrx_word' id='word_1_31' title='bbox 234 817 290 868; x_wconf 86' lang='lat' dir='ltr'><strong>Hoc</strong></span> <span class='ocrx_word' id='word_1_32' title='bbox 308 833 382 884; x_wconf 88' lang='lat' dir='ltr'><strong>usqua</strong></span> <span class='ocrx_word' id='word_1_33' title='bbox 395 819 531 885; x_wconf 71' lang='lat' dir='ltr'><strong>Koplernsr</strong></span> <span class='ocrx_word' id='word_1_34' title='bbox 551 822 673 874; x_wconf 76' lang='lat' dir='ltr'><strong>conclusio</strong></span> <span class='ocrx_word' id='word_1_35' title='bbox 690 822 815 873; x_wconf 89' lang='lat' dir='ltr'><strong>literarum</strong></span> <span class='ocrx_word' id='word_1_36' title='bbox 834 823 859 872; x_wconf 92' lang='lat' dir='ltr'><strong>iu</strong></span> <span class='ocrx_word' id='word_1_37' title='bbox 877 823 1042 887; x_wconf 80' lang='lat' dir='ltr'><strong>manuscripto</strong></span> <span class='ocrx_word' id='word_1_38' title='bbox 1055 821 1132 872; x_wconf 82' lang='lat' dir='ltr'><strong>deest</strong></span> <span class='ocrx_word' id='word_1_39' title='bbox 1160 819 1197 870; x_wconf 81' lang='lat' dir='ltr'><strong>Ex</strong></span> <span class='ocrx_word' id='word_1_40' title='bbox 1212 817 1365 870; x_wconf 80' lang='lat' dir='ltr'><strong>Harvarti</strong></span> <span class='ocrx_word' id='word_1_41' title='bbox 1383 822 1483 876; x_wconf 79' lang='lat' dir='ltr'><strong>respon·</strong></span> <span class='ocrx_word' id='word_1_42' title='bbox 1601 863 1605 872; x_wconf 67' lang='grc'>,</span> 
     </span>
     <span class='ocr_line' id='line_1_6' title="bbox 141 879 1484 960; baseline 0.003 -24"><span class='ocrx_word' id='word_1_43' title='bbox 141 888 223 945; x_wconf 83' lang='lat' dir='ltr'><strong>sione.</strong></span> <span class='ocrx_word' id='word_1_44' title='bbox 241 888 264 940; x_wconf 88' lang='lat' dir='ltr'><strong>d.</strong></span> <span class='ocrx_word' id='word_1_45' title='bbox 285 890 309 940; x_wconf 91' lang='lat' dir='ltr'><strong>d.</strong></span> <span class='ocrx_word' id='word_1_46' title='bbox 329 888 370 941; x_wconf 80' lang='grc'><strong>20.</strong></span> <span class='ocrx_word' id='word_1_47' title='bbox 390 891 451 942; x_wconf 80' lang='lat' dir='ltr'><strong>Nor.</strong></span> <span class='ocrx_word' id='word_1_48' title='bbox 473 889 549 951; x_wconf 75' lang='lat'><strong>1602,</strong></span> <span class='ocrx_word' id='word_1_49' title='bbox 567 891 630 945; x_wconf 81' lang='lat' dir='ltr'><strong>baec</strong></span> <span class='ocrx_word' id='word_1_50' title='bbox 648 901 745 944; x_wconf 85' lang='lat' dir='ltr'><strong>tanturn</strong></span> <span class='ocrx_word' id='word_1_51' title='bbox 764 894 797 944; x_wconf 86' lang='lat' dir='ltr'><strong>ad</strong></span> <span class='ocrx_word' id='word_1_52' title='bbox 815 897 950 958; x_wconf 84' lang='lat' dir='ltr'><strong>praemissa</strong></span> <span class='ocrx_word' id='word_1_53' title='bbox 967 895 1102 960; x_wconf 83' lang='lat' dir='ltr'><strong>pertinent:</strong></span> <span class='ocrx_word' id='word_1_54' title='bbox 1130 891 1195 942; x_wconf 90' lang='lat' dir='ltr'><strong>Dom</strong></span> <span class='ocrx_word' id='word_1_55' title='bbox 1212 889 1245 940; x_wconf 89' lang='lat' dir='ltr'><strong>D.</strong></span> <span class='ocrx_word' id='word_1_56' title='bbox 1265 883 1418 954; x_wconf 71' lang='lat' dir='ltr'><strong>rengnogoll</strong></span> <span class='ocrx_word' id='word_1_57' title='bbox 1435 879 1484 932; x_wconf 66' lang='lat'>¹1⁸1)</span> 
     </span>
     <span class='ocr_line' id='line_1_7' title="bbox 141 959 1451 1042; baseline 0.005 -33"><span class='ocrx_word' id='word_1_58' title='bbox 141 959 184 1010; x_wconf 88' lang='lat' dir='ltr'><strong>iob</strong></span> <span class='ocrx_word' id='word_1_59' title='bbox 200 962 287 1026; x_wconf 70' lang='lat' dir='ltr'><strong>Jdnpst</strong></span> <span class='ocrx_word' id='word_1_60' title='bbox 304 962 462 1026; x_wconf 75' lang='lat' dir='ltr'><strong>geecbrieben</strong></span> <span class='ocrx_word' id='word_1_61' title='bbox 480 963 530 1014; x_wconf 88' lang='lat' dir='ltr'><strong>und</strong></span> <span class='ocrx_word' id='word_1_62' title='bbox 548 977 633 1030; x_wconf 71' lang='lat' dir='ltr'><strong>aspen</strong></span> <span class='ocrx_word' id='word_1_63' title='bbox 653 965 799 1032; x_wconf 77' lang='lat' dir='ltr'><strong>Ergenznng</strong></span> <span class='ocrx_word' id='word_1_64' title='bbox 818 965 860 1016; x_wconf 89' lang='lat' dir='ltr'><strong>des</strong></span> <span class='ocrx_word' id='word_1_65' title='bbox 878 966 996 1032; x_wconf 74' lang='lat' dir='ltr'><strong>Abgaugs</strong></span> <span class='ocrx_word' id='word_1_66' title='bbox 1015 963 1081 1016; x_wconf 82' lang='lat' dir='ltr'><strong>denir</strong></span> <span class='ocrx_word' id='word_1_67' title='bbox 1098 969 1194 1030; x_wconf 73' lang='lat' dir='ltr'><strong>gesapt.</strong></span> <span class='ocrx_word' id='word_1_68' title='bbox 1446 1029 1451 1042; x_wconf 40' lang='grc' dir='ltr'>Ι</span> 
     </span>
    </p>

    <p class='ocr_par' dir='ltr' id='par_1_4' title="bbox 138 1027 1485 1315">
     <span class='ocr_line' id='line_1_8' title="bbox 233 1027 1485 1103; baseline -0.004 -21"><span class='ocrx_word' id='word_1_69' title='bbox 233 1031 262 1081; x_wconf 91' lang='lat' dir='ltr'><strong>In</strong></span> <span class='ocrx_word' id='word_1_70' title='bbox 282 1036 431 1084; x_wconf 69' lang='lat' dir='ltr'><strong>assumtione</strong></span> <span class='ocrx_word' id='word_1_71' title='bbox 449 1037 563 1100; x_wconf 88' lang='lat' dir='ltr'><strong>temporis</strong></span> <span class='ocrx_word' id='word_1_72' title='bbox 583 1037 729 1102; x_wconf 78' lang='lat' dir='ltr'><strong>aequinoctii</strong></span> <span class='ocrx_word' id='word_1_73' title='bbox 748 1038 779 1088; x_wconf 84' lang='lat' dir='ltr'><strong>ab</strong></span> <span class='ocrx_word' id='word_1_74' title='bbox 798 1037 945 1103; x_wconf 74' lang='lat' dir='ltr'><strong>Albateguio</strong></span> <span class='ocrx_word' id='word_1_75' title='bbox 964 1036 1083 1087; x_wconf 82' lang='lat' dir='ltr'><strong>observati</strong></span> <span class='ocrx_word' id='word_1_76' title='bbox 1103 1033 1207 1086; x_wconf 67' lang='lat' dir='ltr'><strong>asebelt</strong></span> <span class='ocrx_word' id='word_1_77' title='bbox 1224 1035 1270 1083; x_wconf 89' lang='lat' dir='ltr'><strong>mir</strong></span> <span class='ocrx_word' id='word_1_78' title='bbox 1287 1033 1338 1088; x_wconf 88' lang='lat' dir='ltr'><strong>ult,</strong></span> <span class='ocrx_word' id='word_1_79' title='bbox 1357 1029 1414 1080; x_wconf 86' lang='lat' dir='ltr'><strong>deas</strong></span> <span class='ocrx_word' id='word_1_80' title='bbox 1432 1027 1485 1078; x_wconf 85' lang='lat' dir='ltr'><strong>nclr</strong></span> 
     </span>
     <span class='ocr_line' id='line_1_9' title="bbox 139 1099 1483 1184; baseline -0.002 -32"><span class='ocrx_word' id='word_1_81' title='bbox 139 1099 268 1153; x_wconf 76' lang='lat' dir='ltr'><strong>Rainbold</strong></span> <span class='ocrx_word' id='word_1_82' title='bbox 294 1105 369 1168; x_wconf 76' lang='lat' dir='ltr'><strong>geirrt</strong></span> <span class='ocrx_word' id='word_1_83' title='bbox 390 1105 441 1156; x_wconf 90' lang='lat' dir='ltr'><strong>und</strong></span> <span class='ocrx_word' id='word_1_84' title='bbox 464 1120 542 1156; x_wconf 84' lang='lat' dir='ltr'><strong>annos</strong></span> <span class='ocrx_word' id='word_1_85' title='bbox 568 1108 672 1172; x_wconf 88' lang='lat' dir='ltr'><strong>tropicos</strong></span> <span class='ocrx_word' id='word_1_86' title='bbox 697 1123 740 1172; x_wconf 90' lang='lat' dir='ltr'><strong>pro</strong></span> <span class='ocrx_word' id='word_1_87' title='bbox 763 1108 979 1172; x_wconf 65' lang='lat' dir='ltr'><strong>aequinoctialibus</strong></span> <span class='ocrx_word' id='word_1_88' title='bbox 1003 1108 1145 1158; x_wconf 73' lang='lat' dir='ltr'><strong>Pmlamaeo</strong></span> <span class='ocrx_word' id='word_1_89' title='bbox 1171 1107 1268 1155; x_wconf 67' lang='lat' dir='ltr'><strong>cuntis</strong></span> <span class='ocrx_word' id='word_1_90' title='bbox 1296 1115 1483 1184; x_wconf 73' lang='lat' dir='ltr'><strong>augenommen</strong></span> 
     </span>
     <span class='ocr_line' id='line_1_10' title="bbox 139 1170 1485 1244; baseline -0.002 -20"><span class='ocrx_word' id='word_1_91' title='bbox 139 1176 190 1224; x_wconf 78' lang='lat' dir='ltr'><strong>urio</strong></span> <span class='ocrx_word' id='word_1_92' title='bbox 207 1174 249 1225; x_wconf 84' lang='lat' dir='ltr'><strong>ich</strong></span> <span class='ocrx_word' id='word_1_93' title='bbox 267 1174 332 1224; x_wconf 90' lang='lat' dir='ltr'><strong>deun</strong></span> <span class='ocrx_word' id='word_1_94' title='bbox 350 1177 387 1225; x_wconf 87' lang='lat' dir='ltr'><strong>nit</strong></span> <span class='ocrx_word' id='word_1_95' title='bbox 403 1181 490 1234; x_wconf 72' lang='lat' dir='ltr'><strong>oruata</strong></span> <span class='ocrx_word' id='word_1_96' title='bbox 508 1179 554 1228; x_wconf 83' lang='lat' dir='ltr'><strong>arla</strong></span> <span class='ocrx_word' id='word_1_97' title='bbox 573 1191 600 1228; x_wconf 87' lang='lat' dir='ltr'><strong>ss</strong></span> <span class='ocrx_word' id='word_1_98' title='bbox 618 1180 669 1228; x_wconf 87' lang='lat' dir='ltr'><strong>sich</strong></span> <span class='ocrx_word' id='word_1_99' title='bbox 687 1188 786 1229; x_wconf 85' lang='lat' dir='ltr'><strong>sonatan</strong></span> <span class='ocrx_word' id='word_1_100' title='bbox 805 1180 971 1244; x_wconf 68' lang='lat' dir='ltr'><strong>vanbdffipen</strong></span> <span class='ocrx_word' id='word_1_101' title='bbox 989 1181 1069 1230; x_wconf 73' lang='lat' dir='ltr'><strong>boue.</strong></span> <span class='ocrx_word' id='word_1_102' title='bbox 1098 1178 1153 1229; x_wconf 81' lang='lat' dir='ltr'><strong>Dae</strong></span> <span class='ocrx_word' id='word_1_103' title='bbox 1164 1175 1376 1227; x_wconf 77' lang='lat' dir='ltr'><strong>vonPtolemaeue</strong></span> <span class='ocrx_word' id='word_1_104' title='bbox 1388 1170 1485 1224; x_wconf 81' lang='lat' dir='ltr'><strong>boarebt</strong></span> 
     </span>
     <span class='ocr_line' id='line_1_11' title="bbox 138 1245 1327 1315; baseline 0.001 -19"><span class='ocrx_word' id='word_1_105' title='bbox 138 1245 196 1296; x_wconf 78' lang='lat' dir='ltr'><strong>sich</strong></span> <span class='ocrx_word' id='word_1_106' title='bbox 213 1245 266 1296; x_wconf 85' lang='lat' dir='ltr'><strong>blaa</strong></span> <span class='ocrx_word' id='word_1_107' title='bbox 283 1246 383 1298; x_wconf 85' lang='lat' dir='ltr'><strong>auidis</strong></span> <span class='ocrx_word' id='word_1_108' title='bbox 401 1262 493 1298; x_wconf 77' lang='lat' dir='ltr'><strong>encres</strong></span> <span class='ocrx_word' id='word_1_109' title='bbox 512 1250 694 1315; x_wconf 75' lang='lat' dir='ltr'><strong>cbmnoloplcoa</strong></span> <span class='ocrx_word' id='word_1_110' title='bbox 711 1251 762 1302; x_wconf 89' lang='lat' dir='ltr'><strong>und</strong></span> <span class='ocrx_word' id='word_1_111' title='bbox 780 1251 961 1303; x_wconf 78' lang='lat' dir='ltr'><strong>observadones</strong></span> <span class='ocrx_word' id='word_1_112' title='bbox 979 1251 1091 1302; x_wconf 81' lang='lat' dir='ltr'><strong>amatori</strong></span> <span class='ocrx_word' id='word_1_113' title='bbox 1109 1249 1222 1300; x_wconf 81' lang='lat' dir='ltr'><strong>Minerva</strong></span> <span class='ocrx_word' id='word_1_114' title='bbox 1238 1249 1327 1299; x_wconf 82' lang='lat' dir='ltr'><strong>laetas</strong></span> 
     </span>
    </p>

    <p class='ocr_par' dir='ltr' id='par_1_5' title="bbox 139 1315 1537 1458">
     <span class='ocr_line' id='line_1_12' title="bbox 193 1315 1537 1394; baseline 0.005 -26"><span class='ocrx_word' id='word_1_115' title='bbox 193 1353 200 1368; x_wconf 92' lang='lat'><strong>.</strong></span> <span class='ocrx_word' id='word_1_116' title='bbox 231 1315 423 1383; x_wconf 84' lang='lat' dir='ltr'><strong>VonHlpparch</strong></span> <span class='ocrx_word' id='word_1_117' title='bbox 439 1321 472 1370; x_wconf 87' lang='lat' dir='ltr'><strong>ist</strong></span> <span class='ocrx_word' id='word_1_118' title='bbox 491 1320 538 1376; x_wconf 79' lang='lat' dir='ltr'><strong>„de</strong></span> <span class='ocrx_word' id='word_1_119' title='bbox 550 1321 719 1386; x_wconf 72' lang='lat' dir='ltr'><strong>magnitudine</strong></span> <span class='ocrx_word' id='word_1_120' title='bbox 731 1323 806 1372; x_wconf 83' lang='lat' dir='ltr'><strong>aunl“</strong></span> <span class='ocrx_word' id='word_1_121' title='bbox 825 1321 906 1373; x_wconf 83' lang='lat' dir='ltr'><strong>ulcbta</strong></span> <span class='ocrx_word' id='word_1_122' title='bbox 917 1323 1067 1374; x_wconf 81' lang='lat' dir='ltr'><strong>vorbeuden.</strong></span> <span class='ocrx_word' id='word_1_123' title='bbox 1095 1321 1148 1372; x_wconf 83' lang='lat' dir='ltr'><strong>Dae</strong></span> <span class='ocrx_word' id='word_1_124' title='bbox 1161 1335 1188 1370; x_wconf 84' lang='lat' dir='ltr'><strong>eo</strong></span> <span class='ocrx_word' id='word_1_125' title='bbox 1201 1335 1266 1372; x_wconf 81' lang='lat' dir='ltr'><strong>auno</strong></span> <span class='ocrx_word' id='word_1_126' title='bbox 1279 1315 1320 1366; x_wconf 79' lang='grc'><strong>67.</strong></span> <span class='ocrx_word' id='word_1_127' title='bbox 1340 1330 1370 1367; x_wconf 79' lang='lat' dir='ltr'><strong>tu</strong></span> <span class='ocrx_word' id='word_1_128' title='bbox 1382 1317 1484 1374; x_wconf 71' lang='lat' dir='ltr'><strong>Fl⁰¹⁸¹¹¹</strong></span> <span class='ocrx_word' id='word_1_129' title='bbox 1534 1385 1537 1394; x_wconf 41' lang='grc' dir='ltr'>Ι</span> 
     </span>
     <span class='ocr_line' id='line_1_13' title="bbox 139 1389 833 1458; baseline 0.009 -20"><span class='ocrx_word' id='word_1_130' title='bbox 139 1389 263 1454; x_wconf 71' lang='lat' dir='ltr'><strong>amqiug.</strong></span> <span class='ocrx_word' id='word_1_131' title='bbox 282 1402 347 1457; x_wconf 80' lang='grc' dir='ltr'>περι</span> <span class='ocrx_word' id='word_1_132' title='bbox 365 1403 557 1458; x_wconf 62' lang='lat' dir='ltr'><strong>patrous-eus,</strong></span> <span class='ocrx_word' id='word_1_133' title='bbox 576 1395 608 1442; x_wconf 88' lang='lat' dir='ltr'><strong>ist</strong></span> <span class='ocrx_word' id='word_1_134' title='bbox 625 1394 678 1448; x_wconf 87' lang='lat' dir='ltr'><strong>selu</strong></span> <span class='ocrx_word' id='word_1_135' title='bbox 697 1392 771 1442; x_wconf 82' lang='lat' dir='ltr'><strong>Warlr</strong></span> <span class='ocrx_word' id='word_1_136' title='bbox 788 1395 833 1444; x_wconf 90' lang='lat' dir='ltr'><strong>uit.</strong></span> 
     </span>
    </p>

    <p class='ocr_par' dir='ltr' id='par_1_6' title="bbox 138 1455 1503 1586">
     <span class='ocr_line' id='line_1_14' title="bbox 232 1455 1486 1530; baseline -0.003 -21"><span class='ocrx_word' id='word_1_137' title='bbox 232 1461 281 1510; x_wconf 83' lang='lat' dir='ltr'><strong>Ttlr</strong></span> <span class='ocrx_word' id='word_1_138' title='bbox 299 1461 338 1510; x_wconf 90' lang='lat' dir='ltr'><strong>dle</strong></span> <span class='ocrx_word' id='word_1_139' title='bbox 356 1463 529 1528; x_wconf 78' lang='lat' dir='ltr'><strong>ongeachlokte</strong></span> <span class='ocrx_word' id='word_1_140' title='bbox 548 1463 698 1516; x_wconf 71' lang='lat' dir='ltr'><strong>declaration</strong></span> <span class='ocrx_word' id='word_1_141' title='bbox 717 1479 789 1528; x_wconf 85' lang='lat' dir='ltr'><strong>super</strong></span> <span class='ocrx_word' id='word_1_142' title='bbox 806 1464 900 1515; x_wconf 84' lang='lat' dir='ltr'><strong>calculo</strong></span> <span class='ocrx_word' id='word_1_143' title='bbox 913 1463 1052 1530; x_wconf 86' lang='lat' dir='ltr'><strong>Tyohonice</strong></span> <span class='ocrx_word' id='word_1_144' title='bbox 1065 1463 1115 1514; x_wconf 87' lang='lat' dir='ltr'><strong>oud</strong></span> <span class='ocrx_word' id='word_1_145' title='bbox 1137 1461 1180 1514; x_wconf 89' lang='lat' dir='ltr'><strong>der</strong></span> <span class='ocrx_word' id='word_1_146' title='bbox 1191 1461 1338 1530; x_wconf 76' lang='lat' dir='ltr'><strong>sphalmata</strong></span> <span class='ocrx_word' id='word_1_147' title='bbox 1355 1459 1388 1510; x_wconf 89' lang='lat' dir='ltr'><strong>im</strong></span> <span class='ocrx_word' id='word_1_148' title='bbox 1401 1455 1486 1508; x_wconf 78' lang='lat' dir='ltr'><strong>Druck</strong></span> 
     </span>
     <span class='ocr_line' id='line_1_15' title="bbox 138 1527 1503 1586; baseline 0.008 -6"><span class='ocrx_word' id='word_1_149' title='bbox 138 1527 202 1580; x_wconf 86' lang='lat' dir='ltr'><strong>thoe</strong></span> <span class='ocrx_word' id='word_1_150' title='bbox 221 1529 262 1580; x_wconf 89' lang='lat' dir='ltr'><strong>ich</strong></span> <span class='ocrx_word' id='word_1_151' title='bbox 278 1529 344 1582; x_wconf 88' lang='lat' dir='ltr'><strong>mich</strong></span> <span class='ocrx_word' id='word_1_152' title='bbox 361 1533 499 1586; x_wconf 83' lang='lat' dir='ltr'><strong>bedankeu.</strong></span> <span class='ocrx_word' id='word_1_153' title='bbox 1497 1545 1503 1556; x_wconf 87' lang='lat'>&#39;</span> 
     </span>
    </p>

    <p class='ocr_par' dir='ltr' id='par_1_7' title="bbox 138 1595 1486 2025">
     <span class='ocr_line' id='line_1_16' title="bbox 233 1595 1486 1672; baseline 0.007 -21"><span class='ocrx_word' id='word_1_154' title='bbox 233 1599 329 1652; x_wconf 79' lang='lat' dir='ltr'><strong>Deinde</strong></span> <span class='ocrx_word' id='word_1_155' title='bbox 348 1603 504 1672; x_wconf 69' lang='lat' dir='ltr'><strong>Hermus.</strong></span> <span class='ocrx_word' id='word_1_156' title='bbox 531 1621 574 1670; x_wconf 89' lang='lat' dir='ltr'><strong>pro</strong></span> <span class='ocrx_word' id='word_1_157' title='bbox 601 1607 749 1656; x_wconf 81' lang='lat' dir='ltr'><strong>transmissis</strong></span> <span class='ocrx_word' id='word_1_158' title='bbox 772 1605 872 1664; x_wconf 81' lang='lat' dir='ltr'><strong>Tabulis</strong></span> <span class='ocrx_word' id='word_1_159' title='bbox 891 1606 991 1671; x_wconf 86' lang='lat' dir='ltr'><strong>Kepleri</strong></span> <span class='ocrx_word' id='word_1_160' title='bbox 1010 1605 1147 1667; x_wconf 64' lang='lat' dir='ltr'><strong>lrunanbus</strong></span> <span class='ocrx_word' id='word_1_161' title='bbox 1173 1602 1239 1667; x_wconf 80' lang='lat' dir='ltr'><strong>(vide</strong></span> <span class='ocrx_word' id='word_1_162' title='bbox 1264 1616 1338 1668; x_wconf 83' lang='lat' dir='ltr'><strong>sopra</strong></span> <span class='ocrx_word' id='word_1_163' title='bbox 1362 1613 1419 1667; x_wconf 72' lang='lat' dir='ltr'><strong>pag·</strong></span> <span class='ocrx_word' id='word_1_164' title='bbox 1440 1595 1486 1660; x_wconf 75' lang='lat'><strong>³⁰)</strong></span> 
     </span>
     <span class='ocr_line' id='line_1_17' title="bbox 138 1670 1486 1744; baseline 0 -23"><span class='ocrx_word' id='word_1_165' title='bbox 138 1673 238 1738; x_wconf 68' lang='lat' dir='ltr'><strong>pratia</strong></span> <span class='ocrx_word' id='word_1_166' title='bbox 256 1685 346 1738; x_wconf 81' lang='lat' dir='ltr'><strong>agens,</strong></span> <span class='ocrx_word' id='word_1_167' title='bbox 367 1675 448 1725; x_wconf 86' lang='lat' dir='ltr'><strong>addit:</strong></span> <span class='ocrx_word' id='word_1_168' title='bbox 476 1675 524 1728; x_wconf 89' lang='lat' dir='ltr'><strong>Die</strong></span> <span class='ocrx_word' id='word_1_169' title='bbox 543 1678 650 1728; x_wconf 83' lang='lat' dir='ltr'><strong>Tabulae</strong></span> <span class='ocrx_word' id='word_1_170' title='bbox 668 1679 717 1728; x_wconf 80' lang='lat' dir='ltr'><strong>bsb</strong></span> <span class='ocrx_word' id='word_1_171' title='bbox 734 1678 773 1728; x_wconf 86' lang='lat' dir='ltr'><strong>leh</strong></span> <span class='ocrx_word' id='word_1_172' title='bbox 791 1691 836 1743; x_wconf 77' lang='lat' dir='ltr'><strong>por</strong></span> <span class='ocrx_word' id='word_1_173' title='bbox 853 1693 913 1744; x_wconf 77' lang='lat' dir='ltr'><strong>pern</strong></span> <span class='ocrx_word' id='word_1_174' title='bbox 932 1678 1054 1744; x_wconf 74' lang='lat' dir='ltr'><strong>genehen,</strong></span> <span class='ocrx_word' id='word_1_175' title='bbox 1077 1677 1129 1727; x_wconf 91' lang='lat' dir='ltr'><strong>und</strong></span> <span class='ocrx_word' id='word_1_176' title='bbox 1150 1675 1196 1726; x_wconf 82' lang='lat' dir='ltr'><strong>leat</strong></span> <span class='ocrx_word' id='word_1_177' title='bbox 1218 1676 1261 1726; x_wconf 90' lang='lat' dir='ltr'><strong>der</strong></span> <span class='ocrx_word' id='word_1_178' title='bbox 1280 1675 1344 1726; x_wconf 82' lang='lat' dir='ltr'><strong>Horr</strong></span> <span class='ocrx_word' id='word_1_179' title='bbox 1360 1673 1408 1723; x_wconf 91' lang='lat' dir='ltr'><strong>dan</strong></span> <span class='ocrx_word' id='word_1_180' title='bbox 1427 1670 1486 1722; x_wconf 82' lang='lat' dir='ltr'><strong>Stu-</strong></span> 
     </span>
     <span class='ocr_line' id='line_1_18' title="bbox 138 1743 1486 1814; baseline 0 -21"><span class='ocrx_word' id='word_1_181' title='bbox 138 1743 218 1794; x_wconf 88' lang='lat' dir='ltr'><strong>diosis</strong></span> <span class='ocrx_word' id='word_1_182' title='bbox 237 1743 378 1796; x_wconf 83' lang='lat' dir='ltr'><strong>Matheseos</strong></span> <span class='ocrx_word' id='word_1_183' title='bbox 396 1747 482 1798; x_wconf 85' lang='lat' dir='ltr'><strong>hiereo</strong></span> <span class='ocrx_word' id='word_1_184' title='bbox 501 1749 636 1814; x_wconf 72' lang='lat' dir='ltr'><strong>gevisslich</strong></span> <span class='ocrx_word' id='word_1_185' title='bbox 654 1751 694 1798; x_wconf 90' lang='lat' dir='ltr'><strong>ain</strong></span> <span class='ocrx_word' id='word_1_186' title='bbox 716 1747 832 1798; x_wconf 77' lang='lat' dir='ltr'><strong>conderes</strong></span> <span class='ocrx_word' id='word_1_187' title='bbox 854 1749 998 1800; x_wconf 82' lang='lat' dir='ltr'><strong>beneficium</strong></span> <span class='ocrx_word' id='word_1_188' title='bbox 1017 1747 1118 1814; x_wconf 69' lang='lat' dir='ltr'><strong>gethan.</strong></span> <span class='ocrx_word' id='word_1_189' title='bbox 1155 1747 1196 1798; x_wconf 86' lang='lat' dir='ltr'><strong>Da</strong></span> <span class='ocrx_word' id='word_1_190' title='bbox 1214 1749 1249 1798; x_wconf 84' lang='lat' dir='ltr'><strong>sto</strong></span> <span class='ocrx_word' id='word_1_191' title='bbox 1267 1747 1320 1796; x_wconf 88' lang='lat' dir='ltr'><strong>bles</strong></span> <span class='ocrx_word' id='word_1_192' title='bbox 1338 1743 1486 1808; x_wconf 82' lang='lat' dir='ltr'><strong>temporales</strong></span> 
     </span>
     <span class='ocr_line' id='line_1_19' title="bbox 139 1813 1485 1882; baseline -0.001 -16"><span class='ocrx_word' id='word_1_193' title='bbox 139 1837 179 1850; x_wconf 82' lang='lat'>-</span> <span class='ocrx_word' id='word_1_194' title='bbox 197 1815 230 1866; x_wconf 71' lang='lat' dir='ltr'><strong>ab</strong></span> <span class='ocrx_word' id='word_1_195' title='bbox 249 1829 314 1866; x_wconf 85' lang='lat' dir='ltr'><strong>anuo</strong></span> <span class='ocrx_word' id='word_1_196' title='bbox 329 1815 402 1867; x_wconf 66' lang='lat'><strong>“¹⁴00</strong></span> <span class='ocrx_word' id='word_1_197' title='bbox 415 1820 448 1869; x_wconf 89' lang='lat' dir='ltr'><strong>ad</strong></span> <span class='ocrx_word' id='word_1_198' title='bbox 461 1817 530 1868; x_wconf 84' lang='grc'>1800</span> <span class='ocrx_word' id='word_1_199' title='bbox 546 1849 578 1860; x_wconf 85' lang='lat'>-</span> <span class='ocrx_word' id='word_1_200' title='bbox 597 1835 624 1870; x_wconf 89' lang='grc' dir='ltr'><strong>ιο</strong></span> <span class='ocrx_word' id='word_1_201' title='bbox 642 1819 696 1870; x_wconf 84' lang='lat' dir='ltr'><strong>sind</strong></span> <span class='ocrx_word' id='word_1_202' title='bbox 714 1821 750 1870; x_wconf 84' lang='lat' dir='ltr'><strong>sie</strong></span> <span class='ocrx_word' id='word_1_203' title='bbox 767 1822 812 1870; x_wconf 85' lang='lat' dir='ltr'><strong>mir</strong></span> <span class='ocrx_word' id='word_1_204' title='bbox 830 1835 861 1870; x_wconf 81' lang='lat' dir='ltr'><strong>rc</strong></span> <span class='ocrx_word' id='word_1_205' title='bbox 880 1822 927 1870; x_wconf 84' lang='lat' dir='ltr'><strong>deu</strong></span> <span class='ocrx_word' id='word_1_206' title='bbox 945 1820 1120 1880; x_wconf 83' lang='lat' dir='ltr'><strong>iinetomleeen,</strong></span> <span class='ocrx_word' id='word_1_207' title='bbox 1139 1834 1166 1868; x_wconf 91' lang='grc' dir='ltr'><strong>ιο</strong></span> <span class='ocrx_word' id='word_1_208' title='bbox 1184 1820 1252 1870; x_wconf 88' lang='lat' dir='ltr'><strong>circa</strong></span> <span class='ocrx_word' id='word_1_209' title='bbox 1268 1825 1379 1882; x_wconf 87' lang='lat' dir='ltr'><strong>tempora</strong></span> <span class='ocrx_word' id='word_1_210' title='bbox 1397 1813 1485 1865; x_wconf 73' lang='lat' dir='ltr'><strong>curua</strong></span> 
     </span>
     <span class='ocr_line' id='line_1_20' title="bbox 138 1881 1485 1956; baseline 0.001 -21"><span class='ocrx_word' id='word_1_211' title='bbox 138 1893 169 1936; x_wconf 87' lang='lat' dir='ltr'><strong>et</strong></span> <span class='ocrx_word' id='word_1_212' title='bbox 188 1895 247 1937; x_wconf 86' lang='lat' dir='ltr'><strong>anto</strong></span> <span class='ocrx_word' id='word_1_213' title='bbox 260 1885 382 1940; x_wconf 82' lang='lat' dir='ltr'><strong>Christum</strong></span> <span class='ocrx_word' id='word_1_214' title='bbox 400 1891 452 1941; x_wconf 83' lang='lat' dir='ltr'><strong>sich</strong></span> <span class='ocrx_word' id='word_1_215' title='bbox 470 1892 589 1956; x_wconf 76' lang='lat' dir='ltr'><strong>bepebeu.</strong></span> <span class='ocrx_word' id='word_1_216' title='bbox 609 1891 645 1942; x_wconf 83' lang='lat' dir='ltr'><strong>als</strong></span> <span class='ocrx_word' id='word_1_217' title='bbox 663 1891 771 1941; x_wconf 67' lang='lat' dir='ltr'><strong>celeberr</strong></span> <span class='ocrx_word' id='word_1_218' title='bbox 789 1890 830 1942; x_wconf 86' lang='lat' dir='ltr'><strong>ich</strong></span> <span class='ocrx_word' id='word_1_219' title='bbox 848 1891 922 1942; x_wconf 83' lang='lat' dir='ltr'><strong>attotn</strong></span> <span class='ocrx_word' id='word_1_220' title='bbox 939 1881 1110 1950; x_wconf 68' lang='lat' dir='ltr'><strong>mabuadhta</strong></span> <span class='ocrx_word' id='word_1_221' title='bbox 1129 1893 1167 1942; x_wconf 86' lang='lat' dir='ltr'><strong>uit</strong></span> <span class='ocrx_word' id='word_1_222' title='bbox 1183 1889 1327 1948; x_wconf 73' lang='lat' dir='ltr'><strong>dieusdlcbr</strong></span> <span class='ocrx_word' id='word_1_223' title='bbox 1347 1896 1403 1954; x_wconf 73' lang='lat' dir='ltr'><strong>trag</strong></span> <span class='ocrx_word' id='word_1_224' title='bbox 1420 1896 1485 1953; x_wconf 75' lang='lat' dir='ltr'><strong>serg.</strong></span> 
     </span>
     <span class='ocr_line' id='line_1_21' title="bbox 138 1958 1118 2025; baseline 0.006 -17"><span class='ocrx_word' id='word_1_225' title='bbox 138 1958 180 2008; x_wconf 85' lang='lat' dir='ltr'><strong>sla</strong></span> <span class='ocrx_word' id='word_1_226' title='bbox 198 1972 274 2021; x_wconf 83' lang='lat' dir='ltr'><strong>seyen</strong></span> <span class='ocrx_word' id='word_1_227' title='bbox 293 1960 326 2010; x_wconf 86' lang='lat' dir='ltr'><strong>ad</strong></span> <span class='ocrx_word' id='word_1_228' title='bbox 343 1967 455 2025; x_wconf 83' lang='lat' dir='ltr'><strong>tempora</strong></span> <span class='ocrx_word' id='word_1_229' title='bbox 472 1971 530 2014; x_wconf 88' lang='lat' dir='ltr'><strong>aute</strong></span> <span class='ocrx_word' id='word_1_230' title='bbox 549 1961 670 2014; x_wconf 83' lang='lat' dir='ltr'><strong>Christum</strong></span> <span class='ocrx_word' id='word_1_231' title='bbox 689 1964 726 2012; x_wconf 87' lang='lat' dir='ltr'><strong>uit</strong></span> <span class='ocrx_word' id='word_1_232' title='bbox 743 1977 774 2012; x_wconf 83' lang='lat' dir='ltr'><strong>cn</strong></span> <span class='ocrx_word' id='word_1_233' title='bbox 791 1963 943 2014; x_wconf 70' lang='lat' dir='ltr'><strong>emudirm.</strong></span> <span class='ocrx_word' id='word_1_234' title='bbox 1115 2005 1118 2014; x_wconf 93' lang='lat'><strong>.</strong></span> 
     </span>
    </p>

    <p class='ocr_par' dir='ltr' id='par_1_8' title="bbox 131 2027 1486 2314">
     <span class='ocr_line' id='line_1_22' title="bbox 231 2027 1486 2101; baseline 0.002 -22"><span class='ocrx_word' id='word_1_235' title='bbox 231 2027 276 2080; x_wconf 81' lang='lat' dir='ltr'><strong>Iclr</strong></span> <span class='ocrx_word' id='word_1_236' title='bbox 293 2030 347 2080; x_wconf 90' lang='lat' dir='ltr'><strong>halt</strong></span> <span class='ocrx_word' id='word_1_237' title='bbox 365 2033 428 2083; x_wconf 90' lang='lat' dir='ltr'><strong>auch</strong></span> <span class='ocrx_word' id='word_1_238' title='bbox 451 2033 489 2083; x_wconf 82' lang='lat' dir='ltr'><strong>tur</strong></span> <span class='ocrx_word' id='word_1_239' title='bbox 512 2037 614 2101; x_wconf 66' lang='grc' dir='ltr'><strong>ςιιιίιι.</strong></span> <span class='ocrx_word' id='word_1_240' title='bbox 639 2035 696 2086; x_wconf 86' lang='lat' dir='ltr'><strong>dass</strong></span> <span class='ocrx_word' id='word_1_241' title='bbox 721 2036 878 2085; x_wconf 73' lang='lat' dir='ltr'><strong>venedicus</strong></span> <span class='ocrx_word' id='word_1_242' title='bbox 902 2035 1043 2086; x_wconf 82' lang='lat' dir='ltr'><strong>dilucidatis</strong></span> <span class='ocrx_word' id='word_1_243' title='bbox 1066 2031 1204 2086; x_wconf 84' lang='lat' dir='ltr'><strong>tabularum</strong></span> <span class='ocrx_word' id='word_1_244' title='bbox 1226 2031 1347 2100; x_wconf 70' lang='lat' dir='ltr'><strong>gedrnckt</strong></span> <span class='ocrx_word' id='word_1_245' title='bbox 1367 2028 1419 2080; x_wconf 87' lang='lat' dir='ltr'><strong>und</strong></span> <span class='ocrx_word' id='word_1_246' title='bbox 1437 2029 1486 2082; x_wconf 84' lang='lat' dir='ltr'><strong>deu</strong></span> 
     </span>
     <span class='ocr_line' id='line_1_23' title="bbox 133 2098 1484 2172; baseline 0 -22"><span class='ocrx_word' id='word_1_247' title='bbox 133 2098 366 2166; x_wconf 66' lang='lat' dir='ltr'><strong>Progymnasrnatis</strong></span> <span class='ocrx_word' id='word_1_248' title='bbox 380 2105 508 2170; x_wconf 77' lang='lat' dir='ltr'><strong>baigetdpt</strong></span> <span class='ocrx_word' id='word_1_249' title='bbox 521 2107 629 2163; x_wconf 61' lang='lat' dir='ltr'><strong>Men,</strong></span> <span class='ocrx_word' id='word_1_250' title='bbox 648 2120 674 2157; x_wconf 88' lang='lat' dir='ltr'><strong>es</strong></span> <span class='ocrx_word' id='word_1_251' title='bbox 687 2105 767 2156; x_wconf 75' lang='lat' dir='ltr'><strong>werde</strong></span> <span class='ocrx_word' id='word_1_252' title='bbox 780 2121 810 2155; x_wconf 82' lang='lat' dir='ltr'><strong>an</strong></span> <span class='ocrx_word' id='word_1_253' title='bbox 823 2105 945 2156; x_wconf 68' lang='lat' dir='ltr'><strong>omnm</strong></span> <span class='ocrx_word' id='word_1_254' title='bbox 958 2106 1064 2171; x_wconf 74' lang='lat' dir='ltr'><strong>Abgang</strong></span> <span class='ocrx_word' id='word_1_255' title='bbox 1077 2104 1120 2155; x_wconf 85' lang='lat' dir='ltr'><strong>der</strong></span> <span class='ocrx_word' id='word_1_256' title='bbox 1131 2103 1378 2172; x_wconf 66' lang='lat' dir='ltr'><strong>Progymnasmatom</strong></span> <span class='ocrx_word' id='word_1_257' title='bbox 1390 2101 1484 2152; x_wconf 70' lang='lat' dir='ltr'><strong>donst</strong></span> 
     </span>
     <span class='ocr_line' id='line_1_24' title="bbox 131 2169 1484 2242; baseline 0.001 -22"><span class='ocrx_word' id='word_1_258' title='bbox 131 2169 188 2222; x_wconf 84' lang='lat' dir='ltr'><strong>licb</strong></span> <span class='ocrx_word' id='word_1_259' title='bbox 204 2187 285 2234; x_wconf 79' lang='lat' dir='ltr'><strong>seyn-</strong></span> <span class='ocrx_word' id='word_1_260' title='bbox 311 2171 354 2222; x_wconf 88' lang='lat' dir='ltr'><strong>lab</strong></span> <span class='ocrx_word' id='word_1_261' title='bbox 372 2174 430 2224; x_wconf 76' lang='lat' dir='ltr'><strong>volt</strong></span> <span class='ocrx_word' id='word_1_262' title='bbox 448 2177 512 2227; x_wconf 86' lang='lat' dir='ltr'><strong>auch</strong></span> <span class='ocrx_word' id='word_1_263' title='bbox 534 2179 571 2228; x_wconf 90' lang='lat' dir='ltr'><strong>nit</strong></span> <span class='ocrx_word' id='word_1_264' title='bbox 595 2178 763 2233; x_wconf 73' lang='lat' dir='ltr'><strong>autoritates,</strong></span> <span class='ocrx_word' id='word_1_265' title='bbox 788 2176 910 2242; x_wconf 85' lang='lat' dir='ltr'><strong>quondam</strong></span> <span class='ocrx_word' id='word_1_266' title='bbox 929 2175 1052 2240; x_wconf 82' lang='lat' dir='ltr'><strong>Tychontt</strong></span> <span class='ocrx_word' id='word_1_267' title='bbox 1069 2175 1188 2228; x_wconf 80' lang='lat' dir='ltr'><strong>haeredes</strong></span> <span class='ocrx_word' id='word_1_268' title='bbox 1211 2176 1298 2226; x_wconf 74' lang='lat' dir='ltr'><strong>deuon</strong></span> <span class='ocrx_word' id='word_1_269' title='bbox 1322 2189 1352 2224; x_wconf 83' lang='lat' dir='ltr'><strong>au</strong></span> <span class='ocrx_word' id='word_1_270' title='bbox 1370 2173 1484 2228; x_wconf 71' lang='lat' dir='ltr'><strong>arbirera</strong></span> 
     </span>
     <span class='ocr_line' id='line_1_25' title="bbox 132 2242 1483 2314; baseline 0.001 -23"><span class='ocrx_word' id='word_1_271' title='bbox 132 2255 212 2293; x_wconf 72' lang='lat' dir='ltr'><strong>vanu</strong></span> <span class='ocrx_word' id='word_1_272' title='bbox 230 2242 270 2293; x_wconf 88' lang='lat' dir='ltr'><strong>icb</strong></span> <span class='ocrx_word' id='word_1_273' title='bbox 288 2248 389 2302; x_wconf 59' lang='lat' dir='ltr'><strong>munte.</strong></span> <span class='ocrx_word' id='word_1_274' title='bbox 408 2247 453 2296; x_wconf 77' lang='lat' dir='ltr'><strong>uie</strong></span> <span class='ocrx_word' id='word_1_275' title='bbox 470 2247 566 2298; x_wconf 84' lang='lat' dir='ltr'><strong>aolcbee</strong></span> <span class='ocrx_word' id='word_1_276' title='bbox 583 2247 723 2314; x_wconf 71' lang='lat' dir='ltr'><strong>goscbehen</strong></span> <span class='ocrx_word' id='word_1_277' title='bbox 741 2247 817 2308; x_wconf 86' lang='lat' dir='ltr'><strong>solle;</strong></span> <span class='ocrx_word' id='word_1_278' title='bbox 839 2247 904 2300; x_wconf 87' lang='lat' dir='ltr'><strong>deun</strong></span> <span class='ocrx_word' id='word_1_279' title='bbox 923 2247 972 2305; x_wconf 89' lang='lat' dir='ltr'><strong>ich,</strong></span> <span class='ocrx_word' id='word_1_280' title='bbox 990 2263 1041 2298; x_wconf 73' lang='lat' dir='ltr'><strong>var</strong></span> <span class='ocrx_word' id='word_1_281' title='bbox 1057 2249 1093 2298; x_wconf 89' lang='lat' dir='ltr'><strong>sie</strong></span> <span class='ocrx_word' id='word_1_282' title='bbox 1112 2247 1243 2314; x_wconf 73' lang='lat' dir='ltr'><strong>elgentliclr</strong></span> <span class='ocrx_word' id='word_1_283' title='bbox 1262 2260 1331 2310; x_wconf 82' lang='lat' dir='ltr'><strong>sayn,</strong></span> <span class='ocrx_word' id='word_1_284' title='bbox 1349 2245 1387 2296; x_wconf 82' lang='lat' dir='ltr'><strong>nit</strong></span> <span class='ocrx_word' id='word_1_285' title='bbox 1404 2244 1483 2294; x_wconf 73' lang='lat' dir='ltr'><strong>weiss.</strong></span> 
     </span>
    </p>

    <p class='ocr_par' dir='ltr' id='par_1_9' title="bbox 227 2312 741 2382">
     <span class='ocr_line' id='line_1_26' title="bbox 227 2312 741 2382; baseline 0.023 -19"><span class='ocrx_word' id='word_1_286' title='bbox 227 2312 284 2364; x_wconf 85' lang='lat' dir='ltr'><strong>Van</strong></span> <span class='ocrx_word' id='word_1_287' title='bbox 302 2316 404 2382; x_wconf 77' lang='lat' dir='ltr'><strong>llbrigsn</strong></span> <span class='ocrx_word' id='word_1_288' title='bbox 423 2317 487 2368; x_wconf 89' lang='lat' dir='ltr'><strong>blalb</strong></span> <span class='ocrx_word' id='word_1_289' title='bbox 505 2319 546 2370; x_wconf 89' lang='lat' dir='ltr'><strong>iob</strong></span> <span class='ocrx_word' id='word_1_290' title='bbox 565 2327 612 2372; x_wconf 88' lang='lat' dir='ltr'><strong>stc.</strong></span> <span class='ocrx_word' id='word_1_291' title='bbox 732 2361 741 2380; x_wconf 81' lang='grc'><strong>.</strong></span> 
     </span>
    </p>

    <p class='ocr_par' dir='ltr' id='par_1_10' title="bbox 228 2383 730 2444">
     <span class='ocr_line' id='line_1_27' title="bbox 228 2383 730 2444; baseline 0.018 -9"><span class='ocrx_word' id='word_1_292' title='bbox 228 2383 324 2436; x_wconf 78' lang='lat' dir='ltr'><strong>Datum</strong></span> <span class='ocrx_word' id='word_1_293' title='bbox 341 2385 469 2440; x_wconf 83' lang='lat' dir='ltr'><strong>Mdnclten</strong></span> <span class='ocrx_word' id='word_1_294' title='bbox 488 2390 512 2440; x_wconf 90' lang='lat' dir='ltr'><strong>d.</strong></span> <span class='ocrx_word' id='word_1_295' title='bbox 531 2389 556 2441; x_wconf 85' lang='lat' dir='ltr'><strong>t.</strong></span> <span class='ocrx_word' id='word_1_296' title='bbox 574 2391 633 2442; x_wconf 83' lang='lat' dir='ltr'><strong>luni</strong></span> <span class='ocrx_word' id='word_1_297' title='bbox 653 2388 730 2444; x_wconf 76' lang='grc'><strong>1603.</strong></span> 
     </span>
    </p>
   </div>
   <div class='ocr_carea' id='block_1_4' title="bbox 130 2477 1485 2650">
    <p class='ocr_par' dir='ltr' id='par_1_11' title="bbox 130 2477 1485 2650">
     <span class='ocr_line' id='line_1_28' title="bbox 208 2477 1485 2564; baseline 0.005 -23"><span class='ocrx_word' id='word_1_298' title='bbox 208 2477 361 2557; x_wconf 67' lang='grc' dir='ltr'><strong>ΔῙζιιιΙοιί</strong></span> <span class='ocrx_word' id='word_1_299' title='bbox 379 2497 543 2559; x_wconf 81' lang='lat' dir='ltr'><strong>responsionis</strong></span> <span class='ocrx_word' id='word_1_300' title='bbox 561 2496 597 2560; x_wconf 89' lang='lat' dir='ltr'><strong>(d.</strong></span> <span class='ocrx_word' id='word_1_301' title='bbox 617 2498 641 2550; x_wconf 81' lang='lat' dir='ltr'><strong>t.</strong></span> <span class='ocrx_word' id='word_1_302' title='bbox 655 2499 705 2550; x_wconf 87' lang='lat' dir='ltr'><strong>Jul.</strong></span> <span class='ocrx_word' id='word_1_303' title='bbox 725 2496 806 2562; x_wconf 72' lang='grc'>1608)</span> <span class='ocrx_word' id='word_1_304' title='bbox 825 2501 948 2552; x_wconf 75' lang='lat' dir='ltr'><strong>exordium</strong></span> <span class='ocrx_word' id='word_1_305' title='bbox 966 2499 1117 2551; x_wconf 78' lang='lat' dir='ltr'><strong>exhibuimus</strong></span> <span class='ocrx_word' id='word_1_306' title='bbox 1136 2497 1191 2550; x_wconf 80' lang='lat' dir='ltr'><strong>Vol.</strong></span> <span class='ocrx_word' id='word_1_307' title='bbox 1210 2498 1231 2558; x_wconf 86' lang='grc' dir='ltr'><strong>Ι,</strong></span> <span class='ocrx_word' id='word_1_308' title='bbox 1250 2513 1273 2564; x_wconf 93' lang='lat' dir='ltr'><strong>p.</strong></span> <span class='ocrx_word' id='word_1_309' title='bbox 1288 2495 1348 2548; x_wconf 74' lang='lat' dir='ltr'><strong>dbb.</strong></span> <span class='ocrx_word' id='word_1_310' title='bbox 1378 2495 1485 2562; x_wconf 78' lang='lat' dir='ltr'><strong>Reliqua</strong></span> 
     </span>
     <span class='ocr_line' id='line_1_29' title="bbox 130 2563 1483 2650; baseline 0.007 -28"><span class='ocrx_word' id='word_1_311' title='bbox 130 2569 200 2622; x_wconf 82' lang='lat' dir='ltr'><strong>taso</strong></span> <span class='ocrx_word' id='word_1_312' title='bbox 222 2578 296 2622; x_wconf 80' lang='lat' dir='ltr'><strong>aaut:</strong></span> <span class='ocrx_word' id='word_1_313' title='bbox 326 2565 359 2626; x_wconf 91' lang='lat' dir='ltr'><strong>ln</strong></span> <span class='ocrx_word' id='word_1_314' title='bbox 376 2567 524 2645; x_wconf 81' lang='lat' dir='ltr'><strong>prioribus</strong></span> <span class='ocrx_word' id='word_1_315' title='bbox 540 2569 636 2633; x_wconf 87' lang='lat' dir='ltr'><strong>literis</strong></span> <span class='ocrx_word' id='word_1_316' title='bbox 653 2571 770 2649; x_wconf 86' lang='lat' dir='ltr'><strong>scribis,</strong></span> <span class='ocrx_word' id='word_1_317' title='bbox 795 2574 844 2634; x_wconf 92' lang='lat' dir='ltr'><strong>din</strong></span> <span class='ocrx_word' id='word_1_318' title='bbox 860 2563 1016 2635; x_wconf 86' lang='lat' dir='ltr'><strong>delituisse</strong></span> <span class='ocrx_word' id='word_1_319' title='bbox 1031 2571 1164 2635; x_wconf 81' lang='lat' dir='ltr'><strong>Lanario</strong></span> <span class='ocrx_word' id='word_1_320' title='bbox 1182 2589 1257 2647; x_wconf 86' lang='lat' dir='ltr'><strong>mea,</strong></span> <span class='ocrx_word' id='word_1_321' title='bbox 1281 2570 1359 2650; x_wconf 89' lang='lat' dir='ltr'><strong>quod</strong></span> <span class='ocrx_word' id='word_1_322' title='bbox 1382 2568 1483 2644; x_wconf 86' lang='lat' dir='ltr'><strong>miror,</strong></span> 
     </span>
    </p>
   </div>
   <div class='ocr_carea' id='block_1_5' title="bbox 129 2651 1591 4976">
    <p class='ocr_par' dir='ltr' id='par_1_12' title="bbox 131 2651 1591 4079">
     <span class='ocr_line' id='line_1_30' title="bbox 133 2651 1484 2743; baseline 0.007 -30"><span class='ocrx_word' id='word_1_323' title='bbox 133 2670 192 2714; x_wconf 87' lang='lat' dir='ltr'><strong>nec</strong></span> <span class='ocrx_word' id='word_1_324' title='bbox 215 2651 325 2732; x_wconf 86' lang='lat' dir='ltr'><strong>injmia</strong></span> <span class='ocrx_word' id='word_1_325' title='bbox 348 2655 463 2736; x_wconf 84' lang='lat' dir='ltr'><strong>aliquid</strong></span> <span class='ocrx_word' id='word_1_326' title='bbox 487 2659 642 2741; x_wconf 80' lang='lat' dir='ltr'><strong>suspicor3</strong></span> <span class='ocrx_word' id='word_1_327' title='bbox 673 2680 746 2742; x_wconf 83' lang='lat' dir='ltr'><strong>rogo</strong></span> <span class='ocrx_word' id='word_1_328' title='bbox 770 2663 870 2742; x_wconf 87' lang='lat' dir='ltr'><strong>itaque</strong></span> <span class='ocrx_word' id='word_1_329' title='bbox 893 2662 1037 2743; x_wconf 87' lang='lat' dir='ltr'><strong>majorem</strong></span> <span class='ocrx_word' id='word_1_330' title='bbox 1067 2662 1097 2723; x_wconf 92' lang='lat' dir='ltr'><strong>in</strong></span> <span class='ocrx_word' id='word_1_331' title='bbox 1126 2655 1259 2735; x_wconf 52' lang='lat' dir='ltr'><strong>modum:</strong></span> <span class='ocrx_word' id='word_1_332' title='bbox 1289 2667 1324 2722; x_wconf 89' lang='lat' dir='ltr'><strong>ut</strong></span> <span class='ocrx_word' id='word_1_333' title='bbox 1345 2675 1393 2721; x_wconf 88' lang='lat' dir='ltr'><strong>me</strong></span> <span class='ocrx_word' id='word_1_334' title='bbox 1415 2675 1484 2722; x_wconf 54' lang='lat' dir='ltr'><strong>cera</strong></span> 
     </span>
     <span class='ocr_line' id='line_1_31' title="bbox 133 2739 1482 2832; baseline 0.004 -28"><span class='ocrx_word' id='word_1_335' title='bbox 133 2739 242 2804; x_wconf 87' lang='lat' dir='ltr'><strong>tioreru</strong></span> <span class='ocrx_word' id='word_1_336' title='bbox 268 2741 365 2818; x_wconf 82' lang='lat' dir='ltr'><strong>faciat</strong></span> <span class='ocrx_word' id='word_1_337' title='bbox 383 2743 425 2808; x_wconf 90' lang='lat' dir='ltr'><strong>M.</strong></span> <span class='ocrx_word' id='word_1_338' title='bbox 442 2746 489 2822; x_wconf 89' lang='grc' dir='ltr'><strong>Τ.,</strong></span> <span class='ocrx_word' id='word_1_339' title='bbox 513 2768 549 2811; x_wconf 84' lang='lat' dir='ltr'><strong>an</strong></span> <span class='ocrx_word' id='word_1_340' title='bbox 574 2750 725 2812; x_wconf 80' lang='lat' dir='ltr'><strong>in&#39;litnris</strong></span> <span class='ocrx_word' id='word_1_341' title='bbox 749 2751 925 2832; x_wconf 87' lang='lat' dir='ltr'><strong>quibusdem</strong></span> <span class='ocrx_word' id='word_1_342' title='bbox 949 2759 1096 2830; x_wconf 80' lang='lat' dir='ltr'><strong>agnoscat</strong></span> <span class='ocrx_word' id='word_1_343' title='bbox 1112 2751 1157 2812; x_wconf 84' lang='grc' dir='ltr'><strong>Μ.</strong></span> <span class='ocrx_word' id='word_1_344' title='bbox 1174 2751 1210 2813; x_wconf 89' lang='grc' dir='ltr'><strong>Τ.</strong></span> <span class='ocrx_word' id='word_1_345' title='bbox 1233 2767 1331 2812; x_wconf 86' lang='lat' dir='ltr'><strong>meam</strong></span> <span class='ocrx_word' id='word_1_346' title='bbox 1353 2765 1482 2812; x_wconf 89' lang='lat' dir='ltr'><strong>manum.</strong></span> 
     </span>
     <span class='ocr_line' id='line_1_32' title="bbox 135 2827 1483 2919; baseline 0.005 -28"><span class='ocrx_word' id='word_1_347' title='bbox 135 2827 227 2901; x_wconf 81' lang='lat' dir='ltr'><strong>Quod</strong></span> <span class='ocrx_word' id='word_1_348' title='bbox 250 2831 365 2893; x_wconf 85' lang='lat' dir='ltr'><strong>attinet</strong></span> <span class='ocrx_word' id='word_1_349' title='bbox 379 2834 519 2916; x_wconf 88' lang='lat' dir='ltr'><strong>eclipses,</strong></span> <span class='ocrx_word' id='word_1_350' title='bbox 544 2856 600 2900; x_wconf 94' lang='lat' dir='ltr'><strong>non</strong></span> <span class='ocrx_word' id='word_1_351' title='bbox 617 2837 873 2908; x_wconf 87' lang='lat' dir='ltr'><strong>dissimulandum,</strong></span> <span class='ocrx_word' id='word_1_352' title='bbox 898 2838 1137 2918; x_wconf 88' lang='lat' dir='ltr'><strong>compendiosius</strong></span> <span class='ocrx_word' id='word_1_353' title='bbox 1152 2857 1190 2900; x_wconf 83' lang='lat' dir='ltr'><strong>ex</strong></span> <span class='ocrx_word' id='word_1_354' title='bbox 1205 2837 1318 2900; x_wconf 84' lang='lat' dir='ltr'><strong>tabulis</strong></span> <span class='ocrx_word' id='word_1_355' title='bbox 1332 2837 1483 2919; x_wconf 86' lang='lat' dir='ltr'><strong>Tychonis</strong></span> 
     </span>
     <span class='ocr_line' id='line_1_33' title="bbox 135 2917 1483 3016; baseline 0.007 -37"><span class='ocrx_word' id='word_1_356' title='bbox 135 2917 266 2980; x_wconf 87' lang='lat' dir='ltr'><strong>inveniri</strong></span> <span class='ocrx_word' id='word_1_357' title='bbox 280 2917 412 2984; x_wconf 89' lang='lat' dir='ltr'><strong>Lunaria</strong></span> <span class='ocrx_word' id='word_1_358' title='bbox 428 2925 550 3006; x_wconf 88' lang='lat' dir='ltr'><strong>eclipsis</strong></span> <span class='ocrx_word' id='word_1_359' title='bbox 563 2927 702 2990; x_wconf 87' lang='lat' dir='ltr'><strong>&#39;medium</strong></span> <span class='ocrx_word' id='word_1_360' title='bbox 725 2935 914 3016; x_wconf 80' lang='lat' dir='ltr'><strong>momentum,</strong></span> <span class='ocrx_word' id='word_1_361' title='bbox 939 2929 967 2989; x_wconf 94' lang='lat' dir='ltr'><strong>in</strong></span> <span class='ocrx_word' id='word_1_362' title='bbox 983 2926 1139 2990; x_wconf 88' lang='lat' dir='ltr'><strong>Solaribus</strong></span> <span class='ocrx_word' id='word_1_363' title='bbox 1163 2927 1291 3006; x_wconf 85' lang='lat' dir='ltr'><strong>quidem,</strong></span> <span class='ocrx_word' id='word_1_364' title='bbox 1314 2925 1365 2988; x_wconf 92' lang='lat' dir='ltr'><strong>ubi</strong></span> <span class='ocrx_word' id='word_1_365' title='bbox 1380 2926 1483 3008; x_wconf 64' lang='lat' dir='ltr'><strong>Tycho</strong></span> 
     </span>
     <span class='ocr_line' id='line_1_34' title="bbox 134 3006 1591 3102; baseline 0.007 -35"><span class='ocrx_word' id='word_1_366' title='bbox 134 3006 286 3069; x_wconf 81' lang='lat' dir='ltr'><strong>admiscet</strong></span> <span class='ocrx_word' id='word_1_367' title='bbox 308 3010 492 3093; x_wconf 83' lang='lat' dir='ltr'><strong>triangulum</strong></span> <span class='ocrx_word' id='word_1_368' title='bbox 516 3033 600 3078; x_wconf 88' lang='lat' dir='ltr'><strong>sunm</strong></span> <span class='ocrx_word' id='word_1_369' title='bbox 623 3017 826 3093; x_wconf 82' lang='lat' dir='ltr'><strong>rectilineum,</strong></span> <span class='ocrx_word' id='word_1_370' title='bbox 859 3035 896 3077; x_wconf 87' lang='lat' dir='ltr'><strong>ex</strong></span> <span class='ocrx_word' id='word_1_371' title='bbox 928 3017 1004 3078; x_wconf 89' lang='lat' dir='ltr'><strong>meis</strong></span> <span class='ocrx_word' id='word_1_372' title='bbox 1035 3015 1272 3095; x_wconf 84' lang='lat' dir='ltr'><strong>compendiosius</strong></span> <span class='ocrx_word' id='word_1_373' title='bbox 1295 3015 1482 3094; x_wconf 89' lang='lat' dir='ltr'><strong>procedetur.</strong></span> <span class='ocrx_word' id='word_1_374' title='bbox 1588 3091 1591 3102; x_wconf 82' lang='lat'><strong>.</strong></span> 
     </span>
     <span class='ocr_line' id='line_1_35' title="bbox 132 3095 1485 3186; baseline 0.005 -27"><span class='ocrx_word' id='word_1_375' title='bbox 132 3096 215 3160; x_wconf 84' lang='lat' dir='ltr'><strong>Nam</strong></span> <span class='ocrx_word' id='word_1_376' title='bbox 239 3095 297 3158; x_wconf 90' lang='lat' dir='ltr'><strong>etsi</strong></span> <span class='ocrx_word' id='word_1_377' title='bbox 321 3097 350 3158; x_wconf 92' lang='lat' dir='ltr'><strong>in</strong></span> <span class='ocrx_word' id='word_1_378' title='bbox 376 3103 546 3166; x_wconf 83' lang='lat' dir='ltr'><strong>universum</strong></span> <span class='ocrx_word' id='word_1_379' title='bbox 570 3105 600 3166; x_wconf 91' lang='lat' dir='ltr'><strong>in</strong></span> <span class='ocrx_word' id='word_1_380' title='bbox 622 3104 679 3167; x_wconf 91' lang='lat' dir='ltr'><strong>hoc</strong></span> <span class='ocrx_word' id='word_1_381' title='bbox 702 3115 808 3186; x_wconf 87' lang='lat' dir='ltr'><strong>reputo</strong></span> <span class='ocrx_word' id='word_1_382' title='bbox 831 3106 1035 3186; x_wconf 84' lang='lat' dir='ltr'><strong>compendium</strong></span> <span class='ocrx_word' id='word_1_383' title='bbox 1059 3105 1174 3178; x_wconf 89' lang='lat' dir='ltr'><strong>inesse,</strong></span> <span class='ocrx_word' id='word_1_384' title='bbox 1202 3104 1281 3186; x_wconf 92' lang='lat' dir='ltr'><strong>quod</strong></span> <span class='ocrx_word' id='word_1_385' title='bbox 1304 3104 1429 3184; x_wconf 81' lang='lat' dir='ltr'><strong>apogaei</strong></span> <span class='ocrx_word' id='word_1_386' title='bbox 1452 3113 1485 3166; x_wconf 85' lang='lat' dir='ltr'><strong>et</strong></span> 
     </span>
     <span class='ocr_line' id='line_1_36' title="bbox 133 3183 1484 3278; baseline 0.006 -32"><span class='ocrx_word' id='word_1_387' title='bbox 133 3183 205 3246; x_wconf 89' lang='lat' dir='ltr'><strong>nodi</strong></span> <span class='ocrx_word' id='word_1_388' title='bbox 228 3193 345 3248; x_wconf 88' lang='lat' dir='ltr'><strong>motum</strong></span> <span class='ocrx_word' id='word_1_389' title='bbox 374 3190 412 3254; x_wconf 88' lang='lat' dir='ltr'><strong>ab</strong></span> <span class='ocrx_word' id='word_1_390' title='bbox 445 3193 632 3276; x_wconf 89' lang='lat' dir='ltr'><strong>aequinoctio</strong></span> <span class='ocrx_word' id='word_1_391' title='bbox 664 3196 810 3278; x_wconf 87' lang='lat' dir='ltr'><strong>inquirere</strong></span> <span class='ocrx_word' id='word_1_392' title='bbox 840 3195 951 3268; x_wconf 86' lang='lat' dir='ltr'><strong>doceo,</strong></span> <span class='ocrx_word' id='word_1_393' title='bbox 979 3195 1027 3258; x_wconf 87' lang='lat' dir='ltr'><strong>lrio</strong></span> <span class='ocrx_word' id='word_1_394' title='bbox 1056 3201 1156 3256; x_wconf 68' lang='lat' dir='ltr'><strong>umen</strong></span> <span class='ocrx_word' id='word_1_395' title='bbox 1184 3193 1290 3256; x_wconf 87' lang='lat' dir='ltr'><strong>modus</strong></span> <span class='ocrx_word' id='word_1_396' title='bbox 1313 3193 1484 3255; x_wconf 86' lang='lat' dir='ltr'><strong>necessario</strong></span> 
     </span>
     <span class='ocr_line' id='line_1_37' title="bbox 131 3273 1482 3368; baseline 0.007 -34"><span class='ocrx_word' id='word_1_397' title='bbox 131 3273 330 3355; x_wconf 85' lang='lat' dir='ltr'><strong>particularis</strong></span> <span class='ocrx_word' id='word_1_398' title='bbox 354 3287 418 3355; x_wconf 86' lang='lat' dir='ltr'><strong>est,</strong></span> <span class='ocrx_word' id='word_1_399' title='bbox 442 3283 521 3362; x_wconf 90' lang='lat' dir='ltr'><strong>quod</strong></span> <span class='ocrx_word' id='word_1_400' title='bbox 541 3283 669 3363; x_wconf 44' lang='lat' dir='ltr'><strong>,consitio</strong></span> <span class='ocrx_word' id='word_1_401' title='bbox 693 3284 766 3357; x_wconf 84' lang='lat' dir='ltr'><strong>leci,</strong></span> <span class='ocrx_word' id='word_1_402' title='bbox 795 3291 828 3346; x_wconf 91' lang='lat' dir='ltr'><strong>ut</strong></span> <span class='ocrx_word' id='word_1_403' title='bbox 850 3301 915 3346; x_wconf 89' lang='lat' dir='ltr'><strong>curn</strong></span> <span class='ocrx_word' id='word_1_404' title='bbox 938 3283 1090 3368; x_wconf 83' lang='lat' dir='ltr'><strong>Tychonis</strong></span> <span class='ocrx_word' id='word_1_405' title='bbox 1112 3281 1281 3346; x_wconf 86' lang='lat' dir='ltr'><strong>Lunaribus</strong></span> <span class='ocrx_word' id='word_1_406' title='bbox 1303 3281 1369 3364; x_wconf 86' lang='lat' dir='ltr'><strong>pari</strong></span> <span class='ocrx_word' id='word_1_407' title='bbox 1390 3299 1482 3362; x_wconf 84' lang='lat' dir='ltr'><strong>passu</strong></span> 
     </span>
     <span class='ocr_line' id='line_1_38' title="bbox 134 3362 1482 3456; baseline 0.003 -25"><span class='ocrx_word' id='word_1_408' title='bbox 134 3362 337 3425; x_wconf 72' lang='lat' dir='ltr'><strong>ambularem·</strong></span> <span class='ocrx_word' id='word_1_409' title='bbox 377 3367 533 3442; x_wconf 86' lang='lat' dir='ltr'><strong>Quomodo</strong></span> <span class='ocrx_word' id='word_1_410' title='bbox 556 3393 627 3434; x_wconf 89' lang='lat' dir='ltr'><strong>vero</strong></span> <span class='ocrx_word' id='word_1_411' title='bbox 650 3373 772 3436; x_wconf 85' lang='lat' dir='ltr'><strong>tabulae</strong></span> <span class='ocrx_word' id='word_1_412' title='bbox 796 3373 946 3456; x_wconf 84' lang='lat' dir='ltr'><strong>Tychonis</strong></span> <span class='ocrx_word' id='word_1_413' title='bbox 968 3375 1008 3436; x_wconf 90' lang='lat' dir='ltr'><strong>ad</strong></span> <span class='ocrx_word' id='word_1_414' title='bbox 1031 3372 1155 3453; x_wconf 86' lang='lat' dir='ltr'><strong>antiqua</strong></span> <span class='ocrx_word' id='word_1_415' title='bbox 1177 3379 1314 3454; x_wconf 85' lang='lat' dir='ltr'><strong>tempora</strong></span> <span class='ocrx_word' id='word_1_416' title='bbox 1336 3372 1482 3454; x_wconf 87' lang='lat' dir='ltr'><strong>quodam-</strong></span> 
     </span>
     <span class='ocr_line' id='line_1_39' title="bbox 133 3452 1482 3544; baseline 0.009 -32"><span class='ocrx_word' id='word_1_417' title='bbox 133 3452 224 3513; x_wconf 90' lang='lat' dir='ltr'><strong>modo</strong></span> <span class='ocrx_word' id='word_1_418' title='bbox 250 3454 374 3534; x_wconf 78' lang='lat' dir='ltr'><strong>possint</strong></span> <span class='ocrx_word' id='word_1_419' title='bbox 397 3461 629 3534; x_wconf 89' lang='lat' dir='ltr'><strong>accommodari,</strong></span> <span class='ocrx_word' id='word_1_420' title='bbox 660 3461 817 3544; x_wconf 88' lang='lat' dir='ltr'><strong>scripsisse</strong></span> <span class='ocrx_word' id='word_1_421' title='bbox 841 3481 886 3523; x_wconf 90' lang='lat' dir='ltr'><strong>me</strong></span> <span class='ocrx_word' id='word_1_422' title='bbox 910 3463 1029 3540; x_wconf 79' lang='lat' dir='ltr'><strong>memini</strong></span> <span class='ocrx_word' id='word_1_423' title='bbox 1052 3461 1204 3542; x_wconf 87' lang='lat' dir='ltr'><strong>superiore</strong></span> <span class='ocrx_word' id='word_1_424' title='bbox 1226 3479 1313 3524; x_wconf 91' lang='lat' dir='ltr'><strong>auno.</strong></span> <span class='ocrx_word' id='word_1_425' title='bbox 1359 3459 1407 3524; x_wconf 82' lang='lat' dir='ltr'><strong>Ea</strong></span> <span class='ocrx_word' id='word_1_426' title='bbox 1429 3479 1482 3524; x_wconf 86' lang='lat' dir='ltr'><strong>ac·</strong></span> 
     </span>
     <span class='ocr_line' id='line_1_40' title="bbox 133 3541 1553 3632; baseline 0.007 -29"><span class='ocrx_word' id='word_1_427' title='bbox 133 3541 341 3606; x_wconf 89' lang='lat' dir='ltr'><strong>commodatio</strong></span> <span class='ocrx_word' id='word_1_428' title='bbox 366 3547 394 3610; x_wconf 93' lang='lat' dir='ltr'><strong>iu</strong></span> <span class='ocrx_word' id='word_1_429' title='bbox 418 3548 466 3612; x_wconf 86' lang='lat' dir='ltr'><strong>bis</strong></span> <span class='ocrx_word' id='word_1_430' title='bbox 489 3550 562 3612; x_wconf 90' lang='lat' dir='ltr'><strong>meis</strong></span> <span class='ocrx_word' id='word_1_431' title='bbox 586 3547 698 3613; x_wconf 90' lang='lat' dir='ltr'><strong>tabulis</strong></span> <span class='ocrx_word' id='word_1_432' title='bbox 721 3553 774 3614; x_wconf 87' lang='lat' dir='ltr'><strong>liet</strong></span> <span class='ocrx_word' id='word_1_433' title='bbox 796 3554 950 3632; x_wconf 89' lang='lat' dir='ltr'><strong>operosior</strong></span> <span class='ocrx_word' id='word_1_434' title='bbox 973 3561 1005 3614; x_wconf 88' lang='lat' dir='ltr'><strong>et</strong></span> <span class='ocrx_word' id='word_1_435' title='bbox 1027 3551 1159 3632; x_wconf 86' lang='lat' dir='ltr'><strong>requiret</strong></span> <span class='ocrx_word' id='word_1_436' title='bbox 1180 3550 1288 3630; x_wconf 80' lang='lat' dir='ltr'><strong>multa,</strong></span> <span class='ocrx_word' id='word_1_437' title='bbox 1319 3551 1355 3613; x_wconf 89' lang='lat' dir='ltr'><strong>de</strong></span> <span class='ocrx_word' id='word_1_438' title='bbox 1378 3548 1483 3632; x_wconf 91' lang='lat' dir='ltr'><strong>quibus</strong></span> <span class='ocrx_word' id='word_1_439' title='bbox 1550 3590 1553 3602; x_wconf 52' lang='grc' dir='ltr'>ι</span> 
     </span>
     <span class='ocr_line' id='line_1_41' title="bbox 131 3629 1579 3721; baseline 0.007 -30"><span class='ocrx_word' id='word_1_440' title='bbox 131 3629 269 3692; x_wconf 88' lang='lat' dir='ltr'><strong>nondum.</strong></span> <span class='ocrx_word' id='word_1_441' title='bbox 285 3634 359 3698; x_wconf 85' lang='lat' dir='ltr'><strong>certi</strong></span> <span class='ocrx_word' id='word_1_442' title='bbox 379 3645 448 3699; x_wconf 90' lang='lat' dir='ltr'><strong>sunt</strong></span> <span class='ocrx_word' id='word_1_443' title='bbox 464 3640 637 3716; x_wconf 80' lang='lat' dir='ltr'><strong>astronomi,</strong></span> <span class='ocrx_word' id='word_1_444' title='bbox 661 3639 705 3702; x_wconf 89' lang='lat' dir='ltr'><strong>ita</strong></span> <span class='ocrx_word' id='word_1_445' title='bbox 717 3641 911 3705; x_wconf 83' lang='lat' dir='ltr'><strong>inhabiliores</strong></span> <span class='ocrx_word' id='word_1_446' title='bbox 931 3649 1001 3704; x_wconf 89' lang='lat' dir='ltr'><strong>suut</strong></span> <span class='ocrx_word' id='word_1_447' title='bbox 1014 3640 1071 3704; x_wconf 86' lang='lat' dir='ltr'><strong>bae</strong></span> <span class='ocrx_word' id='word_1_448' title='bbox 1091 3659 1174 3702; x_wconf 88' lang='lat' dir='ltr'><strong>meae</strong></span> <span class='ocrx_word' id='word_1_449' title='bbox 1197 3641 1234 3704; x_wconf 93' lang='lat' dir='ltr'><strong>ad</strong></span> <span class='ocrx_word' id='word_1_450' title='bbox 1258 3640 1382 3721; x_wconf 86' lang='lat' dir='ltr'><strong>antiqua</strong></span> <span class='ocrx_word' id='word_1_451' title='bbox 1403 3647 1483 3702; x_wconf 89' lang='lat' dir='ltr'><strong>tem-</strong></span> <span class='ocrx_word' id='word_1_452' title='bbox 1571 3653 1579 3675; x_wconf 90' lang='grc'>·</span> 
     </span>
     <span class='ocr_line' id='line_1_42' title="bbox 131 3725 1483 3812; baseline -0.003 -18"><span class='ocrx_word' id='word_1_453' title='bbox 131 3738 225 3800; x_wconf 88' lang='lat' dir='ltr'><strong>pora,</strong></span> <span class='ocrx_word' id='word_1_454' title='bbox 249 3737 344 3803; x_wconf 70' lang='lat' dir='ltr'><strong>qfuum</strong></span> <span class='ocrx_word' id='word_1_455' title='bbox 368 3725 566 3809; x_wconf 84' lang='lat' dir='ltr'><strong>Tychonicae.</strong></span> <span class='ocrx_word' id='word_1_456' title='bbox 600 3729 741 3792; x_wconf 88' lang='lat' dir='ltr'><strong>.Ac.etsi</strong></span> <span class='ocrx_word' id='word_1_457' title='bbox 764 3741 891 3812; x_wconf 88' lang='lat' dir='ltr'><strong>possunt</strong></span> <span class='ocrx_word' id='word_1_458' title='bbox 913 3729 1146 3805; x_wconf 90' lang='lat' dir='ltr'><strong>accommodari,</strong></span> <span class='ocrx_word' id='word_1_459' title='bbox 1170 3748 1229 3792; x_wconf 90' lang='lat' dir='ltr'><strong>nou</strong></span> <span class='ocrx_word' id='word_1_460' title='bbox 1251 3737 1351 3792; x_wconf 86' lang='lat' dir='ltr'><strong>temen</strong></span> <span class='ocrx_word' id='word_1_461' title='bbox 1374 3747 1483 3809; x_wconf 88' lang='lat' dir='ltr'><strong>operae</strong></span> 
     </span>
     <span class='ocr_line' id='line_1_43' title="bbox 132 3807 1483 3962; baseline 0.007 -92"><span class='ocrx_word' id='word_1_462' title='bbox 132 3807 277 3962; x_wconf 61' lang='lat' dir='ltr'><strong>plretiunr.</strong></span> <span class='ocrx_word' id='word_1_463' title='bbox 324 3813 392 3894; x_wconf 77' lang='lat' dir='ltr'><strong>Ego</strong></span> <span class='ocrx_word' id='word_1_464' title='bbox 416 3817 534 3908; x_wconf 87' lang='lat' dir='ltr'><strong>quidem</strong></span> <span class='ocrx_word' id='word_1_465' title='bbox 558 3837 654 3881; x_wconf 87' lang='lat' dir='ltr'><strong>meum</strong></span> <span class='ocrx_word' id='word_1_466' title='bbox 678 3819 889 3884; x_wconf 86' lang='lat' dir='ltr'><strong>consiliumet</strong></span> <span class='ocrx_word' id='word_1_467' title='bbox 917 3839 1001 3882; x_wconf 88' lang='lat' dir='ltr'><strong>usum</strong></span> <span class='ocrx_word' id='word_1_468' title='bbox 1025 3837 1141 3882; x_wconf 90' lang='lat' dir='ltr'><strong>omnem</strong></span> <span class='ocrx_word' id='word_1_469' title='bbox 1164 3819 1194 3882; x_wconf 89' lang='lat' dir='ltr'><strong>in</strong></span> <span class='ocrx_word' id='word_1_470' title='bbox 1216 3818 1403 3900; x_wconf 79' lang='lat' dir='ltr'><strong>praefatione</strong></span> <span class='ocrx_word' id='word_1_471' title='bbox 1428 3836 1483 3880; x_wconf 83' lang='lat' dir='ltr'><strong>ex-</strong></span> 
     </span>
     <span class='ocr_line' id='line_1_44' title="bbox 131 3915 1489 3988; baseline 0.002 -28"><span class='ocrx_word' id='word_1_472' title='bbox 131 3915 255 3980; x_wconf 77' lang='lat' dir='ltr'><strong>procu·</strong></span> <span class='ocrx_word' id='word_1_473' title='bbox 286 3934 327 3946; x_wconf 87' lang='lat'>-</span> <span class='ocrx_word' id='word_1_474' title='bbox 1485 3975 1489 3988; x_wconf 39' lang='grc'><strong>,</strong></span> 
     </span>
     <span class='ocr_line' id='line_1_45' title="bbox 224 3985 1482 4079; baseline 0.002 -25"><span class='ocrx_word' id='word_1_475' title='bbox 224 3985 318 4062; x_wconf 78' lang='lat' dir='ltr'><strong>Oruod</strong></span> <span class='ocrx_word' id='word_1_476' title='bbox 350 3993 499 4058; x_wconf 88' lang='lat' dir='ltr'><strong>haeredes</strong></span> <span class='ocrx_word' id='word_1_477' title='bbox 529 3995 639 4060; x_wconf 82' lang='lat' dir='ltr'><strong>attinet</strong></span> <span class='ocrx_word' id='word_1_478' title='bbox 665 3995 871 4079; x_wconf 85' lang='lat' dir='ltr'><strong>Tycbonicos‚</strong></span> <span class='ocrx_word' id='word_1_479' title='bbox 904 4016 978 4060; x_wconf 92' lang='lat' dir='ltr'><strong>nnus</strong></span> <span class='ocrx_word' id='word_1_480' title='bbox 1007 4005 1056 4060; x_wconf 89' lang='lat' dir='ltr'><strong>est</strong></span> <span class='ocrx_word' id='word_1_481' title='bbox 1084 3993 1181 4060; x_wconf 89' lang='lat' dir='ltr'><strong>instar</strong></span> <span class='ocrx_word' id='word_1_482' title='bbox 1210 3995 1337 4058; x_wconf 88' lang='lat' dir='ltr'><strong>omniurn</strong></span> <span class='ocrx_word' id='word_1_483' title='bbox 1368 3995 1418 4056; x_wconf 82' lang='lat' dir='ltr'><strong>Fr.</strong></span> <span class='ocrx_word' id='word_1_484' title='bbox 1443 3993 1482 4057; x_wconf 84' lang='lat' dir='ltr'><strong>G.</strong></span> 
     </span>
    </p>

    <p class='ocr_par' dir='ltr' id='par_1_13' title="bbox 131 4077 1515 4412">
     <span class='ocr_line' id='line_1_46' title="bbox 132 4077 1515 4180; baseline 0.004 -39"><span class='ocrx_word' id='word_1_485' title='bbox 132 4077 295 4159; x_wconf 71' lang='lat' dir='ltr'><strong>remago,</strong></span> <span class='ocrx_word' id='word_1_486' title='bbox 327 4083 423 4146; x_wconf 90' lang='lat' dir='ltr'><strong>nobili</strong></span> <span class='ocrx_word' id='word_1_487' title='bbox 452 4101 562 4164; x_wconf 81' lang='lat' dir='ltr'><strong>genere</strong></span> <span class='ocrx_word' id='word_1_488' title='bbox 588 4085 789 4166; x_wconf 85' lang='lat' dir='ltr'><strong>westphalus</strong></span> <span class='ocrx_word' id='word_1_489' title='bbox 821 4094 853 4147; x_wconf 90' lang='lat' dir='ltr'><strong>et</strong></span> <span class='ocrx_word' id='word_1_490' title='bbox 881 4084 911 4147; x_wconf 86' lang='lat' dir='ltr'><strong>in</strong></span> <span class='ocrx_word' id='word_1_491' title='bbox 940 4103 1084 4165; x_wconf 83' lang='lat' dir='ltr'><strong>praesens</strong></span> <span class='ocrx_word' id='word_1_492' title='bbox 1112 4083 1281 4148; x_wconf 80' lang='lat' dir='ltr'><strong>Caesareae</strong></span> <span class='ocrx_word' id='word_1_493' title='bbox 1308 4083 1515 4180; x_wconf 29' lang='lat' dir='ltr'><strong>Majestatis,</strong></span> 
     </span>
     <span class='ocr_line' id='line_1_47' title="bbox 131 4165 1483 4238; baseline 0.005 -12"><span class='ocrx_word' id='word_1_494' title='bbox 131 4165 275 4230; x_wconf 87' lang='lat' dir='ltr'><strong>minister</strong></span> <span class='ocrx_word' id='word_1_495' title='bbox 298 4171 426 4236; x_wconf 85' lang='lat' dir='ltr'><strong>aulicus.</strong></span> <span class='ocrx_word' id='word_1_496' title='bbox 471 4172 706 4238; x_wconf 81' lang='lat' dir='ltr'><strong>Mathematicus</strong></span> <span class='ocrx_word' id='word_1_497' title='bbox 734 4175 811 4238; x_wconf 91' lang='lat' dir='ltr'><strong>enim</strong></span> <span class='ocrx_word' id='word_1_498' title='bbox 842 4194 900 4237; x_wconf 92' lang='lat' dir='ltr'><strong>non</strong></span> <span class='ocrx_word' id='word_1_499' title='bbox 927 4173 992 4236; x_wconf 90' lang='lat' dir='ltr'><strong>vult</strong></span> <span class='ocrx_word' id='word_1_500' title='bbox 1019 4175 1131 4237; x_wconf 87' lang='lat' dir='ltr'><strong>audire.</strong></span> <span class='ocrx_word' id='word_1_501' title='bbox 1176 4173 1260 4238; x_wconf 89' lang='lat' dir='ltr'><strong>Nihil</strong></span> <span class='ocrx_word' id='word_1_502' title='bbox 1282 4173 1404 4235; x_wconf 90' lang='lat' dir='ltr'><strong>honoris</strong></span> <span class='ocrx_word' id='word_1_503' title='bbox 1426 4171 1483 4234; x_wconf 86' lang='lat' dir='ltr'><strong>beo</strong></span> 
     </span>
     <span class='ocr_line' id='line_1_48' title="bbox 133 4257 1484 4408; baseline 0.005 -93"><span class='ocrx_word' id='word_1_504' title='bbox 133 4257 287 4408; x_wconf 53' lang='grc' dir='ltr'>ωιοῖοοι</span> <span class='ocrx_word' id='word_1_505' title='bbox 308 4261 358 4346; x_wconf 78' lang='grc' dir='ltr'><strong>Μ..</strong></span> <span class='ocrx_word' id='word_1_506' title='bbox 383 4263 419 4324; x_wconf 86' lang='grc' dir='ltr'><strong>Τ.</strong></span> <span class='ocrx_word' id='word_1_507' title='bbox 443 4260 569 4344; x_wconf 90' lang='lat' dir='ltr'><strong>impono.</strong></span> <span class='ocrx_word' id='word_1_508' title='bbox 597 4263 696 4326; x_wconf 86' lang='lat' dir='ltr'><strong>¹Volo</strong></span> <span class='ocrx_word' id='word_1_509' title='bbox 720 4271 753 4326; x_wconf 94' lang='lat' dir='ltr'><strong>ut</strong></span> <span class='ocrx_word' id='word_1_510' title='bbox 779 4284 832 4346; x_wconf 90' lang='lat' dir='ltr'><strong>pro</strong></span> <span class='ocrx_word' id='word_1_511' title='bbox 863 4283 944 4328; x_wconf 90' lang='lat' dir='ltr'><strong>mero</strong></span> <span class='ocrx_word' id='word_1_512' title='bbox 973 4263 1097 4328; x_wconf 86' lang='lat' dir='ltr'><strong>arbitrio</strong></span> <span class='ocrx_word' id='word_1_513' title='bbox 1120 4283 1174 4326; x_wconf 91' lang='lat' dir='ltr'><strong>suo</strong></span> <span class='ocrx_word' id='word_1_514' title='bbox 1197 4263 1239 4327; x_wconf 88' lang='grc' dir='ltr'><strong>Μ.</strong></span> <span class='ocrx_word' id='word_1_515' title='bbox 1263 4261 1298 4326; x_wconf 89' lang='grc' dir='ltr'><strong>Τ.</strong></span> <span class='ocrx_word' id='word_1_516' title='bbox 1323 4269 1396 4343; x_wconf 83' lang='lat' dir='ltr'><strong>agat</strong></span> <span class='ocrx_word' id='word_1_517' title='bbox 1417 4279 1484 4322; x_wconf 92' lang='lat' dir='ltr'><strong>cum</strong></span> 
     </span>
     <span class='ocr_line' id='line_1_49' title="bbox 134 4343 335 4412; baseline 0.03 -6"><span class='ocrx_word' id='word_1_518' title='bbox 134 4343 185 4406; x_wconf 86' lang='lat' dir='ltr'><strong>bia</strong></span> <span class='ocrx_word' id='word_1_519' title='bbox 242 4345 335 4412; x_wconf 77' lang='lat' dir='ltr'><strong>bulis.</strong></span> 
     </span>
    </p>

    <p class='ocr_par' dir='ltr' id='par_1_14' title="bbox 129 4435 1485 4976">
     <span class='ocr_line' id='line_1_50' title="bbox 168 4435 1484 4522; baseline 0.002 -25"><span class='ocrx_word' id='word_1_520' title='bbox 168 4457 171 4464; x_wconf 67' lang='grc'><em>’</em></span> <span class='ocrx_word' id='word_1_521' title='bbox 224 4435 271 4498; x_wconf 89' lang='lat' dir='ltr'><strong>Ne</strong></span> <span class='ocrx_word' id='word_1_522' title='bbox 294 4457 374 4502; x_wconf 78' lang='lat' dir='ltr'><strong>voro</strong></span> <span class='ocrx_word' id='word_1_523' title='bbox 397 4438 471 4502; x_wconf 90' lang='lat' dir='ltr'><strong>nihil</strong></span> <span class='ocrx_word' id='word_1_524' title='bbox 494 4438 674 4520; x_wconf 86' lang='lat' dir='ltr'><strong>scripserim,</strong></span> <span class='ocrx_word' id='word_1_525' title='bbox 697 4439 805 4504; x_wconf 82' lang='lat' dir='ltr'><strong>addam</strong></span> <span class='ocrx_word' id='word_1_526' title='bbox 821 4440 1025 4522; x_wconf 85' lang='lat' dir='ltr'><strong>compendium</strong></span> <span class='ocrx_word' id='word_1_527' title='bbox 1045 4439 1301 4522; x_wconf 83' lang='lat' dir='ltr'><strong>expeditissimum</strong></span> <span class='ocrx_word' id='word_1_528' title='bbox 1323 4435 1484 4521; x_wconf 88' lang='lat' dir='ltr'><strong>quaerendi</strong></span> 
     </span>
     <span class='ocr_line' id='line_1_51' title="bbox 134 4519 1484 4610; baseline 0.004 -27"><span class='ocrx_word' id='word_1_529' title='bbox 134 4519 165 4583; x_wconf 90' lang='lat' dir='ltr'><strong>in</strong></span> <span class='ocrx_word' id='word_1_530' title='bbox 189 4519 356 4591; x_wconf 83' lang='lat' dir='ltr'><strong>Solaribus</strong></span> <span class='ocrx_word' id='word_1_531' title='bbox 383 4525 545 4607; x_wconf 89' lang='lat' dir='ltr'><strong>eclipsibus</strong></span> <span class='ocrx_word' id='word_1_532' title='bbox 572 4529 743 4610; x_wconf 83' lang='lat' dir='ltr'><strong>parellases</strong></span> <span class='ocrx_word' id='word_1_533' title='bbox 772 4529 946 4594; x_wconf 85' lang='lat' dir='ltr'><strong>latitudinis.</strong></span> <span class='ocrx_word' id='word_1_534' title='bbox 994 4531 1030 4594; x_wconf 91' lang='lat' dir='ltr'><strong>Iu</strong></span> <span class='ocrx_word' id='word_1_535' title='bbox 1053 4528 1219 4609; x_wconf 84' lang='lat' dir='ltr'><strong>Coparnico</strong></span> <span class='ocrx_word' id='word_1_536' title='bbox 1248 4536 1351 4593; x_wconf 84' lang='lat' dir='ltr'><strong>exstat</strong></span> <span class='ocrx_word' id='word_1_537' title='bbox 1379 4526 1484 4589; x_wconf 87' lang='lat' dir='ltr'><strong>tabula</strong></span> 
     </span>
     <span class='ocr_line' id='line_1_52' title="bbox 133 4613 1485 4702; baseline 0.004 -30"><span class='ocrx_word' id='word_1_538' title='bbox 133 4613 313 4693; x_wconf 79' lang='lat' dir='ltr'><strong>angulorum</strong></span> <span class='ocrx_word' id='word_1_539' title='bbox 337 4617 492 4698; x_wconf 81' lang='lat' dir='ltr'><strong>eclipticas</strong></span> <span class='ocrx_word' id='word_1_540' title='bbox 509 4635 574 4678; x_wconf 94' lang='lat' dir='ltr'><strong>oum</strong></span> <span class='ocrx_word' id='word_1_541' title='bbox 595 4617 765 4694; x_wconf 80' lang='lat' dir='ltr'><strong>horizonte3</strong></span> <span class='ocrx_word' id='word_1_542' title='bbox 789 4638 854 4682; x_wconf 88' lang='lat' dir='ltr'><strong>cunr</strong></span> <span class='ocrx_word' id='word_1_543' title='bbox 876 4619 932 4683; x_wconf 94' lang='lat' dir='ltr'><strong>hoc</strong></span> <span class='ocrx_word' id='word_1_544' title='bbox 955 4620 1045 4702; x_wconf 79' lang='lat' dir='ltr'><strong>igitur</strong></span> <span class='ocrx_word' id='word_1_545' title='bbox 1068 4619 1176 4698; x_wconf 83' lang='lat' dir='ltr'><strong>angulo</strong></span> <span class='ocrx_word' id='word_1_546' title='bbox 1200 4615 1357 4701; x_wconf 82' lang='lat' dir='ltr'><strong>(tanquam</strong></span> <span class='ocrx_word' id='word_1_547' title='bbox 1382 4623 1485 4679; x_wconf 85' lang='lat' dir='ltr'><strong>essent</strong></span> 
     </span>
     <span class='ocr_line' id='line_1_53' title="bbox 133 4701 1483 4792; baseline 0.002 -30"><span class='ocrx_word' id='word_1_548' title='bbox 133 4701 247 4781; x_wconf 80' lang='lat' dir='ltr'><strong>gradus</strong></span> <span class='ocrx_word' id='word_1_549' title='bbox 271 4705 447 4770; x_wconf 78' lang='lat' dir='ltr'><strong>altitudinis</strong></span> <span class='ocrx_word' id='word_1_550' title='bbox 468 4705 565 4780; x_wconf 89' lang='lat' dir='ltr'><strong>Solis)</strong></span> <span class='ocrx_word' id='word_1_551' title='bbox 589 4707 743 4786; x_wconf 76' lang='lat' dir='ltr'><strong>ingredere</strong></span> <span class='ocrx_word' id='word_1_552' title='bbox 767 4707 899 4772; x_wconf 88' lang='lat' dir='ltr'><strong>tabulam</strong></span> <span class='ocrx_word' id='word_1_553' title='bbox 918 4709 1144 4792; x_wconf 76' lang='lat' dir='ltr'><strong>parallaoeicam</strong></span> <span class='ocrx_word' id='word_1_554' title='bbox 1159 4708 1309 4790; x_wconf 63' lang='lat' dir='ltr'><strong>&#39;lychonis</strong></span> <span class='ocrx_word' id='word_1_555' title='bbox 1332 4707 1387 4772; x_wconf 90' lang='lat' dir='ltr'><strong>snb</strong></span> <span class='ocrx_word' id='word_1_556' title='bbox 1409 4724 1483 4767; x_wconf 92' lang='lat' dir='ltr'><strong>con-</strong></span> 
     </span>
     <span class='ocr_line' id='line_1_54' title="bbox 131 4791 1483 4880; baseline 0.004 -27"><span class='ocrx_word' id='word_1_557' title='bbox 131 4791 266 4856; x_wconf 86' lang='lat' dir='ltr'><strong>venienti</strong></span> <span class='ocrx_word' id='word_1_558' title='bbox 290 4795 387 4864; x_wconf 82' lang='lat' dir='ltr'><strong>titulo</strong></span> <span class='ocrx_word' id='word_1_559' title='bbox 410 4795 698 4862; x_wconf 84' lang='lat' dir='ltr'><strong>semidiametrorum</strong></span> <span class='ocrx_word' id='word_1_560' title='bbox 721 4797 848 4876; x_wconf 86' lang='lat' dir='ltr'><strong>Terrae,</strong></span> <span class='ocrx_word' id='word_1_561' title='bbox 876 4807 907 4862; x_wconf 85' lang='lat' dir='ltr'><strong>et</strong></span> <span class='ocrx_word' id='word_1_562' title='bbox 934 4815 1006 4864; x_wconf 85' lang='lat' dir='ltr'><strong>area</strong></span> <span class='ocrx_word' id='word_1_563' title='bbox 1032 4797 1137 4864; x_wconf 86' lang='lat' dir='ltr'><strong>statim</strong></span> <span class='ocrx_word' id='word_1_564' title='bbox 1164 4797 1286 4864; x_wconf 83' lang='lat' dir='ltr'><strong>exhibet</strong></span> <span class='ocrx_word' id='word_1_565' title='bbox 1315 4795 1483 4880; x_wconf 82' lang='lat' dir='ltr'><strong>parallaxiu</strong></span> 
     </span>
     <span class='ocr_line' id='line_1_55' title="bbox 129 4879 537 4976; baseline 0.022 -32"><span class='ocrx_word' id='word_1_566' title='bbox 129 4879 305 4976; x_wconf 68' lang='lat' dir='ltr'><strong>latitudinjp</strong></span> <span class='ocrx_word' id='word_1_567' title='bbox 336 4884 537 4953; x_wconf 66' lang='lat' dir='ltr'><strong>verissimam:</strong></span> 
     </span>
    </p>
   </div>
   <div class='ocr_carea' id='block_1_6' title="bbox 0 0 1808 5562">
    <p class='ocr_par' dir='ltr' id='par_1_15' title="bbox 0 0 1808 5562">
     <span class='ocr_line' id='line_1_56' title="bbox 0 0 1808 5562; baseline 0 0"><span class='ocrx_word' id='word_1_568' title='bbox 0 0 1808 5562; x_wconf 95' lang='lat' dir='ltr'><strong> </strong></span> 
     </span>
    </p>
   </div>
  </div>
 </body>
</html>
