3640 5538
649 399 652 408 r
740 336 902 392 m
1428 339 1493 416 ’513

150 513 268 578 addidit
290 514 460 578 collectioni
473 515 659 598 inscriptae:
683 515 949 598 Uranologion,
973 517 1037 582 aire
1052 519 1195 603 Systema
1217 523 1366 590 variorum
1382 527 1492 592 autho·

108 679 114 688 ι
150 621 228 680 rum,
262 604 312 685 qui
340 604 377 665 de
405 605 534 685 sphaera
565 625 601 668 ao
625 607 772 671 sideribus
800 625 960 689 eorumque
990 609 1119 673 motibus
1148 609 1268 676 Graece
1299 619 1493 681 commentati

149 702 220 756 snut
242 694 327 767 (Lut.
351 693 421 756 Par.
448 691 556 770 1630).
603 695 703 759 Unum
726 697 788 758 fere
811 696 955 759 habemns
978 706 1089 762 testem
1112 701 1148 762 de
1163 701 1328 783 Hipparchi
1351 713 1492 768 astrono-

148 783 208 846 mia
235 783 510 858 Ptolemaeum,
540 784 590 865 qui
618 785 700 848 illius
729 785 988 849 observationibus
1012 795 1044 849 et
1065 787 1283 871 hypothesibus
1305 793 1492 858 fundamenti

148 873 214 936 loeo
237 891 328 948 usus,
352 873 553 952 superstruxit
575 873 622 937 his
645 874 751 938 librum
776 894 878 951 snum,
901 895 988 957 qnem
1015 875 1089 939 dicit
1112 879 1249 958 Merulae
1273 880 1426 959 Σνηαξιν,
1453 884 1492 947 ab
1611 864 1620 887 '

147 961 300 1026 Arabibns
323 961 363 1023 ad
381 969 485 1024 nostra
507 971 644 1044 tempora
666 971 769 1028 notum
791 964 846 1027 sub
871 964 959 1026 titulo
981 966 1252 1048 Almagestum.
1299 971 1419 1034 Passim
1441 973 1491 1036 bie

149 1051 277 1114 occurrit
293 1068 398 1113 nomen
412 1051 578 1134 Hipparchi
592 1051 730 1116 maximis
749 1053 860 1116 additis
875 1053 1022 1117 laudibus,
1043 1055 1127 1118 Libri
1142 1058 1181 1122 V.
1197 1059 1344 1140 capitibus
1363 1059 1490 1126 11—15

148 1140 231 1203 illum
255 1147 376 1204 secutus
399 1138 498 1217 Solis,
526 1141 630 1204 Lunae
654 1150 686 1204 et
708 1144 820 1205 Terrae
843 1143 1007 1206 diametros
1031 1146 1084 1208 hc.
1109 1157 1265 1227 comparat
1286 1149 1490 1229 Ptolemaeus,

149 1230 301 1294 schemate
324 1248 396 1293 usus
420 1231 497 1310 quod
516 1232 733 1312 supradictum
752 1239 801 1295 est
820 1231 1026 1313 „diagramma
1039 1234 1224 1318 Hipparcbi“
1250 1235 1361 1323 (Gomp
1375 1240 1442 1322 sug.
1460 1242 1490 1305 1.

148 1319 348 1401 sequentem),
373 1318 520 1384 theoriam
543 1320 728 1384 constituens
751 1321 855 1385 borum
878 1341 1042 1402 corporum

237 1408 387 1488 Keplerns
410 1408 440 1470 in
463 1411 599 1491 sequenti
622 1411 698 1474 libro
722 1411 799 1474 bano
822 1411 980 1488 theoriam,
1007 1413 1213 1478 subtilioribus
1236 1416 1359 1498 adjutus
1382 1417 1489 1481 obser-

151 1497 331 1573 vationibus,
348 1499 506 1560 emendare
523 1508 648 1562 conatus
662 1507 719 1574 est,
734 1519 796 1563 reru
806 1519 888 1577 vero,
899 1520 1078 1582 quamquam
1091 1502 1201 1567 iterum
1215 1505 1382 1588 iterumque
1397 1507 1435 1568 ad
1450 1507 1490 1570 il·-

136 1577 208 1650 'lam
220 1605 368 1662 reversus,
384 1587 591 1668 imperfectam
601 1589 730 1669 reliquit,
747 1590 952 1653 deficientibus
971 1591 1232 1657 observationibus
1242 1595 1489 1670 accuratioribus,

148 1694 235 1757 quum
266 1675 357 1751 illae,
394 1695 469 1758 quae
499 1676 557 1758 ipsi
583 1686 707 1758 praesto
735 1679 836 1752 luere,
868 1680 997 1742 nondum
1021 1681 1201 1745 sufficerent
1248 1684 1318 1764 Ipse
1341 1683 1490 1764 Keplerus
1546 1685 1551 1695 '

146 1765 260 1848 passim
282 1764 390 1827 librum
413 1765 490 1828 bnnc
513 1767 543 1829 in
567 1767 706 1846 operibus
729 1767 792 1831 suis
815 1776 847 1831 et
868 1767 965 1831 literis
991 1771 1119 1850 privatis
1150 1771 1224 1836 dicit
1255 1792 1331 1836 nnnc
1355 1773 1490 1837 consori-

146 1855 284 1930 beudum,
309 1873 385 1916 nunc
409 1873 524 1936 quoque
548 1856 634 1936 quasi
657 1851 866 1936 conscriptn'rn,
891 1875 979 1938 quam
995 1859 1033 1922 ob
1049 1879 1112 1924 rem
1127 1861 1213 1924 multi
1231 1861 1400 1945 aequalium
1415 1883 1490 1944 opus

146 1946 203 2008 boe
221 1943 339 2025 abipso
356 1943 627 2022 efflagitabantvel
649 1965 708 2008 uon
731 1947 897 2010 obtinuisse
922 1949 1078 2027 legandum
1102 1969 1191 2031 aegre
1215 1951 1293 2014 ferre
1316 1970 1350 2014 se
1372 1952 1489 2032 publice

145 2033 371 2117 profitebantur.
423 2033 445 2095 J
452 2035 619 2099 eremias
648 2035 879 2100 Horroccius
908 2036 987 2100 inter
1020 2039 1077 2102 hos
1112 2040 1225 2119 primus
1256 2041 1398 2104 dicendus
1431 2049 1489 2114 est,

146 2144 214 2187 cum
236 2123 275 2186 ob
296 2122 408 2204 ingenii
431 2122 643 2204 doctrinaeque
666 2123 876 2200 subtilitatem,
899 2134 964 2189 tum
987 2126 1024 2210 pb
1048 2128 1229 2210 singularem
1253 2149 1341 2211 quam
1357 2130 1491 2194 exhibuit

145 2214 278 2294 Keplero
300 2211 515 2288 reverentiam,
549 2231 637 2294 quam
664 2221 817 2276 testantur
844 2235 896 2291 ea,
934 2235 1010 2297 quae
1039 2217 1118 2280 infra
1151 2229 1328 2299 sequnntur,
1357 2239 1490 2300 quaeque

146 2301 344 2366 desumeimns
367 2320 406 2362 ex
428 2301 522 2375 libro,
552 2321 639 2381 quem
663 2303 758 2366 edidit
779 2303 800 2366 J
810 2321 952 2366 oannes
975 2305 1140 2382 wallis,
1174 2305 1388 2382 „Geometriae
1415 2327 1489 2388 pro-

146 2393 243 2454 iessor
274 2390 445 2456 Savilisnns
473 2387 645 2467 Oxoniae,“
671 2399 703 2454 et
724 2392 893 2472 inscripsit:
928 2394 978 2471 „J.
1011 2395 1195 2459 Horrocoi
1203 2397 1228 2469 i,
1264 2396 1490 2479 Liverpoleusis

145 2479 249 2560 Angli,
274 2499 312 2542 ex
334 2478 509 2543 Palatinatu
531 2481 744 2555 Lancastriae,
768 2479 895 2563 Opera
916 2483 1136 2563 posthuma.
1183 2486 1351 2550 Videlicet:
1375 2487 1489 2550 Astro-

145 2569 247 2634 uomia
267 2568 453 2649 Kepleriaua
475 2570 601 2633 defensa
623 2578 654 2635 et
675 2577 823 2651 promota.
859 2571 1014 2654 Excerpta
1028 2593 1066 2636 ex
1080 2575 1217 2655 epistolis
1235 2575 1274 2638 ad
1292 2575 1491 2640 Crabtraeum

146 2679 239 2723 suum
300 2656 552 2722 Observationum
584 2661 760 2723 coelestium
791 2661 958 2743 catalogus.
1004 2663 1108 2726 Lunae
1144 2665 1264 2729 theoria
1295 2665 1404 2729 uovs.“
1434 2667 1489 2728 dre.

145 2747 292 2825 (Londini
316 2744 427 2822 1678.)

122 2842 126 2853 '
224 2839 303 2894 Haeo
322 2838 409 2912 igitur
428 2837 656 2893 Horroccius:
677 2838 868 2894 Divinissimus
891 2841 1040 2911 Keplerus,
1061 2841 1180 2897 feliciter
1205 2843 1335 2898 adhibitis
1363 2845 1490 2915 specula·

143 2921 264 2978 tionibus
294 2918 433 2990 physicis,
463 2935 543 2973 veras
574 2924 604 2973 et
632 2919 774 2974 naturales
803 2928 925 2975 motuum
954 2921 1114 2976 coelestium
1133 2939 1233 2978 canses
1254 2931 1338 2994 atque
1358 2924 1419 2978 ideo
1439 2943 1489 2996 ge-

143 3002 243 3058 nuinas
263 2999 368 3055 orbium
393 2999 495 3054 formas
516 2992 630 3066 (saltem
650 2999 679 3054 iu
698 3016 750 3054 sex
769 2996 918 3070 primariis)
940 3000 968 3054 in
987 3001 1075 3056 lucem
1102 3004 1214 3056 taudem
1233 3004 1383 3073 protraxit,
1405 3011 1489 3076 atque

142 3082 216 3138 reris
235 3081 354 3151 undique
373 3079 574 3151 hypothesibus
594 3079 734 3143 innititur;
759 3079 788 3134 in
807 3098 840 3134 eo
861 3082 949 3136 solum
968 3097 1105 3150 peccans,
1132 3083 1201 3152 quod
1223 3099 1349 3136 numeros
1369 3091 1491 3140 motorum

143 3170 174 3219 et
190 3163 376 3234 ,planetarum
403 3159 622 3216 eccentrioitates
651 3177 707 3216 non
735 3160 858 3231 praeciae
883 3167 958 3216 recte
986 3159 1136 3216 muttit-uit
1177 3161 1226 3215 Sin
1250 3169 1343 3218 autem
1363 3179 1490 3218 numeros
1533 3161 1537 3170 ’

142 3260 208 3298 suos
228 3239 271 3311 (in
283 3242 351 3298 l'ab.
371 3235 525 3310 Rudolph.)
545 3256 643 3310 parum
663 3247 819 3304 commutes,
841 3257 1001 3296 consensum
1022 3247 1180 3296 amuratum
1199 3249 1230 3296 et
1249 3247 1421 3298 constantem
1442 3245 1490 3298 ob-

142 3323 328 3380 servaticnum
341 3327 372 3375 et
391 3320 491 3375 calculi
510 3320 607 3375 merito
628 3320 780 3376 miraberis.
795 3351 836 3392 ἡ
850 3322 926 3384 Quod
948 3327 1040 3375 autem
1053 3321 1192 3392 Keplerus
1213 3322 1345 3386 fateatur,
1366 3339 1397 3377 se
1410 3323 1490 3378 lumi·

141 3404 249 3461 uarium
270 3401 390 3474 deliquia
403 3401 487 3456 aliter
499 3402 670 3466 observasse,
693 3417 772 3474 qnam
787 3401 903 3457 exhibet
917 3401 1074 3456 tabularum
1093 3403 1224 3466 calculus,
1246 3404 1357 3458 tabulas
1373 3398 1489 3471 (Budel-

122 3477 256 3556 ¹phines)
286 3482 393 3555 quidem
421 3481 596 3551 imperfectas
627 3481 738 3555 arguit,
769 3483 818 3537 aed
847 3481 965 3537 animum
985 3499 1015 3536 re
1035 3498 1103 3537 vcra
1121 3483 1285 3554 ingenuum,
1313 3489 1343 3538 et
1363 3484 1489 3540 veritatis

140 3565 249 3638 magis,
276 3580 357 3636 quam
377 3561 528 3617 immeritae
555 3561 644 3618 laudis
666 3563 825 3619 studiosum.
866 3562 997 3618 Nimirum
1017 3580 1071 3617 non
1092 3569 1156 3618 erat
1174 3561 1222 3617 ille
1248 3564 1328 3620 homo
1349 3571 1407 3620 tam
1427 3582 1488 3636 per·

140 3647 240 3702 frictae
261 3643 384 3708 frontis,
405 3649 438 3698 ut
466 3643 601 3698 absurdas
631 3643 741 3715 quaeris
771 3643 908 3714 ampullas
927 3660 1028 3715 magno
1055 3644 1173 3698 clamore
1194 3643 1299 3715 ignaris
1321 3644 1488 3711 divenderet,

139 3729 220 3784 modo
240 3725 300 3795 ipse
320 3723 350 3778 iu
369 3723 456 3778 itroati
469 3723 572 3778 laboris
587 3723 745 3794 praemium,
767 3723 926 3780 brevissimo
948 3723 1038 3779 inanis
1057 3723 1165 3796 gloriae
1186 3726 1263 3788 flatu,
1285 3725 1487 3790 intumesceret

140 3815 171 3863 et
190 3807 265 3862 inter
282 3803 434 3859 inconditos
455 3804 644 3874 plaudentium
663 3803 795 3874 strepitus
820 3804 928 3875 placide
953 3803 1006 3859 sibi
1027 3805 1197 3860 adulantur.
1238 3805 1321 3860 Tales
1346 3823 1400 3878 ego
1425 3807 1490 3860 novi

143 3884 334 3950 (umbonum
352 3881 389 3932 bia
402 3881 628 3941 maenomenon,
647 3887 734 3933 contm
745 3897 825 3947 quem
843 3881 978 3947 Keplenun
990 3883 1063 3947 longa
1076 3882 1148 3934 aliter
1165 3889 1301 3943 tuentem,
1320 3884 1354 3934 lbi
1370 3885 1488 3936 wmarus

139 3966 271 4018 invehitur.
307 3963 393 4028 Gomp.
415 3969 499 4014 annot
519 3962 553 4012 ad
571 3961 664 4012 com
682 3961 771 4012 llmtia
788 3977 840 4013 oro·
860 3960 915 4024 lb),
935 3958 981 4010 sed
1003 3956 1088 4010 talem
1107 3973 1186 4012 nemo
1201 3957 1278 4011 novit
1290 3957 1487 4027 Keplernm.

140 4039 293 4098 Modestior
320 4037 374 4092 ruit
402 4037 557 4091 mehercule
583 4035 719 4107 ingenuus
740 4036 787 4092 ille
818 4042 848 4090 et
875 4034 1110 4108 ingeniosissimus
1131 4037 1231 4101 heroa,
1252 4053 1334 4108 quam
1353 4043 1397 4102 nt,
1420 4053 1487 4091 suae

140 4119 229 4192 ipsius
259 4117 348 4174 laudis
378 4115 552 4180 buccinator,
582 4116 805 4188 apud·reliquos
833 4117 938 4172 nullam
964 4115 1061 4172 merito
1086 4117 1230 4174 inveniret
1271 4121 1311 4172 At
1336 4117 1401 4172 mibi
1427 4133 1501 4171 cum·

138 4201 223 4258 laude
243 4200 311 4254 licet
330 4198 360 4252 in
379 4196 495 4267 Kepleri
519 4197 600 4251 laude
622 4197 754 4251 arctiores
774 4197 925 4252 modestiae
945 4195 1045 4251 limites
1066 4198 1218 4261 transilire;
1239 4196 1305 4251 licet
1325 4197 1389 4251 mihi
1410 4197 1487 4252 illum

140 4297 229 4353 supra
247 4279 378 4336 mortales
394 4277 535 4340 admiraris
556 4277 623 4331 licet
642 4277 794 4350 egregium,
815 4277 1009 4332 divinissimum
1030 4285 1079 4332 aut
1097 4278 1120 4332 si
1141 4279 1204 4350 qnid
1224 4277 1313 4346 majus
1328 4279 1485 4348 appellare;

139 4363 209 4419 licet
222 4361 346 4432 deniqne,
369 4373 454 4428 supra
467 4363 553 4412 totam
566 4357 820 4428 philosophantium
834 4358 956 4412 scholam
971 4359 1016 4412 vel
1037 4357 1143 4413 unicum
1158 4359 1309 4428 Keplerum
1330 4357 1485 4413 aestimare.

138 4445 221 4500 Hunc
242 4441 331 4496 solum
351 4439 441 4494 canite
462 4444 581 4510 poetae,
612 4437 640 4492 iu
669 4439 755 4508 ipsius
785 4439 867 4493 lande
894 4437 1040 4492 veritatem
1070 4455 1207 4510 nunquam
1229 4438 1389 4508 aequaturi,
1413 4439 1485 4493 hunc

138 4523 229 4582 solum
249 4521 332 4576 terite
352 4519 523 4591 philosophi,
544 4521 577 4573 de
598 4517 646 4573 illc
668 4519 748 4582 certi,
770 4519 875 4573 habere
896 4518 978 4574 istum
999 4518 1096 4586 omnia,
1119 4518 1163 4590 qui
1184 4519 1271 4572 babet
1289 4517 1483 4588 Keplerum.

227 4599 273 4650 Eis
290 4599 431 4664 praemissio
448 4598 545 4662 propius
568 4597 621 4647 adit
637 4595 782 4648 llorrocoius
799 4596 902 4661 Kepleri
919 4611 1006 4662 opera,
1026 4599 1168 4662 pracsertim
1186 4595 1294 4646 Tabulas
1313 4595 1483 4660 Rudolphinas

138 4689 165 4734 et
184 4680 362 4737 fflmoulsm.
382 4693 473 4729 errores
497 4679 524 4728 ia
541 4677 588 4728 illia
606 4691 623 4727 a
639 4677 747 4742 Keplaro
766 4679 905 4728 commissos
922 4677 1029 4744 ingenue
1047 4690 1188 4728 rmeussus:
1213 4676 1318 4734 ,motus
1340 4671 1482 4741 aequales,

139 4755 271 4827 aphelia,
299 4751 533 4817 montaureo,
555 4749 659 4807 orbium
679 4746 869 4823 proportiones
890 4758 920 4806 et
942 4752 1002 4806 alia
1020 4749 1175 4820 hujusmodi
1198 4766 1252 4803 non
1273 4750 1341 4805 satis
1361 4751 1485 4821 praecise

138 4835 283 4893 ordinarit
324 4833 363 4888 Et
381 4832 444 4887 hinc
463 4832 567 4890 lactum
587 4839 648 4896 est,
677 4833 789 4888 tabulas
809 4831 933 4903 Kepleri,
956 4832 1009 4887 etsi
1030 4831 1152 4887 omnibus
1173 4829 1235 4885 aliis
1255 4830 1481 4900 praestantiores,

140 4914 314 4990 appetentiis
336 4920 503 4972 tamennon
521 4931 603 4986 possa
623 4913 652 4969 io
672 4913 786 4970 minimis
807 4913 975 4972 causamn.
1003 4913 1054 4969 Ille
1075 4917 1168 4968 antem
1187 4910 1320 4982 exiguam
1338 4913 1411 4969 hano
1430 4913 1483 4970 rtis·

215 5007 398 5062 amorne
415 5007 452 5050 π
1239 5001 1273 5058 ³³
