3672 5538
622 272 683 328 Pars
701 275 792 330 Terta.
830 275 912 344 caput
928 278 1038 336 xxm.
1440 274 1503 346 ³17

160 448 233 514 riter
255 449 297 527 id,
322 450 401 534 quod
414 458 560 516 extranea
583 462 614 518 et
636 455 726 519 bmtu
750 474 788 518 ex
801 453 873 520 Sola
896 457 993 524 virtus
1012 465 1095 524 esset
1117 460 1267 526 effectura.
1307 459 1392 532 Quae
1407 459 1505 522 omnia

159 549 231 606 sunt
253 541 393 605 absurda.
439 542 622 610 Praesertim
645 565 727 620 cum,
750 545 917 610 Aristotele
941 555 1035 626 teste,
1059 550 1167 613 infiniti
1189 551 1272 616 nulla
1293 551 1335 613 sit
1357 549 1505 624 scientia3

162 629 309 694 inlinitum
332 638 433 694 autem
456 633 617 698 misceatur
639 635 706 698 huic
730 635 890 700 intensioni
913 645 945 698 et
967 639 1146 702 remissioni.

247 717 312 784 Sed
325 719 401 782 bene
426 721 527 800 habet,
552 725 629 805 qued
651 725 736 807 ipsae
751 726 843 790 etiam
857 725 1083 792 observationes
1105 729 1271 810 perfectum
1285 729 1427 793 circulum
1442 725 1507 790 GD

159 810 238 874 iufra
270 828 336 890 cap.
365 809 483 872 XLIV.
512 830 571 876 non
600 821 670 876 sunt
699 835 861 897 passurae:
898 835 954 880 nee
984 816 1148 881 imbecilles
1177 819 1255 881 istae
1278 821 1328 895 (nt
1349 819 1507 898 putantur)
1582 879 1586 889 Χ

161 898 382 980 speculationes
405 899 558 965 solitariae
583 903 766 980 consistunt,
791 912 934 987 tantoque
958 907 1054 970 miuus
1078 909 1232 971 calumniis
1256 917 1326 972 sunt
1348 906 1506 971 obnoxiae.

160 989 219 1052 Est
241 988 343 1070 itaque
366 990 463 1068 magis
486 999 735 1070 consentaneum,
769 993 910 1076 planetae
935 996 992 1075 ipsi
1016 996 1087 1059 nibil
1112 1017 1180 1060 esse
1204 1001 1292 1061 cuiae
1322 1015 1417 1078 nuque
1442 993 1508 1075 epi-

160 1079 276 1161 cyclum
298 1097 394 1159 neque
418 1081 630 1158 eccentricum,
663 1085 717 1146 sed
740 1101 828 1164 opus,
863 1085 942 1166 quod
969 1085 1033 1166 ipse
1056 1088 1172 1167 perficit
1203 1089 1316 1150 autad
1340 1085 1418 1168 quod
1441 1083 1508 1170 etli-
1632 1115 1664 1136 ι.

161 1168 297 1230 ciendum
311 1169 469 1245 concurrit,
494 1187 562 1234 esse
578 1171 636 1234 iter
651 1169 836 1237 libratorium
855 1174 886 1236 in
902 1175 1049 1239 diametro
1071 1171 1115 1257 γζ
1131 1178 1170 1240 ad
1193 1199 1223 1239 u·
1236 1176 1338 1242 Solem
1357 1175 1508 1239 tendente.

249 1255 411 1332 Quaeritur
429 1259 494 1340 jam
512 1279 661 1337 mensura,
685 1283 744 1346 qua
977 1328 982 1340 ,
1361 1331 1367 1342 ‚

160 1347 284 1430 planeta
309 1348 413 1427 justas
444 1348 578 1430 quolibet
608 1359 743 1431 tempore
956 1327 1009 1393 ¹²¹⁸·
1029 1325 1071 1378 ⁸⁹·
1340 1329 1395 1396 m·
1415 1324 1456 1377 ⁹⁰·

162 1437 744 1524 dictandasmetiatnr?Nobisquidem
1029 1405 1048 1456 ⁰

160 1545 299 1594 mensura
335 1533 422 1607 patet
451 1548 489 1590 ex
520 1530 686 1610 geometria
715 1540 746 1596 et

161 1616 324 1680 schemate.
371 1613 499 1687 Quoties
519 1619 598 1682 enim
621 1619 745 1700 planeta

161 1704 303 1770 aSblari
332 1703 444 1769 virtute
466 1717 621 1788 promotus
645 1717 693 1774 est
714 1712 745 1774 in
774 1726 794 1766 r

160 1795 271 1858 lineam
294 1791 368 1870 DA,
391 1815 448 1859 nos
469 1803 540 1860 tunc
569 1799 744 1880 inquirimus

161 1884 303 1966 angulum
335 1882 434 1961 CBD,
472 1887 558 1968 eique
588 1890 775 1971 aequalem·

162 1973 290 2038 lecimus
311 1975 395 2054 γβλ;
429 1984 472 2038 ee
492 1976 536 2040 sic
566 1983 610 2040 ud
638 1979 687 2042 vel
716 1980 744 2042 ei
788 1977 789 1980 ’

161 2063 317 2146 aequalem
339 2086 375 2124 ιιι
397 2063 523 2128 dicimus
541 2087 609 2130 esse
628 2067 745 2148 justam
864 2069 876 2080 ⁵

161 2152 303 2235 planetae
318 2152 387 2218 iuD
401 2156 553 2218 versantis
567 2156 743 2221 distantiam

161 2242 199 2307 ab
234 2243 275 2306 A.
336 2240 400 2306 Sed
434 2243 513 2308 hanc
556 2247 744 2328 propositam

162 2349 333 2398 mensuram
354 2332 524 2397 hominibus
542 2334 606 2416 jam
631 2335 743 2418 eripui-

38 2489 42 2498 ,
163 2442 229 2574 mqs
251 2421 404 2524 planetae,
429 2423 498 2485 dnm
520 2423 619 2506 ipsum
635 2445 673 2488 ex
687 2426 813 2510 epieycli
836 2425 1033 2509 amplitudine
1052 2427 1131 2490 intra
1145 2424 1281 2489 diametri
1300 2420 1338 2505 γζ
1356 2424 1513 2508 augustias

164 2531 195 2576 re
218 2530 343 2592 egimus.
984 2543 986 2548 .

249 2599 399 2681 Equidem
423 2599 454 2662 iu
483 2600 541 2664 bac
567 2603 759 2682 inquisitione
787 2604 906 2668 facilius
930 2603 1039 2667 dicitur
1062 2603 1132 2685 quid
1160 2622 1217 2666 non
1248 2605 1304 2678 sit,
1328 2622 1416 2685 quam
1440 2601 1512 2684 quid

163 2690 211 2754 sit.
247 2691 327 2753 Nam
352 2689 421 2769 quia
442 2689 566 2770 planeta
587 2693 745 2756 momentis
768 2694 816 2771 iis,
841 2695 946 2775 quibus
964 2715 983 2755 a
999 2693 1070 2759 Sole
1094 2693 1151 2756 fuit
1173 2694 1339 2756 collocatus
1363 2693 1393 2754 in
1416 2692 1513 2755 lineas

167 2800 205 2846 ex
227 2779 333 2860 Aper
357 2776 392 2853 G,
416 2780 455 2854 D,
477 2779 514 2856 E,
539 2782 573 2857 F,
599 2780 638 2851 G,
662 2783 691 2845 H
714 2785 831 2859 ductas,
855 2785 921 2863 ipse
945 2783 1065 2863 ponitur
1079 2783 1215 2845 effecisse
1230 2783 1394 2846 distantias
1409 2781 1513 2844 ordine

163 2871 234 2934 bas:
266 2889 326 2949 γα,
357 2892 407 2946 ια,
436 2865 569 2946 tenda,
601 2873 656 2946 λα,
690 2895 735 2936 ια.
783 2870 899 2944 Quodsi
925 2871 1018 2952 igitur
1043 2872 1095 2933 via
1116 2871 1258 2953 planetae
1282 2878 1330 2936 est
1359 2872 1513 2954 perlectus

165 2960 305 3034 circulus,
328 2965 400 3023 tunc
416 2957 590 3038 aequalibus
613 2961 751 3040 partibus
767 2961 925 3024 eccentrici
949 2961 1019 3038 (ll),
1043 2959 1113 3035 DE,
1138 2961 1198 3022 EF
1220 2960 1403 3041 respondent
1426 2959 1513 3022 inae-

165 3049 270 3130 quales
294 3047 457 3112 deaceusus
475 3049 617 3129 planetae
638 3049 670 3111 iu
693 3050 854 3126 diametro,
879 3067 984 3130 nempe
1007 3071 1044 3130 γι,
1065 3052 1107 3124 ιλ,
1127 3045 1175 3122 λζ,
1198 3057 1230 3111 et
1252 3051 1370 3130 quidem
1392 3047 1514 3110 turbato

165 3138 285 3214 ordine,
317 3135 361 3200 sic
391 3144 425 3198 nt
454 3155 512 3200 non
542 3139 673 3221 supremi
695 3139 759 3202 sint
781 3139 910 3214 minimi,
943 3138 993 3201 imi
1028 3138 1164 3213 maximi,
1197 3139 1251 3200 sed
1275 3143 1308 3199 ut
1340 3135 1428 3200 medii
1453 3135 1516 3199 sint

164 3226 286 3291 maximi
309 3229 363 3310 ιλ,ι
376 3226 503 3290 extremi
524 3251 562 3308 γι,
584 3223 627 3301 λζ
645 3228 783 3306 minores,
808 3236 839 3292 et
863 3229 968 3292 summi
989 3251 1019 3308 γι
1040 3228 1130 3309 paulo
1158 3225 1286 3290 minores
1313 3225 1381 3289 imis
1402 3220 1447 3299 λζ
1464 3245 1515 3288 re-

166 3316 393 3480 spondenqibus.
417 3313 496 3380 Sunt
510 3318 588 3381 enim
602 3320 744 3400 aequales
759 3341 795 3399 γιι
809 3327 841 3381 et
854 3313 904 3396 μζ,
922 3325 952 3380 et
966 3341 995 3398 γι
1013 3317 1110 3382 minor
1123 3335 1210 3397 quam
1225 3339 1269 3397 γιι,
1285 3311 1326 3389 λζ
1337 3333 1407 3378 vero
1421 3315 1517 3397 major

187 3426 256 3472 uam
323 3451 331 3467 .

167 3427 186 3490 q
255 3431 358 3578 adque
381 3494 457 3558 baec
479 3496 585 3559 eadum
599 3515 691 3561 cauea
714 3495 848 3600 impedit,
873 3515 931 3578 quo
954 3496 1050 3558 miuus
1073 3517 1111 3574 γι,
1130 3497 1171 3564 ιλ,
1195 3489 1236 3567 λζ
1253 3492 1517 3574 proportiouentur

164 3586 217 3649 vel
247 3583 431 3666 temporibus
455 3585 657 3649 confectorum
685 3586 853 3668 aequalium
883 3604 1004 3648 arcuum
1028 3583 1101 3661 GD,
1125 3582 1201 3657 DE,
1225 3583 1295 3659 EF,
1324 3584 1374 3646 vel
1397 3583 1515 3665 angulis

166 3677 207 3738 ad
231 3672 334 3738 Solem
358 3671 464 3749 OAD,
488 3673 595 3748 ΒΔΕ,
617 3674 719 3738 EAF.
766 3675 895 3755 Tempus
915 3674 993 3737 enim
1016 3693 1068 3736 seu
1091 3691 1176 3738 mora
1198 3673 1340 3753 planetae
1363 3673 1394 3736 in
1416 3673 1515 3754 parti-

165 3768 224 3830 bus
240 3763 400 3828 eccentrici
415 3764 600 3844 aequalibus,
625 3751 791 3840 OD,'DE,
814 3764 882 3841 EF,
908 3785 927 3827 a
949 3783 1063 3828 summo
1078 3764 1119 3825 ad
1140 3763 1230 3826 imum
1243 3762 1382 3826 continue
1405 3763 1515 3825 minui-

167 3865 234 3930 tur;
267 3853 369 3934 auguli
392 3853 432 3916 ad
454 3852 557 3918 Solem
579 3854 718 3918 continue
741 3860 903 3935 ungentum
936 3852 1112 3918 librationes
1144 3871 1215 3915 vero
1245 3875 1276 3932 γι
1308 3860 1453 3933 augentur
1484 3854 1516 3914 in

168 3943 277 4019 medio,
300 3950 335 4006 ut
356 3945 395 4008 sl.

256 4032 353 4114 Igitur
376 4031 403 4094 si
431 4031 490 4095 iter
510 4033 653 4113 planetae
675 4041 725 4096 est
745 4032 899 4112 perfectus
921 4032 1067 4107 circulus,
1100 4049 1240 4094 mensura
1262 4029 1424 4093 descensus
1446 4030 1516 4110 pla-
1612 4047 1613 4052 ¹

170 4131 260 4186 natae
284 4123 315 4184 in
331 4120 477 4184 diametro
499 4117 538 4202 γζ
558 4140 653 4203 neque
677 4129 794 4203 tempus
810 4127 867 4194 eet,
890 4139 986 4202 neque
1010 4120 1141 4203 spatium
1165 4119 1323 4184 eccentrici
1339 4117 1515 4203 conlectum,

171 4231 267 4294 neque
291 4209 418 4291 angulus
441 4211 479 4274 ad
503 4209 615 4276 Solem.
651 4210 693 4273 Et
715 4210 771 4273 bas
796 4210 913 4292 quidem
936 4227 1093 4273 mensuras
1117 4209 1210 4272 etiam
1233 4208 1375 4291 pbysioae
1408 4226 1517 4290 specu·

145 4311 147 4316 '
171 4301 303 4366 lotiones
326 4299 493 4380 repudiant.

261 4389 373 4463 Quidsi
387 4388 478 4470 igitur
491 4389 549 4453 hoc
563 4388 712 4452 dicamus:
734 4388 792 4451 etsi
810 4395 909 4452 motus
925 4387 1065 4469 planetae
1084 4388 1115 4452 in
1129 4387 1262 4471 epicyclo
1280 4403 1337 4447 non
1353 4383 1517 4466 contingat,

172 4481 216 4543 sic
239 4489 342 4544 tamen
366 4475 534 4560 dispensari
556 4479 634 4542 bunc
657 4477 857 4551 librationem,
879 4484 913 4540 ut
927 4477 1089 4542 distantiae
1112 4498 1132 4540 a
1154 4475 1226 4540 Sole
1249 4475 1416 4538 efficiantur
1433 4475 1518 4539 simi-

175 4569 221 4634 les
242 4569 292 4646 iis,
317 4585 394 4650 quae
417 4568 551 4632 existunt
573 4566 707 4650 epicyclo
729 4585 800 4629 vere
823 4567 968 4630 decurso?

263 4658 398 4723 Primum
419 4657 559 4720 tribuitur
581 4655 699 4732 virtuti,
727 4674 802 4736 quae
832 4657 971 4737 planetae
999 4655 1207 4740 proprisset,
1234 4651 1366 4734 cognitio
1393 4651 1520 4736 epicyeli

177 4746 347 4830 imaginarii
375 4746 495 4828 ejusque
523 4747 680 4810 effectuum
708 4745 740 4808 in
769 4745 941 4810 ordinandis
970 4744 1123 4810 distantiis
1150 4763 1169 4804 a
1199 4740 1286 4805 Sole:
1319 4739 1461 4806 tribuitur
1488 4749 1520 4806 et

177 4839 309 4922 cognitio
342 4835 461 4904 loturae
484 4833 650 4903 celeritatis
672 4843 705 4898 et
733 4835 901 4914 tarditatis,
930 4855 1019 4922 quam
1040 4839 1218 4902 causaturus
1247 4831 1289 4895 sit
1316 4838 1413 4900 motus
1436 4851 1519 4901 oenu-
