3680 5538
599 339 660 391 Pars
678 338 779 404 Quinta.
816 337 896 406 crpus
913 339 1001 392 nxm
1400 339 1463 408 ¹117

138 535 199 598 cap.
223 514 322 579 LXII.
361 518 466 596 Itaque
489 535 554 580 cum
576 516 696 598 planum
714 517 764 592 sit,
790 519 866 598 quod
890 517 1060 581 circumitur
1082 518 1120 579 ab
1143 517 1240 580 orbita
1258 517 1376 593 Martis,
1401 520 1466 600 ejus

139 606 286 670 inclinatio
311 605 485 685 adplenum
508 606 663 686 eclipticas
686 607 831 686 regularis
854 607 920 670 erit.
958 606 1086 686 Scriptis
1109 606 1186 669 euim
1210 607 1324 670 duobus
1347 608 1466 671 circulis

139 694 321 776 aequalibus,
343 696 438 757 altero
451 694 507 759 Dc
530 695 559 757 in
575 695 665 777 plano
684 695 849 776 eclipticas,
874 697 970 758 altero
983 697 1035 762 FB
1053 696 1082 758 iu
1100 697 1189 775 plano
1214 696 1328 758 orbitae
1344 697 1464 773 Martis,

140 804 173 846 cx
194 783 341 846 communi
371 790 472 845 centro
494 785 524 846 A
547 783 645 860 Solis,
678 785 734 848 hoc
764 793 811 848 est
838 787 868 848 in
897 806 956 848 una
985 795 1017 847 et
1046 787 1149 848 eadem
1181 785 1310 866 sphaera
1341 787 1466 849 lixarum

139 873 199 936 Soli
229 873 436 946 conceutrica,
468 873 525 934 erit
552 881 587 934 ut
616 874 698 936 sinus
725 875 781 938 BD
811 894 898 937 arcus
931 875 1009 936 inter
1038 874 1199 937 sectionem
1231 875 1405 936 circulorum
1435 884 1468 937 et

139 961 287 1050 quodlibet
308 971 448 1040 punctum
471 962 572 1024 circuli
595 963 708 1040 Martii,
731 973 805 1044 putu
826 964 870 1039 D,
894 964 931 1026 ad
955 964 1051 1026 sinum
1074 969 1180 1036 totum,
1204 963 1248 1024 sic
1271 963 1352 1026 sinus
1376 964 1466 1026 incli-

109 1043 113 1054 '
138 1049 266 1116 nationis
286 1050 341 1112 DF
362 1051 463 1131 puncti
485 1052 510 1112 F
533 1052 571 1113 ad
594 1052 689 1115 sinum
713 1051 775 1128 cn,
800 1052 1001 1116 inclinationis
1022 1053 1169 1116 maximae
1192 1051 1219 1113 Ε
1241 1052 1356 1117 limitis.
1403 1051 1464 1115 Or-

139 1139 230 1202 dinari
263 1158 333 1201 vero
351 1139 469 1215 ,eadem
500 1159 639 1204 mensura
671 1142 885 1205 declinationes
918 1141 1046 1204 omniurn
1076 1141 1215 1204 circuitus
1244 1149 1420 1220 punctorum
1447 1162 1468 1203 a

125 1230 224 1308 ,plano
256 1228 427 1308 eclipticae,
458 1247 549 1310 supra
577 1249 643 1314 cap.
666 1231 753 1296 XlIl.
785 1230 943 1312 probatum
966 1238 1014 1294 est
1042 1231 1282 1292 observationum
1312 1230 1467 1312 ingeniosa

137 1316 321 1380 mactatione.
367 1319 472 1399 Itaque
495 1319 576 1380 nulla
598 1328 700 1400 potest
722 1319 819 1382 afferri
842 1321 988 1382 instantia
1010 1329 1130 1382 nostrae
1154 1319 1321 1402 hypothesi.

220 1407 313 1468 Porro
344 1407 420 1470 duae
452 1409 642 1488 quaestiones
674 1409 810 1471 difficiles
840 1409 1042 1489 expediendae
1073 1416 1152 1470 sunt.
1199 1408 1308 1470 Altera
1331 1409 1367 1470 de
1390 1428 1465 1471 cou-

138 1496 245 1560 diticne
269 1496 355 1576 hujus
377 1495 585 1559 declinationis
607 1499 683 1574 axis,
707 1499 805 1560 altera
827 1498 864 1559 de
887 1518 944 1560 axe
966 1497 1042 1578 ipso.
1088 1496 1250 1569 Quaeritur
1264 1497 1350 1571 euim,
1374 1506 1466 1560 natu·
1501 1537 1505 1554 .

137 1586 205 1648 ralis
230 1586 271 1646 sit
293 1585 366 1647 lraeo
389 1587 454 1648 axis
469 1586 621 1649 inclinatio
636 1607 674 1648 an
692 1583 859 1663 rationalis,
883 1595 1008 1650 naturae
1024 1605 1183 1666 corporeae
1197 1605 1270 1666 opus
1288 1607 1325 1648 an
1340 1588 1463 1666 angeli?

137 1673 297 1746 Quaeritur
318 1675 458 1750 secundo,
483 1696 520 1736 an
535 1676 615 1738 idem
630 1695 750 1739 numero
766 1673 807 1738 sit
821 1676 886 1738 axis
900 1676 1100 1739 inclinationis
1124 1695 1188 1738 oum
1208 1695 1265 1738 axe
1283 1678 1462 1756 magnetico,

137 1762 213 1826 Solis
237 1763 428 1843 appetente?
456 1772 488 1825 et
511 1765 537 1826 si
555 1765 674 1840 diversi,
700 1767 845 1845 quomodo
863 1765 893 1828 in
909 1766 1013 1828 eodem
1027 1784 1148 1856 corpore
1162 1765 1303 1846 planetae
1317 1766 1464 1846 globoso?

136 1855 249 1933 Estque
273 1852 370 1914 altera
393 1854 479 1915 alteri
502 1853 631 1933 implexa
654 1855 799 1935 quaestio.

219 1943 398 2007 Naturalem
420 1961 496 2020 pone
524 1943 727 2016 credidissem,
749 1943 786 2005 ob
817 1942 1039 2005 similitudinem
1066 1941 1132 2022 ejus
1161 1942 1296 2017 virtutis,
1335 1945 1462 2023 quaein

135 2039 277 2110 magnete
292 2031 438 2095 naturalis
455 2038 486 2092 et
505 2032 570 2112 ipsa
584 2040 652 2094 est:
677 2033 734 2096 uisi
754 2031 934 2094 accessisset
949 2041 980 2094 et
995 2031 1188 2111 transpositio
1203 2033 1346 2094 nodorum
1356 2051 1461 2096 succc-

136 2121 237 2196 danea,
264 2139 340 2200 quae
364 2120 482 2182 omnino
505 2121 622 2183 videtur
644 2141 718 2201 opus
741 2141 807 2184 esse
831 2121 964 2198 rationis,
990 2121 1015 2183 si
1037 2139 1096 2182 non
1119 2121 1310 2184 discurrentis
1333 2129 1463 2184 atcerte

138 2210 306 2272 instinctas.
352 2208 430 2272 Nam
453 2209 703 2289 aequidistantem
726 2211 813 2274 situm
837 2229 954 2272 manere
979 2210 1075 2272 minus
1098 2218 1147 2272 est
1168 2210 1274 2272 mimm
1297 2211 1463 2291 ctpropius

137 2307 275 2372 naturae,
304 2317 391 2378 quam
414 2299 495 2377 prius
518 2300 548 2360 in
572 2301 693 2379 negotio
715 2299 956 2362 eccentricitatis.
1001 2299 1067 2360 lllic
1090 2299 1174 2366 enim,
1190 2299 1229 2361 ab
1253 2319 1308 2360 axe
1331 2298 1464 2362 virtuoso

137 2387 235 2451 Solem
267 2388 330 2467 peti
358 2388 506 2462 diximus,
537 2389 586 2450 hic
618 2389 713 2451 locum
745 2389 799 2451 sub
823 2389 889 2451 lixis
912 2386 1083 2468 longissime
1106 2386 1297 2451 distantibus.
1343 2384 1411 2451 Illic
1433 2390 1464 2451 vi

138 2477 220 2556 hujus
243 2477 432 2554 magneticae
456 2477 576 2540 virtutis
599 2477 678 2552 axis,
703 2479 876 2540 circumlato
899 2496 1028 2558 corpore,
1054 2478 1269 2540 convertendus
1288 2477 1396 2539 fuisset
1409 2498 1464 2540 nec

138 2566 194 2628 sibi
216 2566 276 2646 ipsi
299 2585 456 2628 mansurus
478 2567 693 2646 aequidistans,
718 2565 775 2632 nisi
797 2567 976 2630 retineretur
997 2586 1017 2628 a
1038 2566 1068 2628 vi
1082 2565 1256 2631 directionis
1273 2565 1389 2630 fortiori
1412 2576 1465 2630 aut

136 2655 204 2718 avi
226 2655 369 2732 animali,
391 2673 443 2716 seu
465 2656 545 2718 nuda
567 2676 619 2720 seo
641 2657 767 2719 rationis
790 2657 1048 2737 quomodocunque
1071 2656 1190 2736 capaci;
1219 2655 1266 2717 lric
1289 2655 1320 2716 vi
1342 2665 1463 2719 nostrae

136 2743 253 2808 virtutis
280 2744 455 2807 directoriae
475 2743 579 2823 ipsius,
602 2746 684 2809 nulla
706 2746 886 2808 necessitate
908 2745 1028 2808 virtutis
1051 2744 1187 2807 animalis
1206 2752 1257 2806 aut
1279 2744 1462 2809 ratiocinan-

136 2833 184 2906 tis,
211 2833 349 2913 sequitur
371 2833 433 2895 ista
455 2833 688 2912 aequidistantia
711 2835 786 2897 axis.
818 2834 886 2897 Nisi
907 2835 983 2896 forte
1007 2834 1073 2913 quis
1096 2834 1205 2896 ethos
1227 2833 1318 2895 menti
1341 2835 1461 2910 tribuet,

132 2923 206 3002 qood
249 2922 402 2985 diameter
447 2921 509 2984 ista
544 2923 718 2985 latitudines
761 2924 908 2998 efficiens,
957 2922 1081 3002 planeta
1122 2921 1151 2984 in
1186 2921 1330 2985 limitibus
1367 2924 1461 2987 collo-

31 3055 33 3061 ι
131 3020 213 3085 cato,
247 3011 363 3074 directe
394 3011 423 3072 in
447 3017 580 3074 centrum
602 3009 683 3079 Solis
705 3012 820 3087 tendit,
843 3020 932 3091 atque
955 3011 1011 3072 hoc
1033 3017 1122 3091 pacto
1145 3029 1183 3072 ex
1205 3009 1302 3072 orbita
1322 3011 1462 3092 planetae

130 3101 258 3164 circulus
279 3116 407 3180 unguor
430 3099 566 3174 edicitur,
591 3108 621 3164 et
643 3101 713 3162 nodi
733 3101 766 3162 in
788 3101 856 3164 loca
878 3119 915 3161 cx
929 3097 1001 3163 Sole
1025 3099 1165 3180 opposita
1181 3098 1365 3176 rediguntur.
1396 3097 1463 3171 Quo

130 3198 306 3270 argumento
340 3208 431 3270 supra
453 3207 567 3269 quoque
591 3208 655 3270 cap.
679 3184 829 3256 XXXIX.
866 3187 1005 3270 planetae
1032 3187 1147 3250 asserui
1174 3194 1343 3266 respectum
1370 3185 1461 3251 Solis.

130 3279 225 3359 Atqui
262 3299 325 3341 uon
352 3278 447 3340 omnis
474 3285 628 3358 respectus
650 3278 733 3342 Solis
755 3276 855 3359 arguit
874 3277 1021 3341 rationem
1041 3277 1242 3340 comitantem.
1289 3275 1367 3339 lllud
1390 3296 1462 3340 sane

129 3387 241 3444 verum,
267 3387 346 3441 eum,
368 3367 418 3450 qui
441 3367 565 3446 primum
589 3369 739 3432 ordinavit
759 3375 858 3430 motus
874 3367 1030 3440 coelestes,
1054 3365 1131 3428 hunc
1149 3384 1235 3428 axem
1249 3363 1293 3427 sic
1306 3365 1463 3441 direxisse,
1498 3389 1501 3406 ·

129 3465 162 3521 ut
184 3455 291 3520 Solem
324 3457 369 3531 (in
392 3457 472 3518 dicto
496 3455 571 3532 situ)
594 3456 774 3538 respiceret;
806 3465 838 3518 et
858 3455 982 3538 proinde
1005 3453 1129 3525 consiliu
1153 3471 1324 3536 summaque
1346 3455 1462 3518 ratione

128 3565 211 3610 usum
235 3566 317 3610 esse.
354 3547 400 3608 At
420 3544 478 3607 istc
501 3553 655 3628 respectus
670 3547 751 3611 Solis
772 3545 894 3608 retineri
912 3547 977 3626 jam
1000 3563 1088 3624 porro
1110 3552 1212 3623 potest
1227 3543 1304 3608 citra
1321 3551 1461 3621 mentem,

128 3636 194 3698 sola
218 3635 395 3698 constantia
416 3635 602 3714 magneticae
624 3636 787 3698 facultatis.
825 3633 926 3707 Quieti
949 3633 1027 3696 enim
1049 3633 1174 3696 similior
1188 3638 1237 3696 cst
1250 3652 1337 3712 quam
1350 3635 1461 3709 motui;

128 3725 297 3788 materialis
327 3723 433 3803 igitur,
458 3742 515 3786 uon
547 3726 696 3788 mentalis.
751 3721 825 3788 Sola
860 3724 950 3804 igitur
980 3722 1105 3786 variatio
1140 3722 1228 3803 hujus
1250 3722 1461 3800 inclinationis,

50 3815 57 3830 '
129 3833 216 3895 quam
251 3813 380 3876 dicimus
411 3813 638 3877 translationem
660 3815 802 3876 nodorum
825 3833 966 3876 successu
988 3812 1171 3886 seculorum,
1199 3812 1295 3874 adhuc
1318 3811 1348 3874 in
1372 3833 1463 3877 causa

126 3910 242 3980 manet,
282 3902 423 3964 educens
453 3900 513 3963 vim
539 3901 694 3966 motricem
727 3903 794 3984 plus
823 3922 911 3984 quam
937 3902 1102 3966 naturalem
1130 3920 1183 3963 seu
1214 3919 1386 3982 corpoream
1409 3923 1462 3965 seu

128 3993 231 4072 quales
270 3998 343 4056 suut
378 3991 505 4054 virtutes
533 3992 730 4070 magneticae.
783 3993 825 4067 Et
854 4001 954 4056 minen
986 3998 1140 4070 numque
1174 3990 1274 4072 potius
1296 3993 1461 4055 censuerim

128 4081 385 4163 conjungendam,
424 4099 511 4163 quam
538 4081 632 4142 solam
655 4081 830 4145 rationalem
851 4080 1026 4161 ponendam.
1071 4079 1183 4143 Pareat
1204 4080 1251 4143 vis
1273 4080 1459 4160 magnetica3

127 4171 241 4250 praesit
272 4169 353 4234 ratio
375 4169 459 4234 illam
481 4169 665 4250 gnbemans,
697 4178 731 4234 ut
756 4169 839 4252 prius
861 4169 952 4232 etiam
975 4187 1038 4249 cap.
1062 4169 1161 4234 LVII.
1186 4169 1226 4232 de
1246 4169 1357 4231 uirtute
1379 4169 1460 4234 Solis

127 4267 289 4340 appetente
318 4258 454 4322 diximus.

211 4349 283 4414 Hau
317 4347 491 4428 quaestione
521 4345 565 4410 sic
597 4347 735 4428 expedita
757 4347 889 4428 sequitur
911 4347 1017 4410 altera
1062 4345 1140 4410 Nam
1163 4345 1306 4410 sinirtus
1329 4347 1397 4410 ista·
1411 4350 1460 4412 di-

126 4440 258 4502 rectoria
282 4445 393 4500 estex
415 4435 601 4516 magneticis,
625 4436 784 4518 corporeis,
809 4435 1008 4500 naturalibus:
1038 4435 1202 4516 subjectum
1225 4435 1290 4516 ejus
1313 4436 1371 4499 crit
1393 4457 1460 4500 cor-

128 4545 191 4607 pus.
239 4527 293 4592 An
319 4525 411 4606 igitur
432 4525 496 4589 lieri
518 4525 624 4605 possit,
646 4535 682 4589 ut
704 4527 808 4588 eadem
828 4525 883 4588 illa
904 4523 1058 4602 diameter,
1082 4525 1161 4590 Solis
1184 4530 1328 4604 appetens
1350 4527 1399 4588 vel
1421 4528 1460 4589 ab

126 4635 160 4678 eo
184 4617 321 4698 fugiens,
345 4613 535 4677 inclinatione
560 4614 605 4676 sui
628 4616 667 4677 ad
690 4613 857 4695 eclipticam
879 4614 970 4677 etiam
988 4615 1177 4678 administret
1191 4613 1267 4674 bano
1281 4613 1459 4680 declinatio-

126 4725 190 4768 nem
213 4707 361 4787 plauctae
385 4703 422 4766 ab
445 4702 606 4784 ecliptica?
651 4703 685 4768 Si
707 4704 776 4766 nodi
795 4705 990 4784 jungerentur
1012 4703 1182 4786 apsidibus,
1196 4702 1307 4767 limites
1328 4702 1460 4786 longitu-

125 4795 242 4858 dinibus
268 4791 394 4867 mediis,
427 4793 542 4855 omniuo
570 4794 674 4856 cadem
701 4802 784 4856 esset
807 4791 951 4857 diameter
979 4803 1011 4858 et
1037 4789 1268 4855 eccentricitatis
1292 4800 1323 4855 et
1351 4793 1457 4858 latitu-

125 4883 202 4947 dinis
226 4882 418 4946 administra.
456 4879 575 4946 Dictum
599 4885 674 4947 euim
689 4902 753 4965 cap.
774 4883 888 4958 Lvffl,
910 4884 1097 4958 diametrum,
1121 4901 1195 4962 quae
1210 4881 1461 4950 ecoentricitatem

91 4987 98 5004 ·
199 4987 292 5045 ¹·r1021
306 4988 384 5044 ⁰r·=a
398 4987 433 5028 1²
1216 4986 1249 5039 nu
