3582 5558
302 297 366 367 116
719 305 819 360 armas
837 305 939 374 Kapros
962 305 1111 374 ovinaque
1129 317 1231 360 muno

299 483 398 546 nullas
431 501 518 544 arces
541 481 748 562 adhibuerunt,
773 487 886 550 lectum
910 495 959 551 eet
986 457 1030 550 ex¹
1055 487 1227 569 ignorantia
1257 502 1415 552 causarum
1449 483 1656 568 physicarum,

299 593 374 655 ques
397 571 427 634 in
451 572 549 634 lucem
567 573 632 654 jam
655 575 775 655 protuli.
805 577 862 638 'ln
887 576 982 640 omni
1005 577 1209 640 novatione
1232 576 1403 658 imperiti
1425 575 1656 639 irascuntur.

386 678 570 734 l'sbricius:
596 678 707 731 Necesse
725 688 772 740 est,
799 681 871 744 nid
890 684 991 734 nonsit
1007 685 1034 734 in
1052 683 1076 734 D
1094 683 1139 734 sed
1156 685 1182 734 in
1201 682 1223 734 0
1242 689 1349 748 puncto.
1375 684 1395 733 si
1423 680 1657 748 prosthspbaeocsis

301 757 327 802 et
346 750 481 800 distantiae
504 753 634 803 convenire
662 751 760 802 debent.
798 756 833 804 At
859 763 887 804 tu
914 756 1063 820 geometrice
1082 770 1112 806 ex
1129 755 1321 820 praesuppositis
1340 753 1441 806 ostende
1460 769 1503 818 per
1521 752 1658 818 ιιὶιιιςιιΙι,

298 821 418 888 quomodo
436 822 469 870 sit
486 822 512 872 in
532 819 563 880 0,
582 823 620 873 sel
638 823 754 878 ostende.
778 825 897 891 quomodo
917 826 964 877 Do
984 827 1134 894 inquiratur.
1162 835 1188 876 et
1205 825 1324 890 quomodo
1344 825 1389 878 AO
1409 839 1492 876 seram
1511 824 1658 874 distantiam

299 894 357 951 det',
388 901 415 942 et
436 891 502 942 Odi*
533 895 659 946 verissima
686 896 812 947 mensalia
838 897 877 948 sit
914 897 970 949 Hoc
996 899 1070 948 selim
1096 897 1155 948 mihi
1183 897 1300 948 ostendas
1326 903 1353 949 et
1379 895 1520 948 satisfacias
1552 893 1657 946 undem

301 969 594 1117 magneglan&
633 1037 766 1100 Rursum
799 1059 844 1101 ms
878 1059 982 1119 urges,
1013 1049 1047 1103 nt
1074 1039 1255 1120 geometrice
1284 1037 1424 1101 deliniam
1451 1045 1594 1119 punctum
1618 1035 1657 1112 O,

305 1144 406 1192 eroum
420 1123 488 1200 ΒΟ,
505 1125 615 1188 lineam
628 1125 699 1201 AO,
716 1130 858 1207 angulum
877 1128 971 1196 OAF.
1009 1131 1077 1193 h'on
1093 1141 1141 1193 est
1157 1148 1280 1192 necesse
1295 1147 1350 1190 nec
1364 1127 1517 1208 possibile,
1533 1136 1569 1188 nt
1583 1125 1655 1200 dixi,

302 1215 395 1276 habet
425 1213 502 1275 euim
525 1213 580 1277 FO
604 1235 692 1279 arene
719 1218 861 1298 ellipseos
893 1239 978 1282 suum
1006 1239 1112 1282 nomen
1146 1219 1227 1282 alind
1260 1237 1349 1300 qoem
1371 1217 1439 1280 FE:
1472 1217 1574 1300 itaque
1598 1229 1657 1278 non

301 1295 413 1366 debent
435 1303 498 1366 ists
520 1323 557 1367 ex
580 1305 632 1367 Fi}
655 1308 778 1373 exstrui.

392 1409 574 1460 Fabricius:
600 1411 650 1462 Cur
661 1427 710 1463 non
723 1429 753 1464 ex
766 1419 851 1464 centro
870 1415 1001 1466 ecceutsici
1020 1415 1128 1466 mediam
1147 1413 1191 1465 aui
1209 1413 1343 1479 simplicem
1361 1411 1510 1463 sncmslians
1528 1411 1659 1462 ιοιιιιίιιιιι

307 1489 334 1533 et
351 1481 409 1546 inde
428 1495 458 1532 ex
476 1489 568 1546 puncto
581 1481 599 1534 S
611 1485 696 1536 ιιιιίιιι
710 1485 731 1536 0
749 1493 867 1550 punctum
884 1501 968 1538 rerum
986 1488 1034 1538 loci
1046 1487 1071 1549 ό
1085 1488 1113 1537 iu
1129 1500 1175 1537 suc
1194 1485 1271 1550 ellipsi
1290 1485 1443 1536 demonstras
1462 1491 1489 1535 et
1506 1479 1609 1534 tssdem
1626 1497 1660 1534 sa

305 1570 335 1605 eo
354 1558 445 1618 puncto
464 1559 562 1604 ostenso
581 1556 732 1608 verissimam
751 1563 777 1607 et
794 1565 959 1624 coaequatum
977 1559 1127 1612 anomsliaus
1144 1549 1294 1624 geometrice
1315 1563 1341 1608 et
1353 1557 1515 1608 uucnomics
1536 1548 1659 1606 amiel

320 1687 325 1696 .
390 1639 594 1722 Keplerus:
619 1644 713 1709 Jubes
737 1667 774 1708 ex
799 1656 901 1710 centro
924 1649 1085 1712 eccentrici
1109 1647 1292 1710 constituam
1314 1645 1444 1708 mediam
1467 1644 1661 1718 anomaliam,

304 1752 346 1796 sc.
372 1738 406 1793 ut
428 1730 504 1796 SBF
527 1731 569 1796 sit
592 1735 701 1798 media.
748 1737 885 1818 Iniquum
916 1738 1114 1818 postulatum
1147 1739 1191 1800 sic
1221 1737 1301 1800 enim
1333 1745 1366 1798 st
1392 1735 1568 1798 Ptolemaeo
1598 1735 1660 1796 im-

301 1820 443 1903 perabis,
468 1829 501 1882 ut
523 1821 617 1885 lsoisc
639 1833 751 1888 motum
776 1827 936 1890 ecccntrici
959 1828 1117 1908 aequalem
1140 1847 1198 1890 non
1221 1827 1302 1888 circa
1316 1825 1476 1906 sequentis
1498 1823 1554 1886 sed
1576 1821 1662 1886 circa

289 1906 459 1992 ¹proprium
482 1920 626 1976 centrum.
673 1912 734 1977 Sed
760 1916 836 1978 forte
860 1916 908 1978 hic
932 1925 963 1978 te
986 1936 1045 1978 non
1069 1917 1221 1997 intelligo,
1254 1915 1383 1978 mediam
1407 1913 1577 1994 quantitate
1609 1913 1661 1972 in-

304 2000 503 2080 telligentem,
529 2021 617 2082 quem
641 2022 697 2082 ego
721 2005 788 2067 dieo
813 2005 953 2070 sccsntri.
1001 2006 1084 2069 Tunc
1107 2007 1164 2068 hcc
1186 2005 1323 2086 quaeris,
1348 2023 1399 2086 cor
1417 2021 1476 2068 uon
1499 2000 1580 2066 BDS
1603 2003 1663 2064 sed

302 2089 404 2170 potins
418 2088 473 2152 ΒΕ
488 2091 582 2154 facist
604 2093 787 2156 anomaliam
810 2094 951 2170 eccentri,
976 2103 1006 2158 et
1030 2115 1091 2170 cur,
1117 2113 1192 2176 quae
1215 2094 1292 2156 iacit
1313 2093 1492 2178 anomaliam
1517 2091 1660 2164 occentri.

303 2197 422 2241 canon
446 2181 589 2242 ostendat
612 2183 745 2246 sectione
769 2183 815 2246 sui
840 2203 906 2246 cnm
929 2183 1065 2265 elliptlca
1088 2185 1185 2247 locum
1208 2183 1374 2263 planetae?
1418 2179 1601 2261 Respondes
1627 2189 1663 2242 ut

304 2287 411 2346 snpra,
447 2267 500 2332 ΒΕ
523 2289 556 2332 se
581 2270 648 2351 ipsa
670 2291 728 2336 non
754 2281 803 2334 est
826 2273 977 2336 anomalis
1000 2273 1145 2350 eccentri,
1176 2292 1243 2335 cum
1265 2273 1392 2353 planeta
1414 2270 1445 2334 in
1467 2272 1521 2334 ΕΙ)
1545 2277 1663 2343 currat,

305 2357 367 2420 sed.
382 2366 431 2421 est
452 2357 505 2420 ΓΕ
535 2360 720 2422 solummodo
752 2381 858 2426 nomen
891 2364 985 2444 ipsius
1008 2364 1081 2426 FD:
1111 2370 1143 2425 et
1165 2363 1199 2424 fit
1221 2362 1286 2442 ejus
1311 2379 1417 2423 nomen
1447 2379 1507 2422 non
1529 2377 1583 2439 per
1606 2358 1664 2420 ΕΒ

305 2446 359 2508 sed
391 2465 445 2526 per
467 2445 532 2522 EC,
565 2450 649 2530 cnjus
673 2450 809 2513 rationes
841 2471 899 2514 non
923 2472 961 2514 ex
992 2451 1180 2516 astronomia
1207 2451 1261 2513 sed
1289 2470 1326 2513 ex
1354 2449 1465 2512 conicio
1497 2447 1662 2528 peteudec.

306 2535 390 2598 Nihil
409 2535 538 2599 interest
556 2540 730 2616 astronomi,
755 2541 843 2622 quale
867 2561 975 2604 nomen
1000 2541 1124 2605 cuilibet
1146 2549 1255 2623 puncto
1275 2539 1392 2620 ellipsis
1407 2540 1485 2611 dem,
1502 2537 1664 2602 dummodo

305 2623 386 2686 illius
403 2625 551 2704 angulum
575 2636 606 2690 et
633 2647 736 2692 omnes
760 2629 923 2692 distantias
954 2631 1070 2694 metiar.
1117 2630 1152 2694 Si
1179 2630 1287 2694 metiar
1314 2648 1368 2710 per
1391 2628 1545 2702 circulum,
1571 2627 1664 2689 liscile

184 2780 193 2800 x
305 2712 365 2774 lert
398 2723 606 2793 astronomus,
630 2718 699 2780 dnm
733 2719 850 2794 lateas,
884 2719 1025 2782 circulum
1058 2721 1134 2782 hunc
1150 2723 1225 2783 'uon
1258 2739 1295 2780 ex
1328 2716 1514 2782 astronomis
1545 2715 1599 2778 sed
1624 2733 1665 2779 ex

307 2802 420 2866 conlcis
443 2803 622 2868 desumtum.

395 2891 575 2944 l'sbrioius:
594 2893 647 2958 (die
659 2894 773 2947 Psschae
791 2910 814 2944 r.
827 2901 859 2947 ιι.
874 2894 980 2959 idom:
999 2896 1025 2949 S.
1039 2897 1067 2949 P.
1086 2895 1143 2948 Non
1162 2902 1221 2962 puto
1240 2897 1284 2948 tibi
1302 2895 1433 2948 molestum
1451 2895 1511 2953 inre.
1531 2898 1664 2958 prmu-

308 2963 402 3015 tlssime
420 2965 651 3018 mathematicorum
668 2967 745 3016 nostri
763 2968 841 3017 seculi
856 2970 978 3034 princeps,
1003 2978 1029 3019 et
1047 2969 1126 3020 amics
1150 2968 1279 3034 plurimum
1297 2967 1454 3028 honorande,
1474 2967 1495 3016 si
1512 2965 1612 3032 saepius
1631 2965 1666 3014 ad

263 3038 266 3047 '
306 3045 333 3087 te
350 3035 472 3096 scribam,
500 3035 566 3110 licet¹
587 3055 642 3089 mso
669 3038 750 3089 studio
777 3045 833 3088 tuos
851 3041 990 3090 Atlanticus
1015 3041 1110 3092 labores
1138 3053 1224 3104 pamm
1248 3041 1335 3102 iurare
1353 3045 1398 3089 aut
1415 3037 1542 3090 sublevare
1560 3037 1664 3101 possim.

306 3109 370 3159 Puto
389 3111 474 3159 tdmsu
491 3107 661 3180 nihilomiuus.
689 3109 808 3173 ejusmodi
826 3112 970 3175 scriptiones
987 3119 1087 3162 mutuas
1105 3125 1176 3162 suum
1193 3110 1285 3162 habers
1303 3111 1422 3169 hactum,
1450 3109 1515 3176 quod
1531 3121 1611 3172 steps
1631 3108 1666 3159 ιιΙ

307 3181 358 3230 alia
376 3183 502 3246 nunqnam
521 3189 598 3234 ιιιιιι
615 3184 731 3248 cogitata
747 3182 902 3234 occasionem
919 3184 1057 3248 praebeant
1068 3182 1107 3234 sel
1124 3184 1189 3234 riam
1206 3187 1326 3234 stemsnt
1347 3182 1410 3232 Earn
1421 3182 1453 3234 ob
1466 3194 1569 3232 causssn
1581 3178 1666 3230 Τιιιιιι

307 3251 491 3304 Pmestsntiam
510 3268 605 3318 quoque
623 3259 763 3306 reverenter
780 3261 894 3318 rogatam
912 3254 974 3310 volo.
994 3269 1026 3304 ne
1044 3269 1116 3306 meas
1134 3255 1313 3317 importunitati
1332 3254 1432 3304 crebrae
1450 3264 1608 3310 succensens,
1631 3250 1666 3302 ad

306 3336 381 3388 quam
400 3319 522 3375 Uranicus
540 3325 582 3376 ille
600 3326 706 3390 impetus
724 3337 764 3373 ms
781 3324 899 3389 impellit3
927 3333 953 3376 st
980 3327 1060 3377 lateor
1087 3331 1153 3378 certe
1180 3325 1301 3391 ingenue,
1328 3325 1376 3374 nisi
1403 3331 1430 3374 tn
1457 3321 1516 3372 mihi
1535 3323 1561 3372 in
1579 3321 1667 3371 multis

308 3396 379 3460 qnasi
408 3395 531 3448 Ariadnes
548 3396 616 3446 filum
636 3405 663 3448 ct
681 3395 808 3459 Cynosura
826 3397 926 3454 luisses.
951 3400 1004 3460 jam
1031 3397 1122 3448 dudmn
1147 3405 1246 3462 propter
1272 3397 1391 3446 nonnulla
1418 3395 1492 3446 dubia
1515 3395 1540 3443 in
1559 3393 1667 3444 salebris

310 3466 413 3518 haerere
432 3473 533 3518 coactns
551 3469 660 3529 missam,
679 3469 752 3516 immo
768 3468 821 3528 jam
839 3469 913 3532 plane
932 3469 1077 3531 obiecissem
1096 3483 1223 3532 operosum
1241 3467 1288 3518 hoc
1306 3469 1421 3518 studium.
1448 3468 1539 3516 Attus
1554 3471 1584 3516 nt
1600 3465 1666 3516 dde-

307 3539 394 3588 lissinsi
406 3543 433 3587 et
450 3540 552 3604 ingenui
570 3539 737 3604 praeceptoris
755 3539 909 3590 institutione
928 3540 1037 3603 adiutus,
1056 3541 1142 3604 majori
1160 3554 1256 3604 quoque
1276 3538 1356 3589 studio
1375 3538 1516 3603 complexus
1528 3551 1582 3586 suns
1595 3536 1668 3590 lsauc

307 3617 417 3660 nostram
436 3609 564 3660 Uraniam.
594 3610 670 3678 Spero
688 3623 792 3676 quoque,
811 3617 837 3660 te
855 3613 955 3661 minime
974 3611 1089 3676 deinceps
1109 3611 1300 3668 commissurum,
1323 3617 1352 3661 ut
1369 3625 1401 3660 ea
1418 3613 1454 3660 sic
1471 3609 1539 3662 hisce
1557 3609 1584 3658 in
1601 3607 1668 3660 locis

307 3681 454 3732 collabatur.
475 3681 541 3730 ¹Per
555 3681 663 3734 hiemem
691 3689 759 3732 tuam
786 3680 932 3746 hypothesin
951 3697 981 3732 cx
999 3684 1061 3734 meis
1079 3682 1288 3732 observationibus
1307 3681 1453 3732 examinati.
1492 3681 1562 3730 Deus
1585 3677 1667 3730 hone!

307 3761 381 3818 qnam
399 3752 471 3802 valde
490 3747 639 3804 exhilaratus
658 3768 725 3810 snm,
755 3765 811 3802 cum
828 3753 957 3804 radiatam
976 3753 1063 3804 calculi
1082 3761 1180 3804 tantam
1206 3753 1313 3804 riderem
1332 3761 1358 3803 et
1375 3761 1455 3802 motus
1474 3767 1504 3803 ex
1522 3759 1567 3802 tus
1583 3751 1663 3815 hypo-

307 3823 371 3877 thesi
399 3831 481 3876 erutos
509 3823 579 3877 coslo
597 3826 752 3878 exscissime
771 3826 901 3875 convenire
920 3830 945 3875 st
963 3826 1015 3890 ipae
1034 3839 1214 3891 cognoscerem.
1252 3825 1325 3874 Mitto
1348 3837 1417 3874 mess
1440 3823 1559 3889 quasdam
1577 3824 1664 3873 obser·

787 3897 898 3947 vationes
917 3898 984 3948 circa
1010 3911 1149 3962 apogaeum
1167 3903 1193 3947 et
1210 3898 1372 3962 perlgaeum,
1401 3897 1460 3946 item
1479 3897 1545 3946 circa
1564 3896 1666 3946 medias

785 3957 960 4034 longitudines.
1009 3967 1068 4018 Sola
1095 3970 1157 4018 ratio
1182 3968 1324 4032 explorandi
1354 3969 1565 4018 eccentricitatem
1596 3967 1666 4018 orbis

786 4041 863 4091 ιιιιιιιί
889 4055 933 4104 per
953 4037 968 4088 ³
987 4039 1126 4104 parallares
1146 4040 1178 4090 ad
1198 4055 1274 4089 unum
1302 4041 1433 4092 eccentrici
1466 4039 1547 4090 locum
1573 4038 1664 4102 defuit,

785 4127 836 4162 uon
854 4112 918 4176 quod
937 4113 1118 4161 communicata
1137 4118 1213 4162 antea
1231 4119 1285 4161 ste
1302 4111 1362 4161 mihi
1378 4126 1428 4161 nou
1447 4116 1522 4168 esset,
1541 4109 1583 4162 sed
1595 4111 1666 4176 quod

686 4239 689 4252 Ι
785 4185 812 4233 in
830 4183 885 4246 ipsa
902 4183 1043 4252 pragmatio
1067 4182 1226 4233 dificultates
1250 4191 1327 4234 sntea
1344 4197 1394 4234 uon
1421 4183 1590 4233 consideratas
1618 4189 1667 4234 aet

787 4261 899 4319 speratas
926 4253 1135 4318 deprehenderim.
1162 4253 1266 4305 concise
1292 4254 1391 4320 quidem
1417 4261 1444 4304 et
1469 4255 1523 4306 sine
1549 4254 1666 4320 exemplo

789 4327 832 4376 abs
851 4333 877 4376 ts
894 4326 987 4376 tradita
1005 4333 1077 4376 erant
1095 4323 1131 4390 (p.
1152 4323 1205 4385 top.

877 4389 983 4448 Collatio
1010 4397 1077 4446 enim
1104 4411 1176 4448 meus
1199 4397 1232 4447 ad
1261 4403 1372 4449 connum
1392 4395 1412 4446 C
1431 4395 1498 4461 dupli
1523 4401 1549 4446 et
1576 4395 1666 4462 anguli

702 4529 704 4536 s
790 4467 890 4518 nimrim
909 4469 942 4517 ad
960 4470 983 4518 A
1002 4470 1110 4520 eccentri
1138 4468 1308 4519 difficultatem
1336 4469 1429 4531 injecit
1467 4469 1520 4532 Ego
1546 4481 1576 4517 aa
1598 4470 1665 4519 meis

677 4582 680 4590 1
789 4537 998 4590 observationibus
1016 4541 1065 4590 trit
1083 4539 1181 4600 loca,0'
1204 4541 1352 4604 apparentia
1370 4541 1402 4590 ad
1426 4553 1503 4590 nuum
1528 4541 1666 4590 twenmioi

788 4617 907 4673 punctum
926 4613 1011 4675 accepi
1031 4619 1056 4662 st
1069 4612 1116 4663 ieci
1128 4613 1178 4662 ΚΔ
1189 4605 1268 4668 icoo.
1282 4617 1308 4661 et
1325 4611 1351 4661 ln
1364 4623 1395 4662 ea
1413 4611 1566 4675 proportione
1580 4610 1666 4662 latsrs

789 4681 842 4736 ΔΕ.
861 4681 913 4739 AF,
927 4684 972 4732 AG
990 4685 1110 4748 inquisivi,
1128 4691 1220 4750 etpost
1238 4698 1282 4747 per
1293 4683 1347 4740 ΔΕ,
1360 4683 1404 4732 Al*
1418 4697 1473 4732 cum
1486 4681 1665 4746 comprehenso

788 4753 900 4818 inquisivi
918 4753 991 4810 EFA,
1010 4756 1069 4804 item
1088 4755 1160 4806 FEA.
1189 4755 1230 4804 nd
1248 4753 1354 4812 eundem
1372 4753 1471 4804 modum
1488 4769 1532 4820 per
1544 4753 1595 4811 AF,
1614 4753 1665 4803 st}

789 4840 845 4876 cum
864 4825 929 4876 FAG
948 4825 1055 4890 quaesivi
1074 4825 1140 4876 AFG
1158 4833 1185 4876 et
1203 4825 1285 4883 AGF3
1311 4827 1347 4876 sic
1369 4826 1440 4874 tertio
1463 4826 1573 4894 quaesivi
1592 4825 1662 4875 ΔΘΕ
1682 4863 1690 4877 .

789 4897 865 4948 Alis.
927 4896 988 4946 Post
1015 4895 1078 4945 FEA
1117 4903 1142 4948 et
1176 4897 1245 4947 GEA
1270 4909 1286 4947 a
1311 4913 1338 4948 se
1365 4897 1470 4948 invicem
1496 4895 1608 4948 subtraxi
1635 4903 1664 4952 ct
