3630 5534
674 327 800 382 snm
825 281 1007 377 sors-ross.
1452 313 1517 386 573

249 511 303 578 Hic
323 509 447 583 sequitur
475 524 552 565 meus
572 507 757 580 Tycbouioum
776 507 804 561 ln
824 512 948 578 tempore
967 505 1049 561 medii
1070 505 1180 578 aequali
1203 500 1278 572 3¹t2‘,
1301 505 1366 580 quia
1385 501 1516 580 aequatio
1632 564 1636 573 ‚

171 591 278 668 quidem
297 592 363 648 mibi
384 599 428 646 est
448 593 552 656 eadem,
573 587 696 644 reductio
715 605 781 642 sero
802 590 837 642 ad
857 595 959 642 metam
979 586 1178 643 obscurationis
1199 590 1336 644 maximae
1351 597 1438 645 toturn
1453 605 1517 644 con·

169 675 234 730 nott.
274 672 462 742 Latitudinem
481 672 572 726 babeo
592 669 731 740 majorem,
754 668 818 740 quia
838 675 868 723 et
888 668 1009 740 angulus
1029 669 1094 722 mihi
1114 669 1203 738 major
1222 677 1252 726 et
1271 673 1358 727 nodus
1378 672 1467 743 magis
1489 671 1516 723 in

169 751 314 827 sequeutia
342 744 407 815 a)
441 751 555 806 distans.
597 750 650 804 Hio
678 749 762 804 etiam
790 749 901 804 dimidia
929 749 1037 803 duratio
1065 749 1132 803 mihi
1152 753 1256 816 minor,
1279 759 1407 824 essetque
1428 753 1515 806 multo

169 831 270 897 minor,
298 833 351 888 nisi
378 832 444 888 mibi
465 831 572 886 auctior
590 832 701 894 umbra,
722 829 879 884 diminutior
898 821 935 892 ])·
976 831 1035 884 Nec
1054 831 1140 883 multo
1162 839 1255 887 tamen
1275 834 1340 888 mibi
1362 835 1448 886 minor
1469 835 1516 886 de-

168 917 266 980 lectus,
288 913 342 968 etsi
356 914 442 968 multo
456 912 545 982 major
558 912 684 968 latitudo.
713 911 783 965 Nam
799 911 929 981 scrupula
943 911 1049 982 quidem
1063 911 1187 968 defectus
1212 915 1345 984 pauciora
1364 914 1463 980 babeo,
1486 914 1517 967 ai

168 996 249 1052 simul
270 1001 300 1049 et
320 986 347 1058 3
372 995 533 1048 diametrum
554 992 715 1060 breviorem.
1464 1045 1472 1055 ,

248 1075 325 1139 Quod
345 1091 411 1130 vero
433 1073 652 1128 observationem
673 1071 776 1126 attinet
796 1070 959 1142 quantitatis
980 1073 1112 1138 defectus,
1134 1075 1186 1129 illa
1206 1089 1272 1129 sane
1293 1081 1437 1148 utrumque
1453 1091 1515 1128 nos·

166 1163 239 1212 trum
258 1155 403 1228 redarguit
423 1153 548 1219 fortiter,
578 1152 668 1225 magis
689 1159 783 1207 tamen
803 1151 996 1222 Tychonicum.
1036 1155 1128 1208 Minor
1148 1155 1219 1210 enim
1239 1155 1300 1218 fuit,
1322 1156 1410 1225 major
1430 1155 1517 1228 igitur

166 1237 305 1302 latitudo,
336 1252 369 1290 ac
398 1236 512 1306 proinde
540 1236 628 1306 nodus
657 1231 823 1303 promotior,
855 1227 1004 1303 quippe)
1035 1249 1175 1306 sequens:
1201 1236 1316 1290 Accedit
1340 1231 1426 1308 igitur
1446 1237 1516 1292 haec

167 1317 279 1390 eclipsis
300 1318 334 1374 ad
355 1317 472 1371 classem
491 1315 680 1387 posteriorem,
702 1313 733 1366 in·
751 1328 806 1384 qua
826 1319 890 1366 sunt
909 1315 958 1380 IX,
979 1316 1015 1381 X,
1036 1316 1085 1372 Xl.

246 1396 484 1453 considerabimus
506 1401 599 1452 tamen
619 1395 704 1449 etiam
724 1393 934 1448 declinationem
955 1396 983 1450 in
1003 1397 1092 1467 prims
1112 1397 1192 1467 pbasi
1215 1399 1402 1461 observatam,
1424 1414 1460 1455 an
1481 1413 1518 1453 ea

166 1479 244 1536 nobis
260 1477 453 1548 adstipuletur.
474 1477 503 1532 Si
518 1476 589 1531 enim
604 1474 723 1545 supremi
737 1489 820 1528 cornu
834 1475 983 1531 declinatio
999 1477 1051 1531 tuit
1065 1471 1119 1533 210
1143 1470 1215 1542 2030,
1238 1479 1287 1534 alt.
1302 1496 1367 1532 rero
1382 1471 1435 1535 200
1460 1472 1516 1543 250,

168 1560 289 1632 superlus
311 1559 384 1618 inter
405 1557 600 1612 azimutbalem
621 1563 651 1610 et
670 1545 800 1609 ciculum
825 1556 1015 1611 declinationis
1037 1559 1089 1612 fuit
1111 1551 1162 1612 36⁰
1188 1553 1279 1621 ³0⁴¹t.
1319 1561 1357 1614 Et
1382 1561 1446 1631 quia
1465 1575 1516 1629 pa-

165 1631 279 1702 tall.)
311 1639 364 1693 tuit
385 1633 434 1692 600
458 1633 515 1693 1600
536 1635 620 1701 mibi,
651 1636 701 1690 alt.
730 1626 845 1696 verosi)
871 1655 954 1690 cornu
983 1639 1130 1708 superioris
1152 1633 1205 1695 230
1228 1635 1290 1704 250,
1318 1657 1386 1713 ergo
1414 1639 1516 1710 parall.

166 1719 323 1776 altitudinis
345 1713 394 1774 560
427 1713 493 1773 3000.
534 1719 613 1772 Haec
643 1733 702 1770 cum
731 1714 767 1768 sit
791 1716 866 1770 basis
891 1718 1027 1789 trianguli
1046 1721 1203 1792 rectanguli
1225 1721 1338 1784 minimi,
1362 1721 1438 1790 cujus
1456 1721 1517 1789 jam

165 1817 238 1856 unus
258 1800 378 1871 angulus
400 1814 548 1870 expressus
570 1804 631 1861 est,
654 1811 739 1868 quare
761 1797 833 1850 alter
854 1798 973 1869 angulus
995 1799 1048 1852 erit
1069 1794 1120 1854 53⁰
1145 1794 1243 1864 2901,ος
1271 1802 1334 1855 huic
1355 1809 1448 1856 auum
1469 1801 1517 1854 cb·

165 1881 261 1953 jieitur
279 1879 436 1952 parallaxis
457 1878 663 1933 declinationis:
683 1878 756 1930 baec
775 1876 862 1947 igitur
881 1879 912 1932 111
932 1879 975 1932 bis
996 1879 1135 1949 principiis
1157 1875 1205 1934 450
1227 1877 1294 1936 2500.
1335 1883 1411 1936 Vera
1431 1881 1518 1953 igitur

166 1963 235 2018 decl.
257 1960 377 2031 supremi
397 1975 481 2014 cornu
502 1963 573 2029 sept.
595 1958 648 2012 l’uit
669 1949 721 2012 210
746 1955 807 2020 48ος
830 1958 909 2012 auter
928 1965 1036 2029 partem
1055 1960 1289 2030 proportionalem
1308 1962 1453 2018 collectam
1467 1977 1517 2032 per

167 2041 259 2098 semid
280 2033 307 2104 3
332 2042 480 2095 secuudum
508 2055 551 2093 roe
585 2033 633 2094 150
655 2032 731 2100 3300,
760 2053 797 2092 sc.
821 2033 867 2092 120
888 2033 962 2102 2800,
991 2047 1083 2094 restet
1103 2041 1172 2096 decl.
1195 2041 1281 2096 centri
1303 2035 1356 2096 210
1381 2037 1428 2096 350
1450 2035 1517 2097 3200.

73 2152 78 2158 -
167 2123 264 2179 Posito
286 2122 380 2194 igitur,
402 2123 472 2192 quod
486 2121 540 2174 bac
554 2119 613 2174 rice
629 2123 753 2172 centmm
773 2109 800 2179 3
824 2119 911 2173 risum
932 2119 968 2173 sit
988 2121 1015 2175 in
1036 2123 1097 2174 loco
1118 2122 1262 2191 eclipticae
1282 2123 1393 2193 penitus
1415 2117 1448 2181 Θ
1469 2139 1517 2193 op·

170 2203 281 2274 posito,
312 2219 349 2258 sc.
371 2203 398 2256 in
422 2193 473 2254 130
497 2197 525 2254 60
547 2204 595 2265 eb,
617 2215 678 2253 curn
697 2197 742 2251 bic
762 2199 882 2255 declinet
902 2193 955 2254 220
979 2196 1016 2265 90,
1039 2203 1156 2255 distaret
1176 2203 1264 2274 igitur
1283 2209 1405 2258 centrum
1427 2194 1454 2264 3
1480 2202 1516 2258 ab

166 2283 298 2353 ecliptica
317 2283 345 2336 in
366 2281 470 2336 circulo'
488 2279 679 2335 declinationis
703 2273 750 2330 330
773 2275 842 2344 3800,
872 2281 987 2349 etquis
1007 2280 1128 2353 angulus
1149 2283 1293 2352 eclipticae
1314 2301 1374 2337 cum
1393 2285 1446 2337 hoc
1467 2283 1517 2336 cir·

166 2357 385 2426 3311111823,
414 2361 475 2414 ideo
505 2361 552 2414 via
572 2358 735 2415 brevissima
755 2358 860 2414 distant
879 2377 929 2430 per
951 2355 999 2417 330
1019 2363 1141 2416 ethaeo
1170 2369 1246 2416 esset
1265 2378 1334 2418 vera
1357 2365 1407 2421 lat.
1429 2370 1516 2418 austr.

166 2443 265 2499 centri.
306 2447 346 2497 Δ1
366 2443 389 2496 si
410 2441 567 2512 parallaxis
589 2438 730 2511 longasi
757 2456 810 2497 asc.
838 2447 917 2494 recta
944 2448 1091 2512 superaret
1110 2441 1163 2499 313,
1185 2444 1260 2514 long.
1283 2441 1453 2508 neandrum,
1475 2444 1517 2496 ita

164 2531 197 2580 ut
218 2524 294 2578 risus
315 2525 390 2578 locus
420 2522 457 2576 sit
482 2521 541 2592 jam
568 2523 644 2575 ultra
666 2511 692 2581 0⁰
704 2511 752 2584 Θ,
780 2521 858 2584 locus
879 2520 940 2589 ejus
966 2522 1108 2592 eclipticus
1138 2524 1222 2592 paulo
1248 2523 1336 2578 minus
1357 2525 1515 2587 declinabit,

164 2603 280 2676 proinde
301 2604 351 2658 lat.
373 2617 441 2655 vera
462 2601 547 2656 centri
570 2593 595 2663 3
622 2599 781 2672 eritpaulo
801 2601 890 2655 minor
908 2619 989 2672 quam
1011 2597 1066 2658 330.
1100 2600 1168 2656 Post
1181 2604 1285 2658 borum
1306 2605 1392 2675 igitur
1412 2605 1440 2659 in
1459 2622 1515 2660 me·

164 2686 208 2739 dio
236 2683 346 2755 eclipsis
375 2683 455 2738 Luna
484 2681 596 2753 propior
623 2682 693 2734 nodo
721 2682 797 2736 facta
825 2683 944 2736 baberet
971 2683 1022 2739 lat.
1054 2677 1137 2743 30¹t‘
1167 2701 1201 2748 c.,
1233 2691 1364 2754 quantum
1393 2685 1516 2755 proxime

164 2765 231 2821 dicit
260 2764 383 2818 oalcfflus
405 2762 556 2832 Tychouis,
578 2777 638 2814 oum
660 2767 752 2816 tamen
774 2761 836 2831 ipsa
855 2762 1019 2832 quantitatis
1041 2763 1198 2818 obseruatio
1219 2765 1321 2835 liquido
1341 2773 1451 2820 testata
1471 2765 1516 2829 sit,
1620 2785 1624 2802 ¹

164 2843 319 2916 oportuisse
340 2851 405 2898 tunc
425 2843 476 2898 lat.
498 2859 559 2896 esse
580 2840 720 2910 majorem.
762 2843 842 2896 Hunc
862 2841 950 2912 igitur
969 2843 1120 2898 dissensum
1141 2844 1263 2898 tribuere
1283 2861 1426 2914 possumus
1447 2846 1517 2900 diffi-

165 2925 268 2981 cultati
298 2922 460 2979 observandi
488 2921 696 2976 declinationem
721 2921 851 2990 ipsissimi
871 2939 964 2978 cornu.
1003 2923 1083 2977 Dum·
1097 2924 1168 2978 enim
1188 2930 1270 2978 caret
1291 2919 1460 2990 obseirator,
1482 2944 1518 2980 ne

163 3022 217 3078 pro
238 3004 363 3078 margine
384 3009 509 3058 extremo
531 3007 622 3056 sumat
643 3001 745 3072 aliquid
760 3003 792 3054 de
807 3018 921 3070 corpore
936 2991 982 3066 3,
1004 3017 1093 3074 eaque
1114 3005 1147 3056 de
1168 3019 1254 3058 causa
1274 3005 1447 3074 splendorem
1468 3024 1518 3060 ex·

164 3095 283 3156 tremum
304 3081 441 3157 sequitur,
464 3082 510 3154 qui
531 3100 567 3137 ex
589 3080 678 3136 causis
700 3081 797 3151 opticis
818 3081 902 3136 latius
924 3082 1059 3147 excurrit,
1080 3083 1164 3136 litut
1185 3082 1318 3152 majorem
1334 3085 1413 3154 justo
1434 3084 1517 3140 decli·

165 3166 307 3224 nationem
327 3172 418 3219 sumat
438 3180 591 3234 perunum
612 3167 641 3215 et
662 3162 780 3216 alterum
801 3163 965 3232 scrupulum.
993 3164 1038 3217 Ita
1057 3177 1164 3218 rursum
1184 3163 1317 3218 diminuta
1336 3165 1519 3220 declinatione

165 3254 238 3318 sept.
260 3251 382 3317 augetur
401 3243 519 3299 latitudo
540 3243 634 3298 merid.
657 3241 747 3297 centri
765 3233 803 3306 3.

246 3326 335 3380 Multo
356 3324 446 3397 magis
466 3325 519 3380 boc
539 3323 730 3387 obtinebimus,
752 3323 775 3376 si
795 3322 989 3377 refractionem
1010 3322 1095 3378 etiam
1116 3322 1303 3388 adhibeamus,
1325 3340 1396 3396 quae
1417 3324 1445 3379 in
1466 3326 1517 3380 alt.

166 3399 194 3470 3
227 3397 279 3462 200
302 3406 437 3460 statuitur
466 3399 494 3460 5¹
517 3400 584 3462 3000.
625 3404 695 3458 Nam
721 3404 791 3459 haec
818 3402 952 3458 diminuta
981 3405 1014 3456 de
1035 3404 1136 3474 parall.
1164 3405 1215 3460 alt.
1238 3399 1287 3460 560
1309 3399 1369 3478 31),00
1388 3405 1520 3476 relinquit

167 3477 226 3554 51‘,
247 3486 360 3556 proinde
380 3485 471 3555 portio
492 3491 649 3556 competens
670 3482 848 3538 declinationi
873 3483 927 3550 erit
951 3477 1007 3540 410.
1048 3485 1093 3538 Ita
1113 3484 1200 3539 centri
1225 3485 1294 3542 decl
1316 3484 1370 3539 erit
1390 3479 1443 3540 210
1471 3478 1519 3541 310

166 3565 267 3622 stlat.
290 3559 380 3630 37030,
402 3565 456 3620 etsi
476 3565 558 3635 plane
579 3563 648 3636 nibil
669 3562 868 3618 observationis
888 3563 955 3618 vitio
976 3563 1138 3618 tribuamus.
1171 3565 1267 3636 Neque
1282 3564 1389 3620 omuino
1410 3569 1518 3621 tantam

167 3649 222 3702 boc
242 3653 378 3702 momento
399 3645 573 3700 latitudinem
592 3661 686 3700 reram
706 3650 817 3707 statuo,
840 3661 900 3698 cum
919 3644 1093 3708 retractionis
1116 3647 1258 3716 quantitas
1278 3663 1333 3700 non
1354 3644 1392 3700 sit
1411 3663 1519 3717 semper
1552 3649 1555 3662 '

165 3726 403 3784 coutantissima:
426 3726 535 3792 sufficit,
557 3741 683 3797 quorsum
703 3741 739 3778 ea
758 3725 867 3790 tendat,
887 3725 915 3780 13
935 3727 1035 3780 saltem
1056 3725 1217 3782 ostendisse.

247 3811 292 3863 Δ3
320 3808 523 3877 comprobanda
552 3812 583 3860 et
610 3805 755 3860 limitanda
775 3812 819 3877 ea,
849 3822 919 3876 quae
946 3805 1006 3876 jam
1025 3808 1059 3863 de
1079 3807 1274 3876 parallaxibus
1295 3812 1361 3862 sunt
1381 3805 1467 3871 31113,
1488 3813 1519 3862 et

164 3895 282 3963 propter
302 3904 420 3960 sequens
441 3887 609 3958 epichirema
629 3885 794 3940 constituam
814 3885 899 3941 etiam
918 3887 1091 3956 parellaxes.

366 4045 425 4096 Aac.
444 4043 476 4094 tt
496 4040 528 4105 Θ
549 4038 616 4093 3330
632 4037 676 4091 430
779 4040 810 4092 In
827 4041 995 4108 Nonagesimo
1015 4037 1062 4090 130
1078 4039 1122 4092 43’
1141 4037 1165 4101 U
1371 4085 1376 4094 .

322 4115 392 4169 Hora
410 4111 435 4166 3.
456 4111 535 4180 wi(
570 4111 613 4166 33.
633 4111 668 4164 38
853 4113 913 4176 Ejus
931 4113 996 4163 altit.
1016 4110 1057 4164 48.
1094 4113 1164 4164 3-
1201 4108 1289 4165 23383
1309 4140 1342 4152 -
1378 4109 1466 4166 43178

571 4181 606 4235 33
727 4181 766 4236 Sit
783 4177 809 4248 3
829 4185 955 4235 visibiliter
972 4185 998 4234 ln
1019 4181 1060 4234 13.
1098 4181 1165 4244 d&

178 4329 189 4350 ,
258 4247 694 4342 asc.ot1.uororcipt'1'lt‘.‘2't'‘
778 4273 844 4324 Dist.
864 4271 995 4348 altenag:
1011 4253 1164 4322 't'Ho'T-
1202 4267 1288 4322 12143

806 4343 898 4394 Parall.
916 4341 992 4394 hon‘r.
1012 4341 1055 4394 33
1076 4341 1162 4394 13”-
1181 4340 1287 4394 434433
1306 4368 1341 4381 -
1359 4338 1465 4395 434433

1013 4489 1015 4494 ,
1170 4413 1479 4484 W

854 4538 872 4562 ,‚
917 4503 984 4572 long.
1016 4501 1060 4555 tt‘
1078 4502 1204 4562 4301131.
1223 4501 1267 4555 400
1286 4501 1340 4554 22¹⁴

248 4659 343 4716 Lubet
362 4647 434 4714 nuno
453 4659 537 4716 etiam
557 4660 595 4714 eir
615 4655 707 4728 specis
727 4657 848 4728 phaseor
875 4663 1019 4714 exstruere
1048 4663 1106 4714 tam
1126 4641 1303 4713 νει-3133111.
1328 4647 1355 4718 3
1384 4663 1516 4714 aosutro

165 4742 293 4808 umbrae,
316 4755 397 4811 qnam
417 4741 468 4796 lat.
489 4740 550 4810 ejus
570 4755 676 4794 reram:
697 4755 752 4792 non
773 4739 843 4810 quod
863 4738 934 4794 baec
947 4739 1067 4795 latitudo
1082 4739 1119 4792 sit
1138 4738 1256 4793 omnium
1276 4737 1440 4804 certissimar
1461 4757 1517 4796 non

168 4829 214 4894 ¹est
234 4821 307 4883 enim
328 4825 506 4890 macutum,
534 4835 638 4876 cornua
666 4819 751 4876 trisse
771 4819 807 4884 ad
826 4821 1049 4900 perpendiculum
1069 4823 1178 4884 erecta,
1208 4821 1257 4876 sed
1276 4818 1319 4874 ita
1338 4819 1437 4877 saltem
1456 4821 1516 4892 pin·
