3552 5562
14 284 28 411 1
707 345 869 398 erasmum.
1186 341 1191 346 ·
1442 348 1462 416 7

38 559 40 575 ι
102 529 194 584 mss
214 519 367 584 mnndum
391 519 480 586 nobis
501 520 652 603 proprium
675 530 707 587 et
728 523 941 604 particularem
968 544 1028 588 non
1050 531 1140 608 puto,
1171 545 1242 590 uam
1270 535 1323 592 aer
1353 535 1402 592 est
1430 535 1463 592 et

107 611 178 674 iuter
200 609 270 692 ipsa
292 629 441 694 corpora,
464 629 538 692 quae
562 611 671 675 stellas
691 629 844 689 vocamus,
867 633 921 694 per
940 633 1125 696 consequens
1143 625 1174 678 et
1188 615 1268 696 ignis
1288 623 1320 679 et
1338 637 1416 698 aqua
1432 624 1465 682 et

106 709 193 762 terra
237 701 370 762 Terram
403 707 504 764 autem
533 715 622 782 qnam
649 701 800 766 calcamus
827 703 941 766 nostris
970 703 1111 784 pedibus,
1138 724 1194 768 nec
1220 707 1380 770 rotundam
1407 725 1463 770 nec

108 789 263 870 pabeam
283 807 357 852 esse
381 790 491 866 oredo,
522 790 577 854 sed
599 791 640 856 ed
662 792 779 854 evalem
809 792 935 874 figuram
965 792 1088 874 propius
1117 795 1270 857 accedere.
1316 797 1370 869 (K.
1394 797 1465 860 Non

106 880 195 960 plane
217 879 496 954 contemnendum.)
539 880 605 943 Nec
621 879 704 944 Solis
717 899 772 944 nec
792 881 949 944 stellarum
964 883 1064 945 lumen
1080 901 1118 946 ex
1132 883 1270 959 materia,
1295 886 1348 946 sed
1362 883 1465 966 potius

105 987 142 1030 ex
163 987 272 1032 eoram
293 975 379 1032 motu
401 969 563 1050 procedere
588 976 619 1030 et
641 970 795 1032 dimanare
814 970 927 1050 judico,
956 971 1098 1052 planetae
1128 985 1201 1036 vcro
1233 993 1255 1035 a
1282 973 1356 1038 Sole
1379 993 1465 1036 suum

104 1059 206 1120 lumen
239 1066 416 1133 assumunt,
445 1058 516 1144 quia
544 1058 660 1122 tardius
687 1066 845 1122 moventur
877 1069 908 1123 et
935 1060 1066 1141 propriis
1095 1061 1226 1124 motibus
1255 1052 1464 1144 impediuntur'.

104 1147 275 1228 Keplerus:
300 1146 383 1220 Quid
406 1147 508 1228 potius
522 1147 631 1211 mirer?
668 1146 867 1228 Stuporemne
883 1167 991 1224 meum,
1014 1149 1066 1231 qui
1081 1151 1235 1231 patefacte
1249 1152 1322 1214 mihi
1340 1159 1465 1216 naturae

104 1237 280 1316 matralia
301 1236 351 1298 his
374 1236 488 1312 literis,
517 1253 584 1300 cum
610 1236 682 1299 illas
705 1237 906 1318 accepissem,
937 1237 1134 1319 introspicere
1163 1241 1309 1302 contemsi
1332 1241 1465 1322 adeoque

105 1325 264 1390 oblivione
286 1325 427 1406 sepelivi,
449 1333 485 1389 ut
505 1345 543 1388 ne
566 1333 674 1406 postea
695 1326 825 1407 quidem,
849 1345 917 1390 cum
939 1327 1058 1394 clavem
1079 1328 1206 1392 eandem
1222 1329 1354 1392 adhaec
1371 1348 1466 1409 pene-

105 1413 200 1476 tralia
218 1433 397 1496 quaererem
410 1420 442 1476 et
460 1413 654 1489 invenissem,
678 1413 832 1478 literarum
850 1416 955 1479 harum
971 1417 1077 1478 fuerim
1094 1416 1285 1494 recordatum
1310 1439 1348 1482 an
1366 1418 1467 1498 potins
1553 1441 1561 1454 ·

107 1505 200 1566 mirer
221 1505 285 1566 vim
308 1503 458 1579 veritatis,
481 1523 557 1585 qnae
581 1501 696 1566 duobus
720 1523 794 1568 sese
812 1525 871 1568 non
894 1525 954 1568 una
976 1505 1026 1568 via
1048 1506 1183 1587 aperuit;
1207 1527 1247 1570 an
1269 1515 1394 1570 naturae
1418 1507 1467 1570 in-

108 1593 241 1672 genium,
267 1611 354 1676 quae,
378 1593 463 1674 quod·
472 1592 579 1656 Brutia
593 1592 678 1656 dedit
699 1595 817 1658 occulto
840 1595 985 1658 instinctu
1008 1615 1028 1656 a
1049 1595 1153 1676 priori,
1175 1596 1248 1660 mihi
1270 1596 1413 1660 methodo
1436 1601 1469 1658 et

108 1683 243 1745 numeris
265 1691 304 1756 ‚et
331 1682 429 1745 oculis
462 1681 625 1748 eruendum
656 1683 830 1746 concessit?
883 1684 940 1746 His
972 1683 1070 1748 literis
1101 1694 1231 1766 apparet
1261 1685 1468 1766 compendium

108 1771 260 1852 quoddam
282 1789 369 1834 meae
392 1771 535 1853 physicae
559 1771 703 1838 eoelestis
726 1772 756 1834 in
779 1774 881 1836 Marte
902 1771 1053 1854 proditae.

198 1861 287 1924 Hanc
303 1861 530 1924 annotationem
545 1861 709 1942 adscripsit
721 1861 872 1942 Keplerus
888 1863 928 1924 ad
942 1861 1042 1924 Brutii
1058 1861 1165 1926 literas
1181 1863 1210 1924 d.
1226 1861 1256 1928 5.
1273 1863 1349 1942 Apr.
1374 1855 1469 1935 1610,

109 1969 205 2032 eaque
226 1969 285 2012 nos
307 1950 413 2026 morit,
437 1957 471 2012 ut
493 1948 563 2013 illas
585 1949 635 2012 hic
658 1949 853 2027 adderemus;
877 1951 1003 2033 Kepleri
1026 1951 1144 2032 quidem
1165 1951 1271 2014 literae
1287 1952 1407 2026 desunt,
1430 1949 1470 2012 ad

110 2059 190 2120 quas
224 2037 351 2102 Brutina
392 2039 442 2101 his
482 2037 653 2120 respoudit,
691 2058 788 2120 neque
827 2039 926 2104 elucet
968 2059 1006 2102 ex
1043 2040 1101 2104 hac
1142 2040 1356 2121 responsione,
1398 2038 1470 2120 qnid

110 2128 261 2209 lieplerus
285 2127 458 2210 scripserim
490 2135 591 2190 tamen
618 2129 742 2192 relectis
770 2127 839 2192 aliis
870 2128 984 2205 literis,
1014 2149 1090 2211 quas
1120 2128 1173 2193 illo
1205 2136 1340 2210 tempore
1363 2127 1470 2190 amicis

112 2217 245 2299 scripsit,
268 2237 376 2299 pamm
399 2215 481 2280 dubii
503 2217 571 2292 erit,
594 2217 624 2278 in
644 2217 693 2278 his
710 2236 824 2298 qnoque
839 2218 1002 2299 Keplerum
1023 2219 1059 2279 de
1077 2217 1266 2282 studiismuis
1288 2217 1470 2280 disseruisse

112 2317 142 2368 et
162 2307 241 2370 talia
262 2305 415 2387 tetigisse,
439 2324 515 2388 quae
532 2314 666 2369 mentem
678 2306 776 2370 Brutii
795 2307 826 2369 in
844 2307 1053 2388 respondendo
1072 2307 1112 2368 ad
1130 2306 1244 2370 similia
1256 2306 1469 2387 pertraxerint.

114 2395 257 2458 Ceterum
280 2395 452 2476 praemissa
474 2396 665 2471 confirmant,
694 2414 771 2477 quae
795 2394 943 2470 diximus,
967 2396 1131 2476 Keplernm
1161 2416 1216 2476 per
1238 2414 1347 2460 annum
1375 2392 1469 2458 1606.

113 2484 180 2547 eliis
202 2484 378 2548 dmtrictunr
400 2485 533 2564 negotiis
555 2503 662 2566 parum
684 2485 805 2566 quidem
826 2485 993 2565 proiecisse
1016 2486 1046 2549 in
1069 2485 1235 2560 condendis
1249 2483 1360 2548 Martis
1376 2481 1470 2548 Com-

113 2574 279 2650 mentariis,
303 2593 401 2656 neque
424 2591 497 2635 vero
520 2573 610 2655 plane
633 2574 780 2638 intactum
801 2573 945 2654 rejecisse
966 2593 1041 2656 opus
1059 2574 1139 2656 quod
1156 2573 1369 2648 meditabatur,
1392 2591 1470 2654 qno·

114 2681 295 2744 quorersum
317 2663 466 2727 intentum
488 2663 528 2726 ad
545 2663 661 2726 monita
679 2663 852 2740 amicorum,
874 2663 1143 2745 respicientesque
1163 2663 1277 2728 auxilia
1292 2662 1332 2724 ad
1348 2679 1470 2742 promo-

113 2753 236 2816 rendum
259 2752 421 2834 inceptum.

193 2842 331 2924 Propius
353 2842 394 2904 ad
415 2859 481 2904 rem
502 2839 634 2904 accessit
652 2861 730 2906 anno
753 2835 848 2916 1604,
870 2861 1051 2923 quamquam
1073 2838 1166 2905 etiam
1187 2847 1251 2904 tom
1268 2840 1365 2921 ipsam
1389 2834 1470 2900 deti-

110 2931 223 2993 nebant
245 2932 362 2994 mnltae
385 2927 466 2993 aliae
490 2931 710 3012 occupationes.
758 2930 849 2993 Initio
881 2931 969 3011 hujus
1000 2929 1072 2994 anni
1100 2929 1286 3014 absolvendo
1320 2928 1404 3008 operi
1433 2929 1470 2990 de

111 3019 222 3101 Optiea
253 3019 463 3095 incumbebat,
485 3038 683 3102 permenses
706 3019 837 3100 Majum,
859 3020 982 3084 Junium
1012 3028 1043 3082 et
1064 3019 1179 3084 lulium
1208 3018 1404 3098 aegrotabat,
1432 3017 1470 3078 ab

111 3109 195 3174 insitio
213 3109 362 3174 Octobris
385 3128 482 3190 nsque
504 3109 544 3172 ad
566 3110 654 3172 tinem
678 3108 749 3171 anni
771 3109 896 3172 multum
918 3107 1064 3190 temporis
1087 3105 1284 3172 consumebat
1305 3106 1335 3168 in
1364 3106 1470 3170 obser·

110 3201 210 3262 mm
234 3199 493 3280 describendoque
519 3197 639 3274 „Stella
660 3198 768 3262 Nova“
792 3197 825 3261 in
842 3197 1059 3278 ›Serpentarim
1083 3215 1159 3278 quae
1181 3204 1246 3260 torn
1268 3195 1389 3260 effulsit.
1435 3197 1471 3258 ln

106 3289 205 3352 literis
229 3290 271 3351 ad
287 3289 636 3369 Longomontanum
659 3287 750 3362 datis,
769 3305 844 3369 quae
863 3286 942 3366 infra
961 3293 1133 3368 sequentur,
1157 3286 1194 3348 de
1210 3285 1320 3348 studiis
1339 3284 1402 3346 suis
1417 3283 1470 3346 illo

103 3387 243 3460 tempore
265 3377 357 3460 plura
379 3378 481 3440 refert.
525 3378 562 3440 In
585 3393 674 3457 opere
701 3377 768 3458 ipso
792 3381 913 3449 (Capru
933 3391 960 3436 at
976 3382 1036 3446 xv)
1058 3375 1153 3438 refert
1180 3373 1415 3462 observationes¹
1439 3371 1471 3434 in

101 3469 221 3544 uam,
245 3486 327 3550 quae
352 3465 576 3530 commentaria
598 3465 787 3548 spectabant,
803 3486 822 3526 a
836 3483 939 3528 mense
954 3463 1165 3528 Februarioin
1178 3462 1318 3544 Aprilem
1337 3461 1470 3538 habitas,

102 3559 219 3639 quihus
246 3571 406 3620 mmermn
433 3553 598 3636 complevit
626 3553 869 3622 observationum
900 3555 1035 3618 locorum
1062 3553 1174 3618 Martis
1205 3552 1235 3616 in
1269 3551 1470 3632 oppositione,

102 3667 236 3729 marum
259 3645 425 3709 maximam
446 3652 565 3726 partem
588 3643 771 3726 cTychonis
787 3643 936 3707 desumsit
948 3641 1172 3725 manuscriptis,
1197 3650 1229 3705 et
1242 3661 1319 3723 quas
1334 3640 1472 3705 adhibuit

103 3737 144 3798 ad
167 3735 368 3800 condmdam
391 3731 661 3815 stabiliendamque
682 3753 793 3796 noram
816 3752 901 3796 suam
922 3731 1113 3816 hypothesin.

199 3826 264 3890 llis
290 3821 321 3888 7.
344 3821 417 3888 Feb.
444 3819 537 3888 1604.
561 3821 728 3904 Kepleras,
759 3822 850 3886 dnhia
872 3829 904 3884 et
926 3821 1119 3904 quaestiones
1140 3817 1271 3884 Fabricii
1300 3816 1471 3898 ponderans

17 3929 18 3984 ἓ
103 3915 213 4000 adque
228 3912 499 3994 correspondens,
513 3912 589 3977 haec
602 3911 640 3974 de
654 3909 914 3994 disquisitionibus
929 3911 994 3974 suis
1006 3909 1137 3991 profert:
1161 3925 1267 3992 omnes
1281 3907 1471 3970 demonstra-

100 4007 220 4081 tiones,
245 4003 302 4078 ait,
322 4021 355 4064 se
374 4002 414 4064 ad
428 4001 607 4076 Ptolemaei,
631 3999 792 4082 Copernici
815 4009 848 4064 et
864 3999 1017 4082 l'ychonis
1038 3997 1225 4080 hypotheses
1247 3997 1470 4076 adaptatumm,

18 4095 19 4118 ³
100 4113 173 4158 cum
189 4091 339 4176 'l'yclroae
358 4091 425 4172 jam
449 4097 650 4167 ,conuemum
666 4091 774 4167 esse“;
798 4089 921 4154 deinde:
945 4108 985 4151 ex
1002 4085 1262 4150 observationibus
1281 4082 1470 4166 acronychiis

102 4185 205 4248 ulam
227 4201 299 4245 asse
322 4179 566 4244 mustituerrdam
588 4178 785 4261 hypothesin,
812 4199 828 4242 e
851 4197 910 4261 qua
932 4177 1017 4240 locus
1045 4175 1186 4258 planetae
1210 4175 1347 4238 eliciatur
1378 4171 1470 4234 etiarn

102 4282 180 4350 mm,
202 4289 273 4336 cnm
288 4289 350 4334 non
365 4271 400 4334 ia
414 4268 604 4351 oppositione
619 4268 720 4332 luerit
751 4267 896 4348 Figuram
907 4265 1022 4331 orbitae
1036 4265 1158 4347 prodire
1173 4264 1325 4345 hucusque
1341 4261 1468 4326 orclem.

104 4359 356 4443 neronemque
372 4358 499 4441 propius
513 4357 552 4420 ad
567 4375 690 4439 scopum
705 4357 846 4437 attingat,
856 4356 987 4418 noudum
1000 4373 1062 4417 ase
1076 4373 1145 4416 esse
1159 4353 1323 4426 inventam,
1332 4348 1468 4432 quamvis

105 4455 294 4537 paulopost
317 4447 481 4534 quaerenti
501 4446 640 4510 Fabricio
665 4445 858 4528 ,ellipoidem
881 4445 987 4508 snum“
1019 4443 1174 4526 explicam
1201 4450 1385 4506 etecusam
1417 4455 1469 4501 our

109 4545 271 4616 ,meacm
295 4537 506 4622 expetendam
528 4553 597 4598 esse
619 4535 791 4616 putarerit“
817 4535 917 4598 addit:
946 4531 1158 4598 limitationem
1174 4531 1311 4610 ‚aliquam
1335 4545 1368 4594 se
1391 4545 1468 4592 nunc

108 4634 210 4700 uem.
266 4628 397 4698 Deinde
428 4625 591 4706 problema,
613 4625 702 4688 affert
732 4624 826 4699 idem,
858 4622 937 4706 quod
968 4622 1092 4686 exhibet
1119 4621 1151 4684 in
1181 4619 1256 4698 Cap.
1280 4617 1349 4683 XL.
1374 4616 1467 4682 Com-

109 4725 324 4798 psam-iorum,
352 4715 493 4780 addens:
515 4714 574 4779 Dio
597 4713 703 4798 quibua
726 4712 906 4778 innumeris
924 4719 956 4774 et
970 4712 1030 4776 eris
1045 4711 1119 4774 mihi
1133 4726 1260 4787 magnus
1275 4705 1467 4788 Apollonius

172 4823 211 4888 12
233 4811 347 4883 literis
373 4806 409 4869 d.
438 4799 489 4866 14.
505 4804 585 4867 -Dec,
613 4799 708 4868 1604.
739 4803 782 4869 ad
801 4801 1043 4866 Maeetlinnm
1070 4799 1171 4872 dats,
1203 4797 1240 4858 de
1273 4793 1466 4872 ,laboribus“

96 4915 148 4982 ω’,
168 4916 199 4981 j„
224 4891 492 4978 commeabilia
511 4892 645 4976 loquitur
675 4899 710 4956 et
729 4892 762 4958 in
782 4893 840 4958 line
863 4889 958 4968 addit,
985 4907 1072 4966 „oum
1100 4888 1139 4951 de
1161 4884 1335 4952 valetudine
1365 4902 1468 4968 angam
