3630 5534
321 331 385 402 65²
655 417 659 422 Ι
919 330 960 388 1)·
976 330 1057 388 um
1082 315 1086 322 ¹

320 513 461 588 proportio
481 515 594 570 lunulae
613 517 648 570 ad
677 517 857 588 quadrantem
886 524 919 602 ut
941 510 955 571 1
978 519 1013 572 ad
1036 509 1079 572 18.
1121 515 1231 571 Lunula
1250 519 1294 569 est
1313 515 1463 586 quomens,
1493 515 1584 574 minua
1605 530 1672 588 seg·

321 605 424 662 manto,
446 596 490 652 oui
509 597 646 652 ademtam
666 603 711 652 ert
729 597 1018 672 parallelogrammum
1039 595 1280 678 enecatrioitatim
1336 615 1349 628 ν

634 1029 813 1094 Horarius
835 1030 1085 1114 hypotheseos
1109 1029 1349 1114 Tychonicae.

409 1198 508 1276 Nota,
538 1197 687 1263 horarium
711 1195 861 1282 Tyohoiris
884 1199 1009 1281 prodere
1034 1200 1152 1265 omuino
1179 1199 1431 1262 ecccutricitatem
1459 1197 1563 1272 illam,
1598 1216 1676 1278 quae

321 1286 424 1350 reddit
446 1289 640 1370 aequationes
664 1288 886 1376 quadrantales.

411 1374 562 1439 Credibile
586 1388 633 1439 est
656 1377 757 1457 igitur,
781 1378 884 1442 Lunae
900 1377 1040 1440 virtutem
1059 1393 1127 1439 esse
1150 1376 1357 1456 magnetieam,
1381 1395 1457 1459 quae
1481 1393 1573 1438 arem
1598 1393 1675 1454 por-

322 1465 403 1546 rigat
426 1465 457 1526 iu
477 1459 680 1545 longitudines
703 1467 829 1530 medias.
868 1464 943 1534 Cum
969 1466 1060 1546 igitur·
1076 1467 1179 1529 Tellus
1197 1459 1355 1530 convertat
1373 1466 1490 1527 Lunam
1515 1461 1677 1528 remissius

322 1556 353 1616 in
377 1553 514 1636 quadris,
542 1555 629 1618 Luna
649 1557 680 1617 iu
703 1555 826 1640 quadris
842 1556 899 1638 ,diu
923 1563 1065 1620 moratur.
1113 1555 1188 1620 Cum
1212 1573 1283 1636 ergo
1307 1553 1442 1635 apsidum
1462 1553 1546 1619 linea
1570 1562 1622 1614 est
1646 1553 1676 1613 in

323 1643 485 1719 diametro,
517 1644 582 1706 axis
609 1645 640 1707 in
663 1644 783 1726 quadris
807 1645 904 1708 tendit
926 1646 966 1708 ad
988 1645 1129 1719 Terram,
1160 1647 1233 1726 fuga
1260 1653 1291 1706 et
1316 1643 1486 1725 persecutio
1514 1643 1550 1705 fit
1574 1643 1675 1716 fortis,

322 1732 463 1815 pervasio
486 1732 520 1795 lit
544 1735 614 1796 alta.
1344 1759 1349 1772 ·

411 1821 452 1883 Et
469 1831 562 1899 uota,
593 1842 658 1886 curn
682 1821 748 1902 jam
776 1829 844 1884 ante
874 1821 991 1902 species
1020 1841 1175 1904 corporum
1204 1821 1412 1896 stabiliantur,
1442 1839 1518 1901 quae
1550 1819 1676 1880 omnino

325 1911 418 1973 fortes
443 1918 513 1974 sunt
536 1913 565 1974 in
587 1913 639 1975 illo
664 1911 737 1974 sudo
752 1919 794 1972 ·et
815 1911 1016 1974 immateriato
1040 1913 1172 1987 aethere,
1196 1931 1256 1974 non
1280 1929 1354 1990 opus
1377 1910 1496 1972 videtur
1518 1908 1677 1991 positione

324 1999 511 2080 magneticae
534 2001 654 2064 virtutis
678 1999 707 2062 iu
733 1995 772 2078 Θ
798 2009 830 2062 et
852 2001 877 2076 ὅ
903 2001 1087 2064 motoribus:
1120 2000 1227 2063 sufficit
1254 1999 1381 2074 moveri,
1411 2015 1479 2061 narn
1504 1999 1583 2060 sieut
1608 2016 1679 2060 eum

317 2090 426 2171 ,specie
449 2089 586 2153 carbonis
610 2091 674 2152 erit
696 2089 813 2171 species
836 2089 922 2160 lucis,
946 2099 980 2152 ut
996 2089 1170 2164 accidentis,
1195 2089 1319 2151 itacum
1339 2087 1439 2168 speeie
1454 2087 1587 2151 Telluris
1611 2085 1680 2148 exit

326 2177 442 2261 species
465 2187 574 2242 motus.
618 2181 662 2242 At
685 2181 714 2240 iu
738 2179 829 2241 motis
852 2197 906 2258 pro
938 2179 1161 2242 eccentricitate
1191 2178 1309 2241 omnino
1338 2178 1494 2259 ponendus
1517 2175 1678 2258 magneti-

326 2287 378 2330 cus
402 2286 498 2348 vrgor.

401 2353 484 2418 ‘Janr
516 2356 777 2430 considerandum,
813 2375 850 2416 an
885 2354 1031 2418 discessio
1060 2376 1075 2418 e
1104 2355 1251 2418 diametro
1281 2355 1521 2436 proportionetur
1554 2353 1678 2434 augulis

326 2445 462 2526 rigorum
485 2443 679 2507 mensoribus.
718 2446 759 2508 Et
781 2443 908 2507 videtur.
946 2444 1003 2506 An·
1019 2453 1120 2507 autem
1143 2452 1265 2507 maneat
1288 2444 1429 2525 ellipsis?
1451 2443 1572 2506 Nescio.
1614 2443 1677 2506 Vi-

327 2534 415 2596 detur
437 2542 538 2594 tamen
564 2541 595 2594 et
616 2531 673 2595 hoc
696 2533 726 2595 in
750 2533 805 2594 hoc
829 2552 910 2607 casu,
929 2533 981 2595 ubi
1004 2533 1141 2614 apsidum
1158 2534 1238 2596 linea
1258 2533 1400 2595 coincidit
1423 2551 1490 2594 cum
1513 2531 1676 2594 diametro.

326 2623 406 2686 Nam
427 2619 572 2702 paulatim
595 2621 706 2684 crescit
727 2629 892 2704 utrumque,
917 2631 947 2684 et
962 2622 1012 2684 ubi
1035 2640 1139 2702 parurn
1159 2623 1303 2698 ascendit,
1329 2611 1469 2685 celeriter
1490 2621 1676 2696 transvolat,

326 2711 357 2778 h.
383 2731 409 2773 e.
434 2729 539 2791 parum
562 2719 704 2774 moratur.

416 2798 582 2864 Considera
605 2808 636 2861 et
658 2799 786 2862 alterum
809 2817 927 2876 casum,
958 2791 984 2861 si
1011 2798 1092 2862 linea
1114 2799 1252 2880 apsidum
1279 2799 1308 2862 in
1340 2798 1478 2881 quadris,
1509 2807 1582 2862 tuno
1606 2799 1677 2862 axis

327 2888 489 2970 parallelos
513 2898 561 2952 est
583 2889 736 2952 diametro.
785 2888 875 2953 Certe
899 2889 1016 2958 difficile
1040 2889 1264 2966 contradicere,
1288 2889 1377 2952 facile
1401 2889 1541 2952 credere:
1572 2896 1605 2952 et
1626 2889 1679 2952 hic

329 2997 450 3042 manere
475 2978 603 3059 ellipsin.
849 2987 854 3000 '

414 3069 481 3132 Hoc
504 3088 593 3131 unum
616 3075 714 3132 restat
736 3065 945 3147 quaerendum,
970 3087 1008 3128 an
1025 3067 1108 3132 diota
1122 3065 1257 3148 Tychmi
1273 3066 1402 3129 variatio
1425 3065 1596 3148 quantitate
1621 3087 1679 3130 sua

329 3157 456 3221 sufficiat
477 3157 568 3220 moris
591 3155 630 3220 ad
653 3162 770 3218 tantum
793 3174 951 3218 ascensum
974 3155 1179 3222 necessariis?
1215 3155 1260 3218 At
1274 3155 1340 3237 quis
1358 3154 1521 3221 metietur?
1555 3151 1680 3228 Quibus

328 3245 507 3328 principiis?

675 3627 728 3708 De
756 3643 922 3726 physica
949 3643 1153 3727 hypothesi
1181 3646 1323 3710 Lunae.
1354 3607 1356 3616 ,
1455 3615 1458 3618 Ι

417 3811 550 3876 Ponatur
572 3811 648 3876 hoo:
685 3811 874 3885 volutionem,
888 3813 1000 3876 Terrae
1027 3812 1109 3878 eirca
1136 3833 1223 3876 axem
1251 3811 1411 3876 conciliare
1434 3814 1537 3878 Lunae
1560 3821 1679 3876 motum

330 3903 409 3966 ciros
438 3896 582 3966 Terram:
615 3902 698 3964 illam
724 3921 795 3964 vero
823 3903 965 3964 virtutem
988 3902 1118 3964 Telluris
1148 3901 1285 3983 adjuvari
1312 3903 1341 3964 iu
1371 3903 1518 3964 movenda
1544 3901 1679 3964 Lunae

328 3994 441 4055 virtute
464 3990 565 4065 Solis3
589 3999 734 4071 quatenus
758 3992 877 4072 quidem
901 3991 1018 4072 species
1039 3989 1261 4055 immateriatae
1275 3990 1356 4053 Solis
1375 4002 1407 4053 et
1422 3990 1552 4053 Telluris
1577 3992 1679 4054 lineas

271 4107 277 4118 .
329 4090 463 4144 motuum
486 4081 659 4143 describunt
679 4079 853 4160 parallelas.
900 4081 958 4143 Ubi
982 4098 1053 4141 vero
1077 4099 1110 4141 se
1141 4089 1247 4143 secant
1275 4081 1312 4142 ad
1342 4089 1459 4155 rectos,
1489 4079 1530 4141 ibi
1560 4081 1678 4144 nullum

262 4169 266 4178 ”
330 4190 398 4233 esse
422 4169 626 4248 adjumentum
645 4189 682 4231 ex
700 4168 780 4232 Sole.
814 4170 988 4241 Videamus,
1012 4189 1050 4232 an
1069 4169 1139 4252 quid
1155 4170 1264 4250 opponi
1288 4169 1387 4250 possit
1408 4167 1477 4252 huic
1500 4167 1676 4250 hypothesi.

330 4257 407 4322 Cum
429 4259 521 4339 igitur
545 4259 706 4338 adjumenti
734 4277 873 4320 mensura
901 4267 1051 4320 statuatur
1077 4259 1108 4320 in
1140 4259 1257 4338 augulis
1288 4259 1449 4334 linearum,
1481 4257 1577 4320 virtus
1601 4277 1677 4320 vero

329 4349 503 4430 angulorum
528 4347 601 4409 insit
622 4347 653 4409 in
677 4345 778 4408 eorum
802 4347 931 4421 sinibus,
966 4347 1139 4421 considera,
1171 4349 1248 4429 quod
1277 4349 1308 4415 in
1332 4347 1532 4430 quadraturis.
1546 4348 1678 4428 angulus

210 4464 213 4472 ’
329 4436 500 4511 rectussit3
517 4435 717 4514 adjumentum
733 4435 854 4510 nullum,
871 4435 945 4498 recti
962 4455 1033 4498 vero
1051 4437 1132 4498 sinus
1152 4443 1243 4510 totns,
1264 4437 1415 4520 residuum
1430 4437 1533 4504 itidem
1549 4437 1676 4500 nullum.

331 4525 422 4590 Circa
436 4525 634 4607 quadraturas
649 4525 774 4608 angulus
797 4532 879 4587 recto
902 4526 1084 4606 propinquus
1108 4525 1200 4587 habet
1223 4527 1272 4586 diu
1293 4519 1392 4598 sinum
1417 4546 1475 4588 uon
1499 4525 1591 4595 multo
1616 4528 1677 4588 mi-

276 4669 279 4680 .
331 4630 435 4679 norem
457 4623 531 4690 toto,
554 4613 675 4678 residua
698 4616 735 4678 ad
759 4622 855 4679 totum
878 4613 974 4676 sinum
998 4634 1100 4694 parva,
1125 4615 1327 4694 adjumentum
1351 4615 1442 4678 etiam
1465 4634 1600 4696 parvum.
1640 4617 1676 4678 Iu

331 4705 446 4787 copulis
470 4704 614 4770 linearum
630 4705 756 4784 angulus
770 4703 879 4776 nullus,
904 4701 987 4765 sinus
1002 4705 1111 4780 nullus,
1136 4704 1284 4766 residuum
1301 4705 1383 4767 sinis
1401 4713 1492 4778 totus,
1517 4703 1676 4783 adjumen-

332 4804 395 4858 tum
417 4792 589 4856 maximum.
625 4793 701 4857 Post
722 4792 859 4874 copulam
881 4792 982 4870 anguli
1005 4792 1129 4856 omentis
1153 4791 1236 4856 sinus
1259 4793 1357 4856 subito
1382 4789 1535 4868 crescunt,
1553 4792 1677 4855 residua

331 4881 431 4944 subito
459 4881 650 4959 decrescunt,
680 4890 714 4944 ut
740 4888 772 4944 et
797 4881 978 4961 nidamenta.
1025 4879 1105 4944 Sunt
1126 4899 1198 4962 ergo
1221 4881 1392 4962 colligenda
1413 4881 1535 4946 residua
1557 4881 1675 4944 sinuum
1789 4937 1790 4940 ,
