3582 5558
513 211 543 264 ce
562 211 798 267 comnenus
816 217 884 264 mou
897 211 988 265 uasa
1006 209 1101 264 mee.
1413 199 1475 272 iti

203 391 409 444 Fabricius:
429 390 458 446 Si
474 391 521 448 hot
538 406 594 445 meo
611 393 686 446 modo
702 393 728 444 in
747 405 850 446 cauno
867 391 951 448 eirouli
967 387 1185 455 (ptrtdditionem
1202 387 1309 451 pastun
1325 383 1425 438 lunula
1441 383 1476 436 'ad

132 465 203 528 mura
220 462 385 525 mmaiiae)
404 479 450 529 per
467 463 639 530 rectaugulum
656 463 695 516 rei
716 464 862 518 foemudum
886 463 998 514 tabulam
1023 461 1176 526 mutonis
1193 459 1286 524 primto
1304 457 1422 523 angulum
1437 456 1477 508 vti

132 535 273 588 medam
289 537 374 600 primo
400 541 564 600 conquetas
586 537 741 600 inquisiverit
759 543 786 588 et
800 542 862 600 ,post
878 551 922 600 per
939 536 1005 586 huno
1032 538 1166 598 aequm
1193 531 1310 596 eupolum
1337 528 1477 580 nemetae

132 607 259 659 ”tundam
278 609 463 676 aequationem
481 608 674 673 investigaveris,
692 608 794 660 hahetis
812 613 890 670 totam
909 604 1140 672 proeohsphaereetn
1158 605 1313 658 scriniorum·
1343 599 1378 651 Ut
1394 610 1476 652 meam

131 673 280 743 hypothesin,
299 693 378 744 quam
391 685 439 729 tua
449 677 566 728 sederem
582 679 674 743 judico,
692 679 788 746 plenius
804 681 946 744 perspicias.
966 693 997 730 en
1009 676 1117 728 schema.
1133 703 1165 713 -
1177 673 1232 725 Hoc
1244 674 1344 726 schema
1355 671 1476 726 additam·

132 765 173 816 que
200 749 394 814 explicationem
421 750 559 800 omittenda
586 765 723 809 censemus,
748 741 804 802 oum
831 753 889 814 quia
915 753 968 815 ipae
995 747 1124 811 adscripsit
1141 745 1282 798 Fahrlcius:
1319 758 1364 804 „ox
1391 742 1476 792 celeri·

132 827 181 871 tate
200 827 226 872 et
243 821 414 886 incogitantia
431 821 538 871 Martem
555 835 599 886 pro
616 821 747 873 libratione
766 822 855 888 apheiii
872 822 938 873 maie
957 819 1101 877 collocari“‚
1121 816 1209 868 deinde
1227 822 1334 868 correcto
1352 815 1388 864 his
1405 813 1477 862 sche-

133 899 198 943 mate
214 892 298 956 priori.
317 891 408 942 addit:
439 891 555 950 „schem
570 895 652 943 minus
666 894 798 944 'commode
815 893 972 953 tormetum“‚
998 897 1024 942 et
1041 891 1129 940 adteri:
1151 889 1244 947 „nimia
1264 885 1388 936 festinatio
1407 883 1476 940 iacit

133 975 159 1015 ut
176 963 306 1014 mode
330 969 413 1014 uam
438 963 585 1028 hypothesin
602 965 629 1014 in
647 979 695 1014 uuo
713 965 841 1016 schemate
857 981 908 1015 uon
927 961 1112 1030 depinxerim“;
1137 967 1189 1011 tmn
1207 961 1265 1025 quia
1283 959 1407 1009 Fabricius
1425 967 1475 1006 nou

132 1041 264 1087 contem
282 1035 360 1086 uibus
378 1034 421 1085 hir
435 1037 508 1084 initis
526 1037 654 1086 conatibus
672 1043 786 1103 quartsum
797 1037 855 1102 quin
870 1039 947 1088 etiam
958 1037 1070 1102 quintum
1081 1033 1113 1084 ad
1126 1031 1191 1082 idem
1204 1032 1275 1088 redit.
1294 1029 1359 1080 undo
1370 1028 1436 1078 inira
1448 1037 1479 1102 ea

132 1107 304 1164 dumshus.
323 1119 388 1171 quae
407 1107 441 1158 ad
457 1121 509 1156 rear
526 1109 658 1171 pertinen

219 1177 280 1230 Jam
296 1192 347 1228 nou
370 1177 506 1242 respiciens
524 1179 591 1228 male
610 1179 747 1230 delineatae
770 1179 861 1246 figuras
881 1179 1005 1230 exclamat
1022 1176 1164 1228 Fabricius:
1182 1187 1254 1240 quam
1269 1171 1386 1236 tumoris,
1405 1183 1479 1236 qaam
1549 1190 1551 1194 ·

131 1257 215 1306 ento,
244 1263 321 1315 quam
348 1248 442 1306 iactis,
471 1263 544 1313 pum
570 1257 734 1315 congruenter
755 1251 819 1302 haec
847 1253 911 1301 inter
929 1265 956 1300 se
975 1256 1001 1299 et
1018 1249 1086 1300 coeio
1108 1249 1278 1304 censendam,
1305 1243 1411 1308 pluribus
1430 1256 1479 1292 non

131 1321 317 1374 dumbs.
348 1319 387 1374 Tu
403 1321 446 1371 iac
463 1321 598 1384 periculum
617 1327 643 1371 et
660 1323 765 1374 Fabricii
782 1323 878 1388 rigidas
896 1321 979 1371 multis
998 1322 1069 1371 annis
1087 1321 1113 1370 iu
1130 1319 1178 1370 hac
1196 1334 1222 1369 re
1240 1315 1380 1368 mandam
1399 1314 1476 1365 adrui·

131 1393 232 1443 rubedo
271 1391 356 1452 iiiaec
374 1393 450 1442 resta
467 1393 577 1456 sequitur
593 1394 705 1443 mouscin
722 1407 815 1451 samm.
834 1408 896 1458 quas
914 1394 1025 1454 diximus,
1045 1393 1230 1448 correctionum,
1248 1391 1368 1452 integrum
1390 1399 1479 1436 cousu-

131 1479 201 1515 ιω
212 1459 323 1523 iulium.)
344 1462 442 1512 Made
454 1465 550 1528 pergite
570 1463 643 1521 Vide.
662 1466 694 1514 mi
708 1466 870 1516 eruditissime
882 1464 997 1528 Kepiere.
1009 1478 1075 1514 nuno
1087 1464 1212 1528 utriusque
1227 1459 1383 1526 hypotheses,
1397 1455 1496 1511 contar,

131 1536 196 1592 idas,
216 1543 245 1584 et
259 1534 361 1597 judica.
379 1541 439 1584 utra
455 1535 488 1582 cit
504 1534 613 1592 insidior,
634 1537 666 1586 ad
684 1537 840 1599 probandum
854 1545 880 1587 et
902 1535 1098 1602 persuadendum
1124 1533 1312 1585 convenientior.
1347 1528 1406 1579 Hoc
1420 1527 1480 1584 scio,

130 1607 227 1658 sutiam
244 1617 357 1669 usqum
374 1605 508 1656 tardiorem
526 1607 552 1654 in
569 1609 732 1670 eupatorihes
751 1609 835 1658 deum
854 1623 908 1660 esee
928 1616 972 1658 sot
990 1607 1042 1657 dari
1056 1620 1135 1670 posse.
1155 1611 1180 1656 et
1197 1605 1230 1656 ad
1247 1603 1322 1654 talem
1339 1598 1480 1664 hypothesis

131 1677 316 1728 Monam
334 1691 381 1741 ego
392 1677 465 1728 trium
483 1679 633 1740 superiorum
646 1679 744 1728 tehuias
762 1687 895 1744 supputere
912 1679 1002 1744 incepi.
1028 1677 1076 1728 Per
1093 1691 1149 1728 eam
1162 1684 1301 1728 menemus
1319 1688 1373 1723 sum
1385 1670 1480 1721 serhsi·

132 1764 198 1800 mam
217 1749 353 1805 sadum.
372 1762 416 1798 cur
427 1763 457 1800 eu
470 1744 485 1796 8
500 1749 653 1811 amonyohi'n
671 1751 879 1802 obsematiosshua
898 1767 980 1804 rerum
998 1749 1121 1814 apheiium
1137 1757 1162 1799 et
1174 1747 1343 1800 eooentricitus
1360 1745 1482 1796 hactams

131 1822 185 1872 dari
204 1835 259 1870 non
276 1819 392 1884 potuerh.
429 1819 482 1884 Ego
500 1821 560 1880 scio,
579 1821 630 1870 scio
649 1822 758 1886 inquam.
776 1823 904 1887 perhanc
923 1837 1004 1873 meam
1027 1821 1171 1884 hypothesin
1190 1820 1237 1872 hoc
1253 1819 1305 1870 fieri
1323 1831 1394 1880 posse
1413 1821 1440 1864 et
1456 1814 1482 1864 in

133 1889 205 1942 0-ss
222 1891 292 1941 horit
309 1895 390 1940 totum
407 1890 467 1940 itud
485 1893 611 1956 negotium
634 1893 725 1942 abscisi
750 1909 837 1957 posse,
865 1895 929 1960 quod
947 1901 975 1945 tu
991 1909 1036 1957 per
1053 1889 1070 1941 4
1089 1893 1237 1956 acronychit
1254 1891 1292 1940 viu
1310 1883 1379 1938 h-8
1398 1889 1483 1940 diebus

132 1967 157 2015 in
174 1978 230 2015 uno
247 1963 354 2027 pisum
380 1961 502 2024 perficies.
538 1961 566 2012 Si
583 1964 629 2014 tihi
646 1965 795 2027 probabitur.
815 1972 844 2015 nt
860 1981 909 2016 non
935 1965 1035 2026 dubito,
1063 1966 1084 2013 si
1102 1963 1278 2016 examinaveris
1302 1963 1328 2011 in
1345 1959 1484 2026 waedpuis

132 2037 194 2086 teate
213 2049 261 2100 per
279 2033 471 2090 ohservationes,
490 2039 516 2084 et
534 2034 582 2082 tuis
595 2034 790 2086 *commentariis
807 2038 832 2086 iu
850 2038 901 2088 tine
917 2038 1052 2102 adjungere
1069 2035 1185 2097 volueris,
1210 2035 1331 2088 rescribe.
1357 2039 1417 2084 tune
1437 2045 1484 2100 ego

130 2109 221 2158 emnia
240 2102 431 2170 didgentimime
448 2110 475 2154 et
487 2105 672 2156 accuratissime
684 2119 741 2157 oum
753 2111 815 2158 reris
834 2109 1082 2160 demonstrationibus
1094 2113 1119 2157 et
1132 2107 1255 2171 exemplis,
1272 2108 1331 2155 item
1344 2103 1484 2155 calculandi

132 2179 233 2230 mbae
261 2186 288 2227 et
311 2173 366 2225 aiiis
391 2175 553 2226 adumbratos
585 2176 643 2227 Noli
660 2179 695 2227 mi
712 2179 820 2243 Raptore
843 2182 947 2245 amplius
975 2181 1071 2230 somnia
1096 2189 1184 2230 roomo
1208 2177 1272 2228 haec
1293 2189 1352 2228 mea
1372 2177 1483 2230 inventa·

134 2248 604 2380 :mmmmm
615 2250 1133 2389 titoiitimnitttgiiit?
1144 2248 1341 2386 stiterit?
1352 2248 1485 2386 {itit

133 2391 207 2449 ephsi.
227 2403 305 2455 quam
323 2389 390 2440 hauc
408 2391 543 2447 invenerim
560 2391 708 2454 hypothesin
726 2400 835 2444 etseras
853 2408 942 2444 causas
959 2393 1089 2444 mmtorum
1107 2393 1228 2444 hacteuus
1244 2392 1375 2442 latentium
1392 2396 1483 2454 myrte-

133 2466 226 2514 tiorum
244 2461 365 2526 piasset
378 2460 457 2524 *piano
474 2461 652 2527 indagassem,
670 2463 736 2528 qnod
751 2466 812 2527 jam·
823 2465 872 2515 Dei
889 2467 1009 2518 beneficio
1026 2471 1082 2530 poet
1097 2464 1209 2514 millenas
1235 2479 1319 2522 curm,
1342 2463 1484 2514 maumam

134 2533 328 2588 adulam
346 2531 443 2597 sigdias
461 2546 576 2596 operosas
594 2548 638 2598 per
656 2530 671 2581 t
690 2545 810 2585 tuomum
828 2539 934 2600 epatium
951 2537 1052 2588 tandem
1069 2537 1157 2587 inveni.

228 2604 270 2654 Tu
286 2603 337 2653 uoii
354 2603 510 2660 libyadooem
528 2617 655 2655 aocmare.
684 2605 768 2667 Quare
780 2609 813 2656 mi
825 2608 932 2673 Keplere
951 2625 1000 2658 non
1012 2609 1075 2659 haec
1088 2613 1139 2658 tam
1155 2610 1193 2658 est
1204 2612 1309 2657 naturae
1328 2605 1484 2661 couveniens,

132 2691 211 2742 qaam
227 2674 349 2726 muinooe
367 2682 427 2725 tuae
445 2675 626 2738 speoulau'ones
645 2678 713 2727 circa
730 2684 799 2728 mam
816 2679 984 2744 hypothesin?
999 2681 1055 2730 ,Etsi
1067 2680 1172 2730 maxime
1190 2685 1236 2728 tusa
1247 2677 1389 2742 hypothesis
1407 2676 1486 2727 salvet

133 2755 231 2806 m,
246 2746 365 2810 mandi
383 2753 469 2796 tamen
487 2745 550 2796 ratio
568 2762 612 2811 per
629 2755 686 2808 tuas
704 2749 852 2813 hypotheses
869 2757 922 2802 tam
941 2759 980 2803 est
996 2751 1111 2816 perplexa
1129 2757 1154 2800 at
1172 2763 1287 2814 operosa,
1304 2755 1335 2798 ut
1351 2748 1389 2799 rei
1407 2749 1484 2812 primo

132 2821 230 2870 iutuitu
247 2817 357 2882 dhaem
374 2815 499 2868 damnare
516 2819 601 2881 possit.
627 2819 721 2879 Quodsi
738 2822 818 2872 minus
835 2823 880 2874 tihi
892 2823 1034 2896 probahitnp
1051 2823 1090 2874 rel
1102 2823 1178 2874 etiam
1195 2823 1309 2880 maxime,
1328 2820 1385 2871 noio
1401 2825 1485 2870 tameo

132 2899 161 2940 ut
179 2889 238 2941 aiiis
258 2903 315 2939 eam
333 2889 515 2945 eommunices,¹
528 2889 572 2942 scd
583 2891 628 2940 suh
641 2889 752 2950 Uraniae
764 2892 814 2942 fide
831 2899 913 2946 tecum
925 2897 976 2946 sint
993 2894 1083 2951 omnia,
1102 2895 1165 2944 deut
1176 2899 1221 2959 tua
1234 2893 1299 2958 apud
1310 2907 1351 2942 me
1363 2891 1486 2944 manuus

133 2969 259 3026 tanqum
276 2961 303 3010 in
322 2959 413 3010 abditis
431 2959 542 3010 Uraniae
559 2967 588 3011 ut
604 2961 739 3026 palladium
758 2963 847 3027 Troiae
860 2966 960 3017 vlatuere
979 2972 1004 3016 et
1021 2971 1051 3016 ut
1066 2965 1183 3030 mysteria
1208 2964 1381 3018 reconduntur·
1413 2960 1485 3023 Quae

132 3035 206 3098 εἴη
221 3033 260 3082 sic
276 3032 377 3100 anagnis
394 3031 519 3084 laboribus
537 3032 641 3084 anobis
659 3035 828 3098 inquiruntur,
850 3053 899 3088 non
918 3038 1009 3090 debent
1026 3036 1079 3087 aliis
1103 3036 1163 3086 iocis
1188 3041 1247 3086 ante
1266 3042 1362 3098 tempus
1380 3032 1484 3084 obtrudi.

133 3105 199 3156 sitio
217 3119 275 3154 meo
293 3102 398 3152 ”dieite
416 3109 463 3153 tua
479 3104 611 3168 inquiremi
623 3099 658 3166 ¹⁴)
681 3106 748 3156 nolui
765 3106 850 3158 literae
868 3115 924 3160 tuat
946 3099 1107 3174 periegendas
1126 3106 1184 3161 dura
1202 3106 1307 3159 endem
1325 3105 1357 3155 oh
1375 3117 1485 3162 ceusu,

132 3191 167 3227 ne
186 3175 226 3226 sei
244 3175 412 3241 incogitantia
433 3175 538 3239 iuvenili
560 3177 615 3228 aliis
633 3177 658 3226 iu
685 3177 819 3228 academiis
838 3179 1032 3244 propalarentur,
1052 3167 1235 3246 ‘antequamltul
1257 3177 1389 3242 quidquam
1407 3175 1439 3226 de
1457 3175 1487 3225 iis

131 3247 297 3314 publianum
1213 3291 1216 3298 ,

226 3317 313 3380 Quare
331 3320 446 3376 asumma
462 3333 545 3370 meam
563 3317 710 3383 hypothesin
730 3325 756 3370 et
771 3317 891 3383 judicium
903 3328 973 3372 tuum
991 3319 1096 3372 candide
1109 3315 1149 3382 (ot
1166 3308 1312 3370 soies‘aiias
1331 3323 1357 3369 et
1374 3319 1399 3368 in
1419 3312 1486 3382 aliis)
1525 3327 1545 3374 ·,

131 3392 270 3456 penoribo,
288 3381 353 3440 et'si
368 3389 425 3454 quid
443 3398 531 3440 contra
548 3391 654 3454 objicere
672 3393 763 3455 poteris
776 3393 862 3456 objice,
882 3393 939 3458 quid
957 3393 1043 3458 probes
1062 3399 1105 3442 aut
1124 3391 1243 3456 improbes
1262 3389 1418 3456 significat03
1438 3405 1484 3456 ego

132 3465 213 3529 ptimo
232 3475 331 3530 quoque
349 3466 457 3524 tempore
480 3469 538 3514 tuas
561 3463 646 3513 literas
664 3469 690 3518 ¹et
706 3478 851 3528 responsum
869 3464 902 3515 ad
924 3465 1079 3530 quaestiones
1106 3464 1210 3528 retiquae
1239 3478 1322 3513 omnes
1350 3469 1484 3527 exspecter

134 3535 196 3592 noli,
215 3547 319 3600 quaeso,
336 3547 376 3582 me
395 3531 487 3583 diutius
505 3533 623 3588 detinere.
660 3533 713 3601 Ego
732 3550 798 3586 nuno
817 3537 920 3602 agrariis
943 3535 1005 3586 euris
1028 3535 1165 3588 valedicere
1184 3533 1412 3595 constitui,‘iocari
1430 3534 1485 3590 aliis

122 3620 220 3670 ¹agros.
239 3611 269 3652 ut
286 3609 358 3654 tanto
375 3602 474 3654 liberius
493 3605 660 3656 astronomicis
678 3608 703 3655 in
721 3613 846 3670 posterum
864 3605 991 3672 inrigdere
1009 3608 1106 3672 possim.
1127 3631 1161 3643 -
1484 3605 1486 3610 '

223 3675 291 3725 Huic
312 3674 441 3740 apologiae
468 3677 567 3725 tertiam
595 3677 664 3727 addit
681 3677 807 3729 Fabricius
835 3681 1010 3729 correctionem
1027 3675 1133 3738 („nimie
1149 3675 1291 3728 festinatio*
1312 3673 1370 3738 to.)
1396 3677 1486 3726 iterum

132 3747 325 3870 memma
338 3745 437 3804 toton,
461 3761 511 3812 qua
527 3747 634 3799 nondum
663 3751 802 3810 sccundus
828 3757 958 3814 perspecta
975 3749 1137 3814 Keplerus
1155 3749 1188 3800 ad
1204 3749 1342 3813 praemissa
1358 3747 1485 3812 rospondit

220 3819 250 3868 in
265 3833 292 3866 un
324 3831 383 3872 um:
790 3850 798 3870 ,
1152 3867 1154 3878 ,

223 3889 276 3952 Ad
300 3897 354 3952 tua
376 3909 445 3954 vero
461 3890 537 3954 haec
558 3890 682 3956 iuventa
705 3892 741 3954 de
756 3894 867 3968 Marte,
892 3912 967 3973 quae
981 3891 1182 3975 Pythagorioo
1201 3892 1309 3960 affectu
1332 3909 1484 3970 commen-

133 3979 190 4042 das
211 3997 322 4060 meque
344 3978 456 4044 invitas
480 3981 520 4042 ed
543 3999 580 4042 ea
600 3981 787 4062 admirande,
812 3980 882 4062 quid
905 3982 1001 4061 dicam
1025 4001 1081 4054 non
1105 3981 1208 4044 habeo.
1254 3979 1394 4042 Ridebo?
1438 3979 1488 4043 At

133 4067 263 4132 meliora
276 4069 401 4132 meritus
416 4091 452 4132 es
471 4069 593 4149 egregio
608 4069 707 4138 studio
723 4071 932 4152 etcupiditate
947 4071 1107 4152 inculpata.
1143 4069 1246 4150 Magni
1262 4088 1332 4140 vero
1353 4067 1485 4130 faciam?

136 4158 382 4222 semiustos
405 4160 463 4222 erit
487 4158 645 4222 candidum
667 4159 792 4225 facinus.
819 4161 905 4222 ·Hoo
928 4161 1022 4224 solsuu
1044 4160 1098 4222 tibi
1129 4158 1210 4235 dieo,
1242 4168 1296 4228 aut
1318 4166 1348 4220 te
1371 4155 1485 4220 coinci-

136 4248 207 4312 dere
230 4249 263 4311 iu
287 4247 396 4310 effectu
419 4267 487 4312 cusu
517 4248 691 4328 operatione
720 4269 787 4315 mea
814 4257 867 4312 aot
890 4248 1092 4334 aberraturum
1120 4247 1293 4329 longissime
1316 4246 1355 4310 ab
1379 4245 1485 4320 obsor-

135 4338 223 4400 satis.
272 4335 376 4409 Quid?
413 4337 459 4400 Tu
482 4355 587 4416 parum
611 4338 722 4402 referre
745 4347 834 4419 putas
854 4337 897 4414 ad
919 4339 999 4402 orbis
1023 4336 1112 4402 annui
1135 4337 1338 4417 aequatione,
1362 4333 1486 4414 prolon-

136 4437 244 4508 gemm
272 4427 441 4492 dianatiae
472 4427 583 4490 Martis
606 4448 626 4490 a
648 4425 720 4492 Sole
748 4429 829 4490 circa
850 4428 964 4490 medias
988 4427 1187 4508 longitudines
1212 4445 1252 4504 aa
1270 4423 1485 4486 decertentur?

139 4517 200 4580 Aut
223 4518 274 4582 uhi
297 4535 355 4598 ego
379 4517 519 4590 decerto,
544 4523 577 4580 to
599 4517 687 4580 malis
710 4518 910 4597 prolongare?
956 4515 982 4579 0
1006 4515 1043 4578 te'
1059 4516 1216 4580 miserum!
1255 4512 1353 4584 Quam
1380 4531 1486 4593 parum

143 4625 248 4672 mmor
270 4628 304 4672 es
330 4625 450 4681 eorum,
476 4621 553 4684 quae
577 4606 646 4668 oiim
669 4606 732 4688 ipso
748 4613 889 4688 expertus
911 4605 998 4686 inque
1021 4605 1118 4668 literis
1142 4604 1241 4667 adme
1264 4600 1379 4684 prolixe
1402 4600 1483 4664 datis
1597 4677 1602 4690 ⁸

138 4703 258 4764 matus
287 4720 332 4764 es.
382 4696 458 4761 Non
484 4693 595 4756 sufficit
617 4694 784 4775 transigere
809 4715 873 4758 oum
897 4693 1097 4780 acronyohiis‚
1123 4699 1243 4772 oportet
1264 4699 1296 4756 et
1318 4688 1434 4772 reliqua
1455 4690 1489 4752 iu

136 4799 284 4876 conpede
308 4789 461 4858 habero.
