3604 5534
351 1851 398 1914 sio
420 1847 502 1925 FAI,
527 1855 598 1925 eat;
631 1841 779 1934 aequales
801 1851 897 1913 etiam
918 1849 983 1924 FA,
1009 1867 1069 1924 aor3
1099 1848 1146 1912 sio
1168 1841 1246 1916 HA,
1278 1835 1319 1914 ζα
1341 1845 1371 1903 el
1392 1834 1453 1908 IA,
1480 1837 1541 1905 na,
1575 1830 1700 1909 timidi&

352 1959 448 2003 ermes
471 1939 526 2001 ΡΗ
549 1947 577 2003 et
600 1934 640 2011 ιζ
658 1939 805 2024 aequales
828 1947 857 2002 et
879 1937 1008 2015 similes,
1032 1947 1066 2002 ut
1089 1945 1118 2001 et
1139 1936 1181 2000 Fi
1204 1939 1233 1994 et
1256 1935 1302 2004 ed,
1326 1947 1366 1991 ea
1388 1923 1649 2013 construerem

442 2028 588 2090 Manente
612 2028 714 2110 itaque
737 2029 788 2091 via
810 2029 919 2091 sideris
942 2029 1060 2101 eadem,
1084 2025 1170 2090 oculo
1194 2037 1265 2082 vere
1289 2016 1439 2080 translato
1463 2031 1501 2073 ex
1525 2011 1589 2089 din
1604 2031 1633 2082 e,
1656 2005 1699 2066 di-

353 2136 460 2180 versae
484 2126 646 2200 sequentur
670 2118 866 2198 apparentiae
890 2117 988 2198 idque¹
1002 2117 1108 2179 iisdem
1130 2109 1298 2192 temporum
1320 2103 1489 2168 momentis.
1535 2100 1615 2164 Nam
1638 2101 1666 2170 d,
1688 2090 1704 2166 ζ

354 2208 422 2270 looa
455 2207 559 2269 eadem
593 2207 792 2270 diversimode
824 2205 1023 2288 inspiciuntur
1054 2226 1091 2268 ex
1123 2205 1143 2282 β
1175 2209 1207 2263 et
1239 2216 1277 2259 ex
1307 2219 1337 2258 α.
1391 2189 1537 2254 Vicissim
1568 2193 1699 2251 manente

355 2296 441 2359 oculo
465 2296 495 2358 in
520 2297 559 2372 A,
584 2304 617 2382 Ιει
639 2297 810 2377 quantitate
834 2296 902 2358 viae
927 2295 1034 2358 sideris
1056 2293 1126 2370 EG,
1150 2291 1205 2365 IH,
1230 2287 1290 2350 situ
1313 2303 1385 2346 vero
1408 2281 1472 2363 ejus
1488 2286 1616 2350 mutato,
1638 2292 1700 2336 ΠΗ·

238 2454 242 2466 ,
356 2407 422 2450 sum
447 2383 531 2448 sidus
555 2384 714 2466 apparebit
737 2385 811 2448 loeis
835 2384 979 2460 diversis,
1011 2383 1069 2448 etsi
1093 2382 1196 2444 eodem
1220 2374 1339 2441 itineris
1359 2371 1425 2436 loeo
1449 2369 1614 2440 consistam
1636 2361 1699 2445 quia

356 2485 454 2538 totum
476 2475 536 2536 iter
558 2475 739 2537 translatum
763 2482 820 2536 est.
868 2473 943 2538 cum
973 2493 1043 2554 ergo
1067 2473 1204 2554 planeta,
1234 2466 1297 2528 eive
1322 2482 1360 2524 ex
1382 2485 1403 2524 α
1425 2449 1620 2539 inspiciatur,
1641 2452 1698 2552 sive

359 2585 396 2627 ex
419 2566 447 2640 p,
472 2564 610 2643 utrinqne
634 2564 739 2626 eodem
762 2572 912 2626 momento
936 2565 965 2626 in
989 2569 1007 2624 d
1029 2563 1071 2624 sit
1093 2561 1141 2622 vel
1165 2560 1195 2621 in
1217 2553 1242 2632 ζ,
1268 2563 1299 2616 et
1316 2570 1387 2613 vero
1401 2546 1588 2631 hypotheses
1603 2561 1699 2622 aequi-

357 2653 508 2735 polleant,
543 2670 635 2734 quare
663 2662 694 2714 et
724 2655 754 2722 Ι,
778 2653 821 2728 Ε,
849 2653 918 2715 ioca
954 2653 1138 2716 diversorum
1166 2643 1365 2728 epioyelorum
1389 2638 1494 2730 eodem
1516 2640 1701 2730 momentoe

316 2819 319 2826 .
358 2743 482 2825 planete
504 2741 651 2822 possideri
676 2741 832 2803 dicendum
857 2751 915 2818 est,
939 2742 1070 2822 itemque
1094 2748 1127 2802 et
1150 2737 1189 2811 G,
1214 2735 1251 2797 H.
1290 2733 1356 2795 Hoo
1376 2726 1585 2790 tantummodo
1600 2722 1699 2820 discri-

359 2830 447 2896 minie
464 2839 521 2906 est,
547 2831 624 2911 qnod
643 2830 784 2912 inprime
803 2833 967 2908 schemate,
991 2832 1078 2894 oeulo
1093 2832 1243 2899 manente,
1267 2822 1325 2884 iter
1338 2820 1480 2901 planetae
1494 2834 1550 2895 per
1564 2811 1700 2874 variatio-

360 2940 428 2983 nem
451 2919 576 3002 epioyoii
604 2917 663 2982 situ
687 2939 741 2982 auo
766 2929 934 2984 emeretur:
958 2921 989 2983 in
1013 2919 1143 2982 seeundo
1168 2933 1238 2977 vero
1262 2911 1414 2974 schemate
1443 2904 1547 2968 itineri
1574 2903 1702 2983 planetae

363 3011 438 3072 situs
470 3027 585 3090 quoque
609 3009 690 3071 idem
713 3017 833 3087 manet,
869 3009 946 3073 oculi
983 3028 1055 3072 vero
1084 3007 1161 3070 situs
1184 3000 1360 3066 tantundem
1383 3001 1516 3058 mutatur
1540 2992 1571 3056 in
1594 2991 1702 3072 plagam

362 3097 552 3162 contrariam.
595 3097 830 3176 Potesttamen,
855 3100 881 3163 si
896 3117 1020 3162 necesse
1036 3107 1093 3171 est,
1116 3103 1148 3159 et
1162 3093 1225 3158 illio
1247 3091 1307 3152 iter
1330 3086 1434 3150 ethio
1457 3083 1562 3146 oculus
1585 3093 1701 3146 manere,

361 3187 549 3269 transposito
574 3188 653 3269 qnod
673 3189 737 3269 jam
761 3197 872 3266 manet,
897 3207 950 3270 per
974 3188 1183 3251 demonstrata
1206 3177 1367 3262 superioris
1391 3173 1511 3256 eapitis.

455 3278 538 3342 Usus
562 3277 651 3358 hujus
676 3278 941 3341 demonstrationis
965 3285 1107 3358 sequetur
1120 3275 1217 3337 inira:
1243 3267 1390 3343 nimirum,
1415 3265 1440 3328 si
1454 3261 1552 3345 prima
1571 3259 1701 3356 inaequa-

363 3365 435 3429 litas
469 3365 654 3448 superiorum
686 3367 877 3448 planetarum
909 3365 1021 3429 saivari
1048 3372 1153 3447 posset
1180 3381 1234 3443 per
1257 3355 1366 3439 eapitis
1390 3353 1512 3416 secundi
1536 3347 1702 3434 hypothesin

365 3453 550 3535 simplicem,
587 3463 658 3518 tono
685 3456 769 3518 nulia
798 3457 925 3520 oriretur
954 3455 1137 3529 difficultas,
1176 3453 1238 3513 sive
1270 3446 1336 3528 quis
1369 3444 1446 3506 hene
1469 3437 1704 3521 inaequalitatem

366 3543 553 3607 examinaret
584 3543 615 3606 in
644 3545 741 3608 media
770 3543 834 3608 sive
862 3545 892 3607 in
924 3543 1081 3625 apparenti
1115 3538 1302 3622 oppositione
1335 3553 1400 3596 cnm
1432 3529 1521 3605 Soie;
1559 3545 1626 3591 nam
1655 3523 1705 3622 itt!

325 3633 329 3643 ’
366 3641 503 3696 maneret
526 3652 557 3694 re
587 3651 660 3695 vere
686 3634 785 3708 idem,
810 3641 842 3696 et
858 3634 983 3714 planeta
1007 3640 1089 3696 esset
1112 3630 1250 3710 utrinque
1273 3625 1303 3688 in
1327 3623 1436 3686 iisdem
1457 3617 1579 3701 punctis
1601 3614 1705 3677 itineris

368 3724 407 3784 ad
442 3722 568 3801 quodvis
598 3730 799 3798 momentum,
835 3723 1042 3786 tantummodo
1074 3721 1151 3784 situs
1180 3718 1269 3798 hujus
1293 3711 1411 3776 itineris
1434 3729 1488 3791 per
1511 3707 1639 3791 spatium
1661 3717 1705 3761 ec·
1775 3783 1776 3792 ἵ

368 3811 569 3874 centrioitatis
603 3809 684 3876 Solis
721 3819 888 3876 mutaretur
920 3810 950 3874 in
978 3811 1073 3894 primo
1102 3811 1274 3873 schemate:
1308 3805 1338 3866 in
1371 3797 1618 3888 seeundoqetiam
1640 3790 1721 3865 (eitu-

367 3903 522 3975 manente)
554 3910 714 3982 punctum,
752 3902 829 3964 unde
860 3909 1051 3984 computatur
1093 3897 1316 3971 eoeentrioitas,
1358 3889 1537 3954 tantundem
1575 3895 1705 3959 transpo-

367 3997 499 4054 neretur.
611 4001 614 4006 '

456 4081 491 4142 In
522 4079 649 4162 physica
681 4079 919 4144 consideratione
942 4086 1066 4142 manent
1089 4076 1257 4158 superiora,
1281 4079 1433 4137 mutantur
1457 4075 1575 4132 tantum
1598 4053 1705 4144 quanti-

368 4177 451 4234 tates
474 4169 505 4232 in
528 4169 694 4234 intentione
717 4169 860 4235 virtutum
883 4160 1061 4234 metrioi'um.
