3678 5532
642 299 714 376 ,ΡΨ
730 295 835 362 (Μ
873 297 954 366 Μ
970 299 1049 352 Lm
1454 298 1521 372 tet

175 493 274 556 nsque
287 474 444 538 collimant
464 476 607 557 planetae
619 477 661 539 ad
683 477 720 540 B.
756 475 800 539 Et
822 476 867 540 sic
889 476 985 560 ipsum
1009 478 1034 540 B
1059 479 1145 561 quusi
1161 486 1296 544 centrum
1308 479 1459 562 portemus
1472 489 1523 546 est

176 563 243 646 ipso
274 563 383 628 itinere
408 564 472 630 OD.
519 565 553 628 Si
575 582 646 628 raro
676 567 873 646 inspiceretur
895 586 915 628 a
935 565 1076 648 planeta,
1100 569 1182 648 prius
1210 577 1293 650 esset
1320 571 1386 649 ipsc
1405 569 1521 634 itinere

262 653 320 716 His
348 654 450 736 itaque
477 655 516 716 de
539 655 639 718 causis
668 673 744 736 nego
777 655 898 718 sinum
924 675 1071 720 versum
1103 659 1316 721 anomaliae
1349 660 1523 724 ecceutri

174 759 382 806 mensuram
414 743 707 807 subministrare
738 744 914 824 planetae
946 745 1177 808 librationis
1209 767 1311 824 suae,
1344 767 1405 812 non
1437 749 1517 830 quod

173 831 251 895 baec
271 851 414 895 mensura
435 852 494 896 nou
515 833 567 908 sit,
591 834 644 897 aed
665 834 744 915 qnia,
766 833 825 896 elai
848 834 898 910 ait,
922 855 942 896 a
963 834 1103 915 planetae
1133 843 1233 900 mmen
1265 845 1365 902 mente
1388 857 1448 902 non
1470 856 1521 900 re-

172 921 310 1002 spicitur.
347 923 392 985 At
414 921 441 984 si
463 923 629 1003 augendam
652 931 684 985 et
705 922 896 998 minuendam
912 923 993 987 Solis
1016 924 1193 988 diametrum
1215 926 1355 1006 planetae
1382 926 1521 1008 ponimus

169 1028 228 1091 pro
251 1011 349 1074 medio
366 1031 419 1074 seu
435 1012 624 1082 adminiculo,
646 1031 700 1092 per
713 1012 792 1094 quod
814 1012 854 1074 ad
871 1012 973 1092 justas
995 1020 1028 1076 et
1050 1013 1172 1094 seipsis
1193 1015 1446 1098 imperceptibiles
1469 1015 1519 1078 di·

171 1103 304 1163 stantiaa
325 1100 391 1181 ipse
415 1101 624 1164 librationibue
648 1101 710 1164 suis
738 1101 891 1181 parvenit,
924 1102 1051 1183 huicque
1075 1103 1220 1167 diametro
1244 1105 1326 1168 Solis
1357 1105 1520 1168 variandae

172 1208 212 1250 ex
226 1189 482 1252 demonstratione
504 1190 638 1270 proxime
661 1190 802 1272 expedita
819 1191 955 1270 regulam
972 1192 1077 1255 demus
1091 1199 1124 1254 et
1147 1211 1316 1256 mensuram
1339 1216 1359 1257 a
1381 1195 1521 1275 planetae

169 1287 272 1341 mente
294 1278 515 1360 percipiendam
539 1279 718 1342 anomaliam
741 1279 871 1342 eccentri
894 1287 1102 1362 coaequatam,
1132 1281 1164 1344 in
1187 1283 1338 1347 schemate
1363 1283 1447 1347 DAO
1473 1283 1523 1345 vel
1595 1290 1602 1306 ¹

169 1368 274 1448 potina
296 1369 400 1432 KDA:
420 1369 483 1450 jam
507 1368 599 1449 igitur
621 1376 736 1432 starum
757 1369 879 1432 rectius
917 1370 997 1432 Nam
1018 1378 1144 1452 utraque
1167 1370 1350 1451 signarunt
1371 1371 1521 1452 percepti·

169 1455 263 1519 bilia:
288 1475 326 1519 ex
347 1464 433 1538 parte
456 1457 635 1533 librationis,
659 1477 798 1522 macena
820 1465 853 1520 et
872 1459 1051 1522 decrescens
1074 1459 1247 1540 magnitudo
1271 1459 1409 1526 diametri
1422 1461 1520 1536 Solia3

168 1563 210 1608 ex
233 1554 320 1626 parte
342 1565 500 1610 mensurae
524 1563 577 1609 seu
599 1546 717 1628 anguli,
750 1547 810 1609 tria
831 1554 943 1627 puncta
964 1547 1140 1629 corporibus
1163 1549 1287 1614 vestita.
1332 1551 1412 1615 Nam
1438 1551 1470 1614 iu
1490 1551 1522 1615 A

169 1635 239 1716 ipse
261 1634 314 1701 Sol
338 1643 395 1712 ost,
419 1635 449 1698 in
472 1637 501 1699 D
523 1637 656 1718 planeta,
679 1636 711 1698 in
733 1636 763 1698 K
785 1636 855 1712 lixa,
878 1637 969 1699 index
991 1636 1112 1718 aphelii.

259 1725 415 1789 Fortassis
435 1724 536 1806 itaque
552 1725 708 1788 dicendum
727 1724 794 1801 erit,
818 1726 912 1807 (quod
926 1725 1043 1807 quidem
1059 1725 1163 1806 etjam
1178 1745 1270 1808 supra
1283 1745 1348 1808 cap.
1364 1727 1517 1802 XXXIX,

168 1812 272 1894 posito
295 1832 383 1883 omn,
416 1813 495 1896 qucd
516 1821 642 1878 naturae
664 1815 745 1877 vireu
771 1830 831 1876 non
863 1815 1009 1878 sufflmaut
1030 1815 1161 1880 motibus
1183 1815 1364 1880 coelestibus
1385 1815 1517 1879 admini-

167 1903 312 1980 strandis,
337 1921 437 1966 sumus
453 1903 598 1983 amplexi)
613 1903 752 1984 planetae
775 1903 918 1966 tributum
933 1923 1001 1968 esre
1024 1920 1146 1968 sensum
1166 1904 1243 1968 lucia
1265 1906 1392 1968 lixarum
1412 1905 1513 1970 Solia-

167 2011 236 2076 que,
262 1992 347 2074 ouJus
369 1991 568 2054 radiatiouum
589 2011 735 2056 concursu
765 1993 845 2073 apud
866 1999 1000 2056 centrum
1025 1993 1186 2072 planetarii
1210 1995 1345 2074 corporis
1374 1995 1517 2074 angulum
1650 2003 1667 2032 ·

165 2081 247 2145 bane
269 2081 438 2145 anomaliae
460 2089 643 2164 coaequans
666 2083 815 2146 aestimet
870 2103 875 2112 ·
930 2139 937 2148 .

257 2172 326 2235 Una
349 2170 416 2234 sola
438 2171 596 2234 difficultas
618 2180 668 2234 aet
688 2171 893 2252 expedienda:
916 2189 1006 2252 quam
1029 2169 1067 2234 ob
1090 2189 1155 2234 rem
1175 2189 1236 2234 non
1257 2171 1306 2234 irio
1329 2171 1394 2250 ipse
1417 2189 1516 2251 angu-

164 2260 214 2324 lus
246 2261 302 2323 dat
331 2277 471 2322 mensura
497 2261 579 2341 operi
609 2259 795 2341 planetaria,
827 2259 906 2342 quod
935 2266 984 2322 eat
1010 2259 1059 2324 hie
1090 2277 1200 2339 augere
1228 2259 1409 2324 diametrum
1431 2258 1514 2324 Solis

137 2369 141 2378 ·
164 2365 294 2413 aeneam
316 2350 356 2410 ad
378 2349 491 2426 Solem,
515 2350 569 2414 sed
591 2367 646 2430 pro
668 2350 778 2430 angulo
801 2349 866 2429 ejus
889 2348 972 2412 ainus
995 2343 1170 2422 vemsrt)
1214 2347 1257 2412 Et
1278 2349 1386 2431 quibua
1408 2349 1516 2412 mediis

165 2437 411 2524 planeta-sinum
433 2438 601 2501 anomaliae
623 2445 807 2520 coaequatae
835 2437 1006 2520 percipiat?
1049 2439 1158 2502 Utrmu
1188 2437 1254 2518 ipse
1284 2457 1400 2520 quoque
1432 2456 1515 2500 more

166 2528 321 2592 bominum
342 2526 548 2590 ratiocinando
571 2528 603 2589 in
625 2527 815 2608 geometricis
838 2525 999 2606 pronciat?
1022 2545 1087 2590 curn
1109 2533 1211 2590 tamen
1233 2527 1349 2592 nullum
1371 2527 1516 2592 haetenus

163 2635 275 2680 munus
298 2623 398 2679 motus
415 2616 563 2680 coelestes
592 2615 822 2680 administrandi
844 2616 875 2678 in
897 2616 1038 2698 monetae
1061 2622 1191 2680 mentem
1213 2617 1411 2698 competierit,
1436 2615 1515 2698 qnod

165 2725 225 2770 uon
250 2705 395 2770 instinctu
417 2705 529 2782 divino,
552 2705 621 2768 inde
645 2726 665 2768 a
687 2706 840 2787 primaevo
861 2723 961 2768 rerum
982 2705 1103 2770 conditu
1125 2705 1183 2768 buc
1201 2725 1296 2788 usqne
1315 2705 1515 2788 pertingente,

166 2797 246 2860 citra
266 2793 530 2857 ratiocinationem
550 2795 645 2858 ullam
666 2794 742 2857 obiri
765 2801 879 2874 posset.
1082 2853 1085 2858 .

252 2884 465 2965 Repetendmu
492 2883 594 2966 itaque
616 2903 655 2944 ex
679 2883 771 2964 paulo
794 2881 990 2964 supradictis,
1023 2881 1103 2962 qnod
1124 2880 1208 2944 sinna
1232 2881 1399 2948 anomaliae
1423 2899 1514 2944 eoae·

164 2981 277 3056 quatum
304 2973 346 3036 sit
375 2972 466 3036 index
491 2972 677 3036 fortitudinis
705 2972 881 3052 angulorum
912 2969 1020 3046 ΚΒΑ,
1051 2969 1089 3032 de
1122 2970 1230 3051 quibus
1259 2970 1443 3034 Aristoteles
1482 2970 1514 3034 in

165 3061 367 3132 Machanicis,
390 3068 423 3125 et
444 3062 500 3126 boc
524 3062 628 3126 eodem
651 3061 749 3140 capite
771 3061 861 3142 paulo
885 3077 985 3139 supra
1022 3059 1102 3122 Nam
1124 3059 1183 3122 duo
1205 3059 1329 3122 brachia
1352 3058 1515 3122 commissa

165 3153 277 3234 angulo
300 3151 407 3215 obtuso
431 3149 557 3214 lacibus
572 3151 748 3232 diriguntur,
773 3168 862 3231 quam
891 3147 1001 3228 angulo
1023 3153 1123 3222 recto,
1156 3145 1244 3228 idque
1267 3147 1298 3208 in
1319 3146 1514 3234 proportione
1635 3185 1639 3194 ·

48 3292 50 3302 r
165 3243 293 3304 sinuum.
338 3240 380 3302 Et
410 3239 544 3304 vicissim
570 3241 630 3303 duo
663 3237 788 3304 brachia
817 3237 928 3318 angulo
959 3243 1048 3300 acuto
1082 3242 1294 3316 coagmentata
1331 3233 1451 3300 facilius
1477 3236 1513 3299 ,in
1546 3265 1550 3278 ι

164 3349 257 3392 unam
278 3335 391 3391 rectam
413 3337 559 3409 coguntur
576 3328 729 3438 'pitibus
751 3326 929 3408 coniunctis,
952 3344 1041 3407 qnam
1063 3324 1091 3388 ei
1113 3324 1223 3404 angulo
1244 3332 1328 3388 recto
1351 3341 1513 3406 coagum-

124 3451 129 3456 ·
163 3425 310 3482 tarentnr.
355 3419 472 3500 Repete
496 3419 782 3482 demonstrationem
802 3417 901 3496 ipsam
922 3433 961 3478 ex
983 3413 1074 3495 paulo
1095 3413 1280 3495 praemissis
1405 3483 1408 3491 ¹

254 3509 360 3590 Itaque
382 3527 442 3570 unc
464 3508 563 3584 modo,
588 3509 614 3570 ai
637 3513 771 3582 constet,
793 3506 947 3587 planetam
969 3503 1079 3566 habere
1103 3521 1225 3566 sensum
1247 3501 1433 3566 fortitudinis
1456 3521 1515 3566 an·

164 3597 313 3678 galerum,
335 3595 410 3660 nihil
432 3596 491 3658 erit
511 3597 635 3661 absurdi
657 3596 684 3659 si
706 3596 840 3659 dieamus
863 3595 983 3667 (nostro
1005 3591 1157 3656 homiuum
1179 3593 1351 3674 conceptu),
1374 3591 1512 3654 innotes-

165 3705 234 3749 cere
257 3685 304 3748 illi
337 3686 420 3749 sinus
442 3687 627 3766 angulorum.
672 3685 718 3748 At
739 3704 792 3748 cnr
821 3683 873 3748 ille
904 3681 1083 3746 sentisceret
1108 3681 1276 3746 naturalem
1305 3681 1511 3746 fortitudinem

164 3775 366 3856 angulorum?
409 3774 555 3838 Nimirum
583 3776 622 3838 ad
644 3775 793 3838 naturalia
813 3771 997 3836 revolvimur
1013 3768 1169 3852 principia.
1201 3768 1272 3834 Sint
1284 3769 1363 3834 euim
1378 3777 1412 3832 ut
1428 3768 1512 3850 priua
1645 3809 1654 3830 .

164 3871 281 3928 tractus
310 3864 388 3927 certi
414 3865 549 3944 corporis
571 3863 746 3944 planemrii,
779 3863 885 3945 quibus
908 3859 982 3924 insit
1010 3859 1057 3922 vie
1086 3858 1258 3939 magnetica
1279 3858 1453 3922 directionis
1480 3859 1511 3920 in

165 3953 291 4030 lineam,
315 3972 390 4034 quae
411 3951 516 4015 tendit
531 3954 696 4022 insulem.
739 3951 791 4017 Sit
813 3959 914 4014 autem
930 3949 997 4029 jam
1017 3968 1094 4024 nou,
1121 3957 1156 4012 ut
1176 3949 1271 4030 prius,
1293 3955 1418 4012 naturae
1441 3965 1512 4010 cor-

164 4043 263 4124 poris,
288 4042 342 4106 sed
363 4040 485 4104 animali
508 4041 659 4120 iaotlmti,
693 4061 745 4106 sen
768 4060 843 4124 quae
865 4038 946 4118 regit
966 4056 1076 4117 corpus
1097 4037 1237 4118 planetae
1259 4037 1431 4114 intrinsece,
1454 4037 1512 4098 hoc

165 4132 324 4208 tributum,
347 4138 391 4208 nt,
413 4132 484 4193 dum
506 4152 525 4194 a
546 4132 619 4198 Sole
640 4131 769 4212 rapitur,
793 4149 881 4194 mem
902 4126 988 4190 illum
1009 4127 1211 4208 magneticum
1233 4127 1273 4190 ad
1294 4127 1418 4190 easdem
1437 4142 1510 4206 per-

253 4371 438 4446 ⁶)P1msese
462 4391 554 4439 meus,
580 4371 711 4446 siqnidem
736 4371 844 4426 intenta
867 4375 912 4424 est
931 4369 967 4424 ad
991 4367 1146 4424 anomaliae
1163 4369 1343 4439 'coaequatae
1367 4366 1508 4440 angulum,

167 4472 221 4511 uon
240 4455 372 4512 aestimat
397 4455 457 4528 ejus
477 4452 704 4528 magnitudinem,
734 4453 782 4506 sed
802 4450 896 4506 sinum.
917 4479 954 4491 -
994 4447 1223 4513 Quemadmodum
1241 4447 1327 4518 paulo
1348 4453 1413 4502 ante
1433 4445 1508 4501 sinus

167 4541 258 4592 rectus
290 4536 442 4592 anomaliae
472 4533 592 4591 eceentri
617 4527 676 4604 (vel
701 4528 727 4587 ei
746 4529 935 4602 respondentis
956 4521 1141 4601 coaequatae)
1163 4527 1216 4582 init
1234 4527 1318 4582 index
1342 4525 1508 4581 lortimrlinla

167 4615 334 4682 librationis,
365 4616 440 4672 sinus
464 4631 530 4672 rere
550 4626 646 4670 versus
672 4611 825 4669 anomaliae
855 4607 973 4665 ecoentrl
992 4609 1046 4664 luit
1070 4609 1153 4664 index
1177 4607 1321 4662 conlectae
1343 4607 1506 4671 librationis,

168 4695 208 4750 ita
227 4697 273 4752 irie
297 4695 372 4752 rinna
396 4695 481 4768 ipsius
507 4691 662 4752 anomaliae
687 4697 857 4764 coaequatae
877 4697 921 4746 ert
941 4691 1024 4746 ludex
1050 4687 1215 4752 celeritatis,
1242 4701 1299 4759 qua
1317 4687 1416 4742 crescit
1434 4685 1506 4742 Solia

168 4773 313 4841 omnem,
340 4774 415 4832 maur
434 4779 622 4833 rorc'rerrur
649 4773 803 4829 manuhe
828 4777 999 4843 maeqvaoaa
1019 4776 1063 4825 eet
1082 4768 1165 4823 index
1192 4766 1334 4839 sumant·
1355 4766 1416 4838 jam
1432 4783 1507 4824 con·
1564 4821 1567 4828 ,

167 4855 261 4948 potati
281 4869 331 4927 par
350 4869 443 4912 omnes
463 4855 620 4914 alciata·
640 4852 843 4978 congaudentes.
