3680 5538
333 271 400 342 400
530 270 560 278 ”
610 271 612 276 ’
812 279 853 333 De
870 279 978 336 Motibus
996 279 1089 333 Statim
1106 279 1195 332 uum

333 454 465 537 ellipses,
489 457 608 520 omnino
627 457 813 537 existimans,
836 461 941 524 mesic
960 461 1049 541 longe
1073 457 1308 524 diversissimam
1325 453 1568 520 alibrationibus
1590 457 1679 540 sequi

333 544 524 628 hypothesin,
551 564 617 609 cum
642 547 731 628 plane
755 549 938 626 coincidant,
969 558 1003 613 ut
1024 549 1123 632 capite
1147 556 1290 631 sequente
1319 545 1589 610 demonstrabitur:
1619 545 1680 609 nisi

331 633 420 716 quod,
443 654 519 716 quae
542 655 737 716 peccaveram
760 639 842 720 prius
866 641 896 702 in
918 640 1068 714 methodo,
1091 640 1148 702 hac
1170 637 1287 702 ratione
1310 623 1429 701 iue‘runt
1451 635 1622 709 emendata,
1645 643 1677 699 et

329 725 432 806 Fprc
454 724 487 800 Ι,
514 725 561 788 ita
582 733 617 788 ut
644 725 759 798 debuit,
790 736 973 811 usurpatum.
1017 727 1250 810 Argumentatio
1281 745 1349 788 mea
1374 723 1446 786 talis
1472 723 1544 800 luit,
1579 723 1677 806 qualis

331 831 396 895 cap.
425 813 543 878 XLIX.
565 814 602 876 L.
626 821 658 878 et
682 816 766 880 LVI.
827 817 963 883 Circulos
996 837 1063 899 cap.
1091 816 1207 880 XLHI.
1242 823 1350 896 peccat
1383 831 1525 888 excessu,
1560 813 1678 896 ellipsis

330 921 395 985 cap.
419 902 520 966 XLV.
543 912 652 983 peccat
673 902 801 969 delectu.
839 897 881 970 Et
905 913 976 970 sunt
997 927 1140 972 excessus
1162 905 1215 967 ille
1238 913 1269 966 et
1291 903 1340 966 hio
1363 903 1499 966 delectus
1523 901 1677 985 aequales.

274 996 277 1005 “
329 991 414 1054 Inter
437 991 578 1055 circulum
601 1011 672 1056 vero
696 1001 727 1056 et
749 995 870 1078 ellipsin
892 997 966 1061 nihil
988 996 1109 1073 mediat,
1134 994 1192 1058 nisi
1211 993 1327 1074 ellipsis
1351 993 1421 1056 alia.
1458 992 1539 1073 Ergo
1558 991 1677 1072 ellipsis

329 1087 378 1144 est
398 1081 538 1163 planetae
561 1083 636 1158 iter:
667 1091 698 1146 et
724 1083 828 1149 lunula
856 1106 876 1147 a
898 1085 1084 1152 semicirculo
1115 1092 1235 1147 resecta
1264 1083 1357 1146 habet
1386 1079 1540 1144 dimidiam
1567 1079 1678 1162 prioris

329 1169 527 1244 latitudinem,
551 1171 668 1234 scilicet
690 1168 764 1236 429.
1399 1209 1403 1216 ·

417 1258 534 1332 Quodsi
556 1261 614 1322 iter
640 1263 782 1342 planetae
808 1272 892 1327 esset
921 1263 1051 1346 ellipsis,
1084 1260 1162 1325 satis
1189 1260 1303 1342 patuit,
1335 1277 1394 1322 uon
1422 1277 1514 1340 posse
1535 1259 1553 1321 1
1573 1260 1678 1340 prol*

329 1349 483 1430 usurpari:
515 1350 594 1432 quia,
625 1351 651 1412 si
680 1351 737 1414 hoe
769 1354 819 1428 ht,
850 1353 910 1416 iter
940 1354 1082 1432 planetae
1116 1350 1275 1414 bucccsum
1305 1349 1439 1412 efficitur.
1492 1345 1567 1412 Sira
1594 1349 1677 1412 m

330 1437 458 1522 capulis
488 1437 584 1514 GBD,
607 1439 697 1503 HAK
730 1441 878 1524 aequales
905 1443 997 1525 infra
1027 1439 1119 1516 QBP,
1149 1440 1251 1505 SAR:
1283 1447 1313 1503 et
1341 1446 1444 1503 ceram
1467 1437 1497 1500 R
1518 1437 1678 1524 scribatur·

327 1547 456 1593 mecam
488 1528 646 1612 eptcyclue
673 1531 725 1592 ΡΤ
753 1531 860 1614 perosa
889 1530 1051 1614 aequalis:
1081 1537 1111 1594 et
1142 1549 1182 1594 ec
1209 1530 1244 1602 P,
1276 1530 1412 1592 scotiam
1443 1525 1578 1611 cpicycli
1605 1547 1677 1590 aaa

327 1619 512 1693 crematae,
541 1617 822 1702 perpendiculares
848 1623 884 1686 ia
904 1620 971 1697 BQ,
995 1620 1055 1684 AR
1084 1618 1202 1684 caelarat
1223 1617 1289 1693 PV,
1312 1617 1389 1681 PM:
1423 1625 1454 1681 ct
1475 1622 1677 1681 mamae

328 1705 355 1770 P
378 1727 449 1771 mm
470 1709 508 1782 B,
530 1716 559 1772 et
582 1717 685 1772 oenoe
709 1709 748 1781 A,
776 1710 962 1774 diastemate
984 1710 1057 1783 AM,
1085 1729 1180 1774 arctes
1206 1707 1365 1772 scribatis·
1385 1707 1464 1780 MN,
1486 1725 1598 1770 secans
1619 1704 1677 1767 PV

330 1797 366 1860 r'n
390 1793 427 1870 0,
452 1796 503 1860 PB
525 1799 561 1860 in
582 1797 620 1861 N.
666 1797 728 1862 Est
749 1800 848 1880 iplttrs·
869 1799 1039 1884 daalcprrm
1059 1799 1284 1882 superioribus,
1307 1803 1343 1860 tet
1363 1797 1394 1859 εἰ
1409 1815 1473 1880 pro
1492 1795 1518 1857 F
1539 1815 1675 1878 atteme-

329 1906 401 1950 msts
422 1886 448 1961 I,
462 1887 536 1972 jam
553 1907 614 1970 pro
638 1884 666 1948 O
688 1907 876 1970 usurpantes
897 1890 936 1964 N,
956 1897 1160 1972 putemusque
1181 1887 1258 1962 AN,
1281 1893 1316 1949 ut
1337 1893 1383 1949 cst
1409 1884 1495 1966 justa
1521 1884 1678 1948 amasso

328 1971 536 2057 toayttadiae,
559 1978 656 2040 sicet
677 1977 742 2040 sito
761 1979 880 2062 iustam
897 1999 971 2042 csse.
1009 1977 1109 2060 Atqui
1126 1984 1247 2059 panesa
1264 1975 1334 2051 I,N
1357 1971 1523 2038 amaritia
1544 1973 1677 2058 afficirent

327 2065 389 2127 iter
406 2062 560 2146 placatae
579 2068 751 2130 mecoenas.
798 2069 886 2132 Nam
908 2065 1055 2150 capitales
1077 2073 1152 2131 mast
1173 2085 1269 2130 escars
1285 2061 1344 2127 GD
1360 2071 1388 2128 et
1403 2060 1469 2137 QP,
1492 2070 1522 2126 ct
1536 2061 1602 2138 BD,
1620 2061 1676 2124 BP

287 2209 292 2217 .
327 2173 368 2220 em
389 2155 547 2218 commoni
576 2163 680 2220 emb-o
711 2155 825 2239 aecae
853 2165 959 2222 secaret
987 2163 1139 2221 resectam
1166 2153 1318 2218 hruodum.
1364 2153 1464 2234 Atqui
1489 2151 1535 2213 DI
1556 2159 1587 2214 et
1608 2150 1674 2227 ΡΝ,

327 2241 513 2308 latitudines
534 2242 681 2319 tamtus,
708 2265 816 2309 verm
838 2255 979 2312 centron
1009 2255 1168 2320 mansae,
1191 2251 1264 2307 arse
1284 2239 1485 2324 inaequales,
1518 2247 1548 2304 ct
1568 2239 1676 2304 missor

326 2331 381 2407 DI,
405 2335 508 2417 major
529 2333 594 2395 ΡΝ.
642 2333 721 2398 &em
742 2337 826 2399 enim
848 2335 904 2400 ΕΙ)
928 2344 957 2400 et
977 2337 1038 2398 MP
1059 2337 1123 2399 siat
1144 2331 1300 2416 aeprales,
1324 2340 1354 2396 et
1375 2331 1458 2405 EDI,
1473 2329 1563 2421 ΜΡΝ
1584 2329 1674 2404 recti,

326 2421 369 2484 EI
382 2441 453 2485 vero
476 2419 747 2512 aradosorejor,
769 2432 875 2508 utpote
896 2425 1037 2509 loapiose
1058 2425 1153 2490 radic
1174 2422 1242 2498 ΑΕ,
1265 2430 1295 2486 ct
1313 2421 1378 2485 MN
1400 2417 1539 2484 arastes
1559 2419 1674 2491 aanor,

326 2517 433 2594 sapore
461 2509 599 2574 Nestore
629 2514 725 2576 radio
747 2513 829 2577 AM:
863 2517 988 2579 camiac
1020 2517 1122 2602 major
1143 2515 1204 2577 erit
1224 2511 1289 2588 ΡΝ,
1317 2512 1422 2576 minor
1443 2508 1496 2572 DI.
1541 2505 1675 2572 matter

328 2605 374 2662 eet
395 2598 494 2680 ipiturr
524 2607 644 2664 resecta
671 2599 785 2666 lunula
812 2607 959 2688 superius
980 2605 1069 2689 cpad
1090 2603 1128 2679 D,
1151 2602 1249 2668 latior
1278 2600 1417 2683 inferius
1438 2597 1527 2682 epod
1548 2596 1585 2658 P·
1630 2595 1676 2660 Al

326 2689 362 2752 in
384 2685 491 2774 ellipsi
512 2687 624 2752 lunula
645 2691 723 2754 haec
745 2691 890 2776 aequalis
912 2703 958 2758 eet
983 2693 1166 2759 lamminis
1187 2693 1222 2755 io
1243 2690 1374 2775 paractis
1402 2684 1577 2770 caprulitcr
1598 2705 1621 2748 a
1644 2683 1674 2748 G

325 2784 356 2842 a
383 2773 415 2849 Q
443 2777 609 2862 opsidibus
635 2783 773 2846 resectis.
828 2782 920 2850 Patet
947 2784 1053 2864 igitur,
1081 2782 1160 2844 viam
1186 2781 1348 2844 buccosam
1375 2797 1459 2852 esse;
1495 2794 1552 2838 non
1581 2774 1673 2856 igitur

326 2865 462 2948 ellipsin,
495 2885 530 2930 ac
553 2887 619 2931 cum
642 2869 757 2951 ellipsis
781 2872 927 2954 praebeat
944 2873 1046 2954 justas
1069 2870 1274 2952 aequationes,
1297 2868 1375 2930 hanc
1398 2865 1490 2946 igitur
1512 2865 1673 2928 buccosam

324 2956 389 3039 jure
418 2955 547 3038 injustas
576 2958 730 3038 praebere.
782 2961 848 3024 Nec
875 2971 942 3024 erat
970 2981 1061 3042 opus,
1096 2957 1291 3043 aequationes
1325 2977 1363 3020 ex
1395 2955 1494 3038 ellipsi
1524 2954 1560 3016 de
1593 2973 1671 3017 novo

326 3051 508 3126 computare.
563 3045 703 3111 Sciebam
735 3048 814 3113 ultro
845 3051 979 3114 facturas
1011 3050 1149 3113 officium.
1205 3048 1253 3110 De
1281 3043 1435 3116 distantiis
1465 3044 1670 3107 tantummodo

326 3133 473 3199 sollicitus
497 3154 588 3209 eram,
610 3156 648 3199 ne
671 3137 750 3200 forte
774 3158 812 3202 ex
830 3140 929 3222 ellipsi
953 3141 1107 3204 desumtae
1130 3136 1285 3219 negotium
1305 3135 1378 3200 mihi
1396 3136 1591 3198 lacesserent.
1626 3133 1672 3196 a:

325 3224 461 3306 quamvis
483 3224 540 3288 hcc
563 3226 722 3302 accideret,
746 3236 885 3308 paratum
909 3238 975 3293 erat
997 3230 1068 3292 mihi
1091 3227 1256 3303 latibulum,
1279 3223 1460 3288 incertitudo
1484 3219 1549 3286 200
1570 3221 1670 3303 parti-

326 3315 458 3376 cularum
488 3313 519 3378 iu
552 3313 715 3396 distantiis,
767 3318 874 3399 Itaque
907 3338 943 3382 ne
974 3319 1022 3382 hic
1054 3317 1173 3399 quidem
1203 3315 1293 3378 valde
1325 3313 1420 3378 haesi.
1467 3311 1565 3377 Multo
1598 3330 1669 3374 vero

324 3403 472 3466 mutnus
493 3412 561 3467 erat
583 3407 753 3486 serupulus,
778 3408 857 3487 quod
879 3425 955 3488 pene
982 3426 1074 3489 usque
1098 3406 1137 3468 ad
1162 3405 1311 3469 insaniam
1335 3403 1528 3467 considerans
1552 3407 1585 3462 et
1606 3400 1668 3464 cir-

325 3490 521 3573 cumspiciens
543 3493 675 3556 invenite
698 3513 756 3558 non
779 3503 925 3577 poteram,
948 3517 1000 3560 cur
1021 3498 1152 3578 planeta,
1178 3495 1224 3558 cui
1246 3502 1334 3556 tanta
1352 3511 1418 3556 cum
1440 3489 1666 3572 probabilitate,

188 3613 199 3626 κ
325 3585 411 3643 tanto
442 3599 589 3646 consensu
623 3583 849 3648 observatarum
881 3586 1109 3661 distantiarum,
1138 3584 1257 3649 libratio
1288 3582 1343 3645 LE
1372 3581 1403 3644 in
1436 3579 1582 3644 diametro
1611 3579 1669 3642 LK

324 3669 520 3742 tribuebatur,
543 3671 643 3753 potius
657 3672 700 3736 ire
718 3673 812 3737 vellet
834 3673 997 3757 elliptieam
1011 3675 1100 3752 viam,
1125 3671 1353 3756 aequationibus
1375 3669 1533 3734 indicibus.
1567 3666 1596 3731 Ο
1619 3688 1668 3732 me

323 3758 499 3824 ridiculum!
523 3761 647 3841 perinde
670 3761 756 3843 quasi
779 3761 898 3826 libratio
921 3764 951 3826 in
967 3765 1112 3828 diametro
1135 3785 1193 3828 non
1216 3761 1314 3847 possit
1332 3779 1400 3823 esse
1414 3760 1465 3822 via
1478 3760 1518 3824 ad
1537 3757 1667 3841 ellipsin.

322 3850 428 3930 Itaque
451 3867 510 3912 uon
538 3866 631 3931 parvo
659 3851 732 3915 mihi
759 3853 896 3916 constitit
918 3852 980 3918 ista
1006 3853 1131 3930 notitia,
1160 3853 1250 3934 juxta
1278 3848 1468 3930 librationem
1499 3847 1666 3914 consistere

322 3937 453 4020 ellipsin,
476 3935 664 4022 ut’sequenti
682 3940 782 4023 eapite
805 3949 963 4022 patescet:
987 3943 1036 4005 nbi
1050 3943 1137 4006 simul
1151 3943 1244 4006 etiam
1266 3939 1529 4014 demonstrabitur,
1552 3937 1667 4002 nullan

321 4026 463 4109 planetae
486 4027 612 4110 relinqui
634 4023 760 4111 tig'uram
786 4032 903 4094 orbitae
929 4040 1139 4115 praeterquam
1166 4033 1300 4114 perfecte
1328 4028 1510 4110 ellipticam;
1542 4028 1666 4108 conspi-

321 4118 458 4182 rantibus
487 4118 654 4182 rationibus
677 4141 697 4181 a
717 4119 871 4204 principiis
900 4120 1034 4206 physicis
1065 4121 1211 4185 derivatis
1240 4139 1308 4183 cum
1340 4116 1526 4201 experientia
1558 4117 1665 4181 obser-

320 4207 474 4272 vationum
497 4216 529 4272 et
549 4208 755 4292 hypotheseos
777 4210 909 4276 vicerim
931 4212 988 4274 hoc
1011 4211 1110 4294 capite
1134 4213 1275 4293 allegata
1290 4202 1334 4283 ⁰⁷)

898 4613 1089 4628 Ἥ
