3604 5534
496 891 501 906 ·
598 880 746 1001 ⁹esum
776 878 983 980 secunus.

205 1051 271 1144 uu
300 1050 453 1144 ιιιιι
484 1051 657 1146 uraris
689 1045 891 1144 susurru
926 1043 1318 1176 uvlucvsumvu¹
1337 1015 1409 1138 ru

519 1189 830 1285 mvvsvrovuu
864 1187 1094 1282 mvuuuu.

695 1535 814 1634 Caput
840 1531 921 1608 VII.

395 1696 468 1774 Qua
490 1695 652 1759 occasione
673 1698 709 1761 ia
732 1695 886 1760 theoriam
908 1689 1027 1755 Mwiis
1048 1691 1224 1756 inciderim.

211 1833 334 1896 Verum
358 1843 414 1912 est,
439 1837 570 1901 divinam
593 1857 710 1913 vocem,
742 1857 818 1919 quae
842 1836 957 1898 discere
977 1835 1086 1914 jubeat
1103 1835 1239 1898 homines
1254 1835 1480 1910 astronomiam,
1568 1897 1571 1906 ,

129 1923 155 1986 in
178 1923 294 1986 mundo
318 1923 388 2006 ipso
411 1945 593 2006 expressam,
616 1947 674 1990 nou
699 1927 798 1990 verbis
822 1931 875 1990 aut
897 1925 1032 2008 syllabis,
1058 1925 1112 1986 sed
1136 1943 1168 1986 re
1192 1925 1259 2004 ipsa
1282 1933 1314 1987 et
1326 1945 1479 1988 commen-

128 2013 285 2076 curatione
307 2011 431 2078 humaui
453 2017 625 2080 intellectus
649 2035 848 2098 sensuumque
871 2034 939 2076 oum
963 2013 1040 2075 serie
1064 2033 1220 2094 corporum
1243 2021 1274 2076 et
1289 2014 1479 2077 affectionum

129 2101 336 2166 coelestium.‘
369 2102 431 2166 Sed
463 2113 563 2168 tamen
592 2107 684 2169 etiam
712 2108 807 2169 fatum
838 2105 997 2187 quodpiam
1024 2103 1140 2169 occulte
1173 2103 1308 2166 homiues
1338 2104 1416 2166 alios
1439 2105 1479 2166 ad

129 2193 200 2254 alias
223 2197 315 2254 artes
339 2193 468 2275 impellit
489 2204 646 2277 eamusque
669 2195 779 2268 reddit,
804 2213 881 2267 sese,
905 2201 939 2256 ut
960 2211 1032 2274 pars
1056 2202 1125 2255 suut
1147 2191 1242 2255 creati
1257 2191 1366 2274 operis,
1390 2192 1435 2255 ita
1449 2201 1480 2256 et

129 2283 157 2344 iu
179 2288 270 2362 parts
298 2281 418 2346 divinae
442 2284 652 2364 providentiae
676 2303 753 2348 esse.

214 2368 299 2434 Oum
330 2373 457 2452 primum
488 2393 543 2455 per
573 2381 705 2437 aetatem
736 2371 943 2453 philosophiae
972 2369 1158 2432 dulcedinem
1181 2388 1360 2451 cognoscere
1384 2371 1477 2451 potui,

131 2460 304 2523 universam
329 2461 411 2524 illam
429 2460 543 2544 ingenti
565 2463 730 2544 cupiditate
753 2481 817 2524 sum
841 2461 1023 2540 complexus,
1048 2459 1120 2522 nihil
1145 2460 1303 2523 admodum
1322 2460 1359 2522 do
1375 2467 1478 2522 astro-¹

130 2550 225 2614 onmia
253 2549 289 2612 in
314 2552 444 2632 speciem
468 2553 624 2615 sollicitus
672 2554 790 2616 Aderat
812 2549 961 2631 quidem
952 2549 1118 2629 ingenium
1142 2569 1197 2610 uec
1220 2549 1379 2612 difficulter
1402 2567 1477 2630 geo-

130 2639 250 2702 metrica
277 2647 312 2702 et
334 2641 544 2715 astronomica,
568 2661 644 2722 quae
662 2642 832 2705 scholarum
852 2640 923 2702 ordo
947 2638 1170 2719 suppeditabat,
1188 2637 1351 2719 capiebam,
1375 2639 1478 2720 figuris

130 2728 274 2790 subnixus
307 2735 340 2790 et
367 2719 497 2793 numeris
532 2738 563 2792 et
593 2730 844 2814 proportionibus.
892 2727 954 2791 Sed
982 2736 1069 2789 eraut
1091 2728 1145 2790 illa
1168 2728 1341 2790 necessaria
1363 2729 1475 2804 studia,

130 2816 199 2878 uihil
235 2818 322 2898 quod
358 2817 583 2882 inclinationem
612 2821 807 2902 potissimam
838 2819 877 2880 ad
908 2816 1123 2879 astronomiam
1146 2824 1295 2896 argueret.
1343 2815 1476 2900 Cumque

129 2906 277 2968 sumtibus
303 2907 397 2970 Ducis
420 2907 663 2991 Winembergici
687 2916 882 2983 sustentarer,
906 2906 1039 2968 viderem
1062 2925 1132 2967 vero
1153 2906 1369 2968 commilitones
1383 2925 1476 2979 meos,

129 3013 197 3074 quos
226 2996 377 3076 princeps
404 2997 613 3079 interpellatus
636 2998 666 3063 iu
691 3007 811 3061 exteras
834 2997 971 3058 nationes
996 2995 1152 3064 mittebat,
1176 2994 1371 3074 tergiversari
1393 2994 1475 3057 varie

129 3102 223 3148 amore
248 3084 385 3166 patrias,
411 3087 510 3150 durior
533 3105 589 3168 ego
612 3097 729 3151 mature
753 3087 910 3150 admodum
933 3103 1049 3147 mecum
1064 3085 1277 3160 concluseram,
1302 3097 1477 3164 quocunque

128 3173 297 3237 destinarer
321 3176 523 3256 promtissime
547 3178 641 3257 sequi.
678 3176 781 3242 Prima
803 3195 836 3238 se
855 3174 964 3237 obtulit
978 3173 1089 3235 functio
1105 3172 1317 3247 astronomica,
1338 3173 1475 3252 adquam

129 3269 224 3326 lernen
248 3264 422 3326 obeundam
447 3267 531 3339 (vere
555 3267 667 3338 dicam)
691 3273 832 3328 extrusus
856 3282 921 3324 sum
944 3261 1124 3325 auctoritate
1145 3269 1390 3342 praecepturum
1415 3271 1473 3324 uon

127 3351 348 3434 longinquitate
373 3353 429 3416 loci
454 3355 586 3430 territus,
611 3375 698 3438 quem
720 3363 830 3417 metum
854 3351 883 3413 in
910 3353 978 3414 aliis
1003 3351 1216 3413 damnaveram
1241 3352 1289 3424 (ut
1302 3351 1367 3431 jam
1384 3351 1471 3427 dixi),

126 3440 176 3502 sed
197 3442 362 3523 inopinato
386 3451 417 3505 et
440 3451 590 3507 contemto
614 3443 774 3508 functionis
798 3460 906 3523 genere
930 3450 962 3503 et
984 3441 1132 3502 tenuitate
1157 3440 1333 3503 eruditionis
1359 3440 1389 3503 iu
1416 3441 1473 3507 hac

126 3529 337 3613 philosophiae
360 3539 457 3613 parte.
481 3533 568 3596 Hauc
591 3534 684 3616 igitur
707 3533 767 3596 adii
790 3530 963 3594 instructior
987 3529 1056 3591 ab
1047 3528 1166 3610 ingenio
1190 3547 1279 3610 quam
1301 3531 1470 3610 asciautia,

125 3619 245 3682 multum
278 3629 489 3703 protestatus,
523 3643 570 3685 me
590 3624 659 3703 jure
683 3643 749 3686 meo
774 3622 812 3684 ad
836 3620 917 3684 aliud
940 3620 1021 3682 vitae
1045 3637 1154 3700 genus,
1186 3620 1264 3701 quod
1286 3619 1471 3701 splendidius

126 3707 304 3786 videbatur,
339 3729 527 3793 nequaquam
559 3713 676 3776 cedere.
732 3710 862 3783 Quinam
900 3709 1010 3773 fuerint
1036 3709 1132 3791 primo
1164 3707 1284 3771 biennio
1313 3728 1472 3774 successus
1549 3750 1554 3762 ·

125 3795 223 3861 borum
253 3799 440 3873 studiorum,
473 3802 723 3885 exhlysterio
753 3820 819 3863 meo
849 3797 1171 3879 cosmographiae
1200 3805 1336 3879 apparet
1386 3797 1470 3886 Quos

124 3896 280 3966 praeterea
305 3889 378 3951 mihi
401 3891 539 3954 stimulos
563 3891 798 3954 Maestlinus
827 3896 1003 3971 praeceptor
1033 3905 1119 3950 meus
1141 3887 1312 3950 adhibuerit
1335 3889 1374 3950 ad
1397 3889 1469 3951 reli-

125 3993 208 4054 quam
231 3978 451 4044 astronomiam
480 3981 734 4062 amplectendam,
764 3979 885 4060 leges
876 3999 907 4040 ru
936 3978 1039 4041 eodem
1070 3976 1170 4040 libello
1195 3984 1227 4039 et
1251 3976 1382 4058 epistola
1405 3979 1468 4059 ejus

124 4065 189 4141 viri,
223 4085 303 4148 quae
334 4076 383 4129 est
405 4069 581 4132 Narratioui
603 4070 724 4134 Rhatiai
756 4070 898 4146 praelixa
945 4076 1044 4143 (drap.
1063 4076 1190 4141 v01.1,p.
1205 4071 1262 4137 25)
1311 4067 1468 4131 Inventum

124 4114 192 4217 illud
215 4157 340 4220 omnino
363 4159 485 4221 maximi
509 4160 577 4236 leci,
601 4162 751 4242 multoque
775 4159 911 4240 majoris,
936 4159 1028 4240 quod
1036 4159 1179 4230 viderem,
1202 4163 1234 4218 et
1255 4155 1468 4220 Maestliuo
1573 4193 1576 4204 ν

124 4241 196 4307 idem
219 4255 384 4328 tantopere
406 4248 536 4352 prqbari.
592 4250 707 4352 Neque
727 4257 842 4311 tautum
872 4249 923 4311 ille
955 4269 1001 4310 me
1026 4245 1231 4311 exstimulavit
1253 4245 1468 4326 intempestiva

126 4330 285 4396 lectoribus
320 4337 516 4415 promissione
545 4339 628 4400 facta
659 4337 791 4401 universi
822 4337 880 4399 mei
912 4341 961 4411 (ut
991 4337 1109 4439 ajebat)
1140 4334 1267 4417 operis
1299 4334 1465 4412 uranici,

125 4433 260 4502 quautam
284 4423 352 4505 ipse
376 4425 532 4496 ardebam,
562 4446 598 4488 ex
621 4428 810 4490 restitutione
835 4425 1067 4490 astronomiae
1059 4425 1226 4507 roquirere,
1250 4443 1289 4484 an
1313 4423 1465 4489 inventum

125 4508 191 4572 illud
221 4532 326 4575 meum
358 4534 474 4578 omnem
505 4515 746 4579 observationum
778 4515 978 4579 subtilitatem
1003 4523 1167 4597 pateretur.
1213 4513 1284 4574 Jam
1308 4512 1386 4576 euim
1410 4513 1466 4578 de-

126 4609 322 4666 monstratum
358 4612 424 4667 erat
458 4604 487 4666 iu
515 4604 581 4686 ipso
605 4605 696 4681 libro,
722 4605 888 4669 consistere
912 4607 968 4669 hoc
991 4605 1071 4668 iutra
1100 4602 1300 4666 subtilitatem
1324 4602 1465 4683 vulgatae

126 4691 335 4754 astronomiae.
444 4745 448 4758 .

112 4775 117 4788 '
206 4777 255 4842 Ex
290 4799 328 4843 eo
356 4780 460 4863 itaque
491 4761 627 4865 tempore
650 4785 730 4848 serio
755 4783 791 4846 de
815 4780 1075 4848 observationibus
1098 4778 1307 4861 comparandis
1330 4783 1464 4865 cogitare

196 4882 285 4937 assisa
299 4887 376 4938 opera
390 4889 427 4928 ru.
1222 4887 1254 4938 ll
