3678 5532
317 305 381 375 388
796 301 837 352 na
853 293 961 353 nonme
980 301 1073 354 saltas
1090 301 1178 354 Marsa

317 493 404 572 petat
426 485 543 560 Solem;
565 482 732 545 retineatur
753 487 853 544 autern
877 489 981 546 eontra
1004 501 1089 543 suam
1117 479 1316 561 magneticam
1341 485 1478 544 naturam
1497 477 1579 546 Solia
1602 499 1661 562 ap-

316 583 471 660 petentem
501 572 532 635 in
563 573 725 635 tralatione
758 570 840 650 globi
871 578 1016 653 perpetuo
1048 570 1106 632 sibi
1136 568 1194 651 ipsi
1216 568 1398 650 parallelos:
1431 570 1491 632 uisi
1514 577 1662 651 quatenns

317 685 459 730 successu
487 661 654 726 seculorum
686 661 724 722 ab
757 659 824 722 aliis
860 660 899 722 ad
935 660 1010 723 alias
1056 659 1131 720 lixas
1166 665 1270 722 nutum
1312 679 1396 722 sunm
1440 659 1587 722 transfert
1631 665 1664 720 et

318 753 429 836 aphelii
450 771 643 834 progressum
665 749 721 812 hoc
743 749 831 811 modo
852 757 1008 812 causatur:
1034 767 1157 830 quorum
1175 756 1330 830 utrumqne
1345 748 1536 811 nihilominus
1550 747 1663 810 mentis

318 865 394 926 opus
424 861 491 904 esse
513 859 603 921 posse
627 840 742 913 fateor,
771 846 807 900 ut
833 857 908 920 quae
932 839 971 901 ad
993 838 1072 900 hunc
1094 845 1207 901 motum
1236 837 1275 898 ab
1298 837 1420 900 animali
1445 838 1589 900 facultate
1612 843 1664 900 sat

319 945 367 995 est
391 932 555 1006 instructa,
589 947 655 991 oum
684 929 725 990 sit
752 935 851 990 motus
879 947 940 989 non
971 927 1067 990 totius
1097 927 1230 1007 corporis
1263 927 1299 989 de
1326 927 1393 989 loco
1423 927 1453 989 in
1476 927 1573 989 locum
1596 924 1664 1007 (qni

320 1030 420 1084 motus
449 1039 539 1100 supra
571 1037 635 1098 cap.
665 1001 821 1080 XXXIX.
856 1037 965 1080 causae
992 1005 1110 1078 metrici
1131 1015 1262 1097 planetis
1285 1015 1396 1078 insitae
1418 1023 1500 1078 reeta
1524 1017 1664 1078 ademtus

319 1111 408 1185 fuit),
438 1109 493 1171 sed
519 1107 648 1189 partium
672 1107 752 1168 eirca
775 1112 909 1168 centrum
931 1105 1026 1168 totius
1050 1106 1138 1187 quasi
1160 1104 1352 1188 quiescentis.
1398 1105 1477 1167 Eece
1500 1105 1609 1167 iterum
1630 1105 1665 1166 in

321 1199 411 1282 globo
435 1197 565 1260 Telluris
596 1194 771 1258 directionis
797 1195 968 1276 huJusmodi
997 1195 1063 1257 axis
1096 1196 1264 1276 exemplum
1295 1213 1333 1256 ex
1363 1192 1537 1275 Gopemieo.
1583 1194 1664 1256 Nam

321 1291 390 1351 dum
414 1287 480 1348 axis
503 1285 634 1348 Telluris
657 1305 754 1347 annuo
778 1285 872 1348 centri
896 1285 1075 1347 circumactu
1099 1284 1157 1347 sibi
1177 1284 1236 1365 ipsi
1253 1284 1373 1365 suisque
1403 1283 1512 1346 sitibus
1527 1283 1665 1346 omnibus

320 1384 422 1440 manet
448 1376 661 1457 propemodum
691 1373 913 1454 aequidistans,
942 1382 1044 1436 aestas
1072 1382 1103 1435 et
1131 1373 1228 1437 hiems
1252 1374 1393 1436 efficitur:
1423 1381 1568 1454 quatenus
1590 1389 1664 1433 vero

279 1492 285 1512 ¹
319 1465 496 1546 longissima
519 1464 621 1528 secula
644 1463 728 1526 illum
750 1462 903 1538 inclinant,
928 1464 1005 1526 lixae
1024 1463 1164 1544 progredi
1182 1471 1334 1543 putantur,
1358 1462 1547 1543 aequinoctia
1563 1467 1664 1524 retro-

321 1557 438 1618 cedere.
747 1617 752 1630 ,

408 1642 490 1714 Quid
520 1641 611 1722 igitur
634 1640 819 1719 dubitamus,
849 1641 1013 1707 attribuere
1036 1639 1167 1721 planetis
1190 1641 1325 1704 omnibus
1349 1640 1387 1702 ad
1411 1639 1587 1704 salvandam
1610 1658 1664 1701 ee-

321 1731 520 1797 centricitatis
548 1731 756 1813 phantasiam,
789 1733 868 1815 quod
899 1731 948 1795 uni
976 1731 1095 1793 illorum
1119 1730 1247 1804 (Telluri
1275 1729 1406 1804 scilieet)
1436 1748 1474 1792 ex
1502 1727 1666 1808 phantasia

320 1821 542 1906 praecessionis
573 1819 827 1900 aequinoctiorum
858 1823 998 1903 Solisque
1027 1821 1177 1899 surgentis
1200 1826 1231 1883 et
1253 1819 1390 1882 cadentis
1413 1837 1511 1880 annno
1534 1817 1664 1880 eircum-

323 1921 392 1976 aetu
415 1910 655 1973 animadversum
678 1918 727 1972 est
749 1911 872 1974 inesse?
895 1910 956 1975 Ubi
978 1907 1225 1991 quemadmodum
1244 1909 1386 1989 deceptus
1401 1915 1449 1970 est
1468 1905 1664 1988 Copemicus,

323 2001 510 2074 existimaus,
533 1996 678 2079 peculiari
699 1999 845 2081 principio
870 2021 944 2082 opus
968 2019 1045 2073 esse,
1070 1999 1147 2079 quod
1170 1999 1295 2062 Terram
1321 1995 1474 2060 annuatim
1497 2017 1516 2057 a
1539 2003 1664 2075 septen-

324 2091 421 2154 trione
444 2089 476 2150 in
499 2095 634 2151 austrum
656 2096 687 2150 et
709 2089 843 2152 vicissim
866 2091 966 2164 libret,
990 2087 1034 2149 sic
1050 2095 1084 2150 ut
1099 2095 1201 2150 aestas
1219 2094 1251 2149 et
1264 2087 1360 2149 hiems
1381 2086 1511 2161 eveniat,
1534 2092 1566 2147 et
1580 2085 1666 2166 cujus

323 2179 477 2242 molitione
501 2176 698 2240 circumitioni
721 2185 961 2242 commensurata
983 2177 1112 2242 resultet
1139 2175 1308 2258 aequalitas
1330 2175 1445 2239 reditus
1468 2175 1539 2238 anni
1556 2173 1666 2255 tropici

322 2277 353 2331 et
372 2266 475 2330 siderii
499 2269 660 2346 (quatenus
675 2266 737 2328 iere
754 2270 895 2350 aequales
915 2268 1017 2341 sunt);
1042 2284 1108 2328 cum
1124 2273 1224 2328 tamen
1239 2267 1328 2328 unica
1337 2263 1487 2327 constanti
1498 2263 1666 2326 directione

325 2358 391 2419 axis
414 2354 559 2429 Telluris,
585 2373 673 2433 super
696 2375 753 2435 quo
776 2359 810 2418 fit
832 2356 955 2419 diurnus
978 2363 1094 2430 motus,
1121 2354 1176 2416 illa
1199 2354 1298 2416 omnia
1321 2353 1512 2417 obtineantur
1533 2351 1666 2434 nihilque

318 2443 475 2508 'extraneis
498 2441 599 2504 causis
622 2461 696 2522 opus
720 2446 775 2520 sit,
799 2445 857 2507 nisi
881 2444 1058 2507 adonicam
1080 2443 1285 2506 tardissimam
1304 2443 1544 2526 praecessionem
1560 2441 1666 2524 aequi·
1730 2485 1734 2493 .

326 2532 511 2595 noctiorum:
549 2529 594 2590 ita
622 2531 672 2592 hio
695 2553 810 2614 quoque
833 2535 914 2596 nullo
938 2533 1063 2595 consilio
1094 2551 1168 2614 opus
1192 2533 1250 2596 erit
1271 2532 1436 2596 motonbus
1457 2532 1609 2613 planetae,
1633 2539 1668 2593 ut
1789 2607 1791 2612 Ι

326 2623 390 2703 ejus
418 2615 530 2699 eorpus
558 2618 645 2681 simul
677 2621 758 2684 circa
781 2621 884 2684 Solem
915 2622 1043 2685 vehatur
1068 2641 1193 2686 manens
1216 2623 1250 2684 in·
1270 2623 1329 2685 situ
1351 2621 1497 2702 parallelo
1521 2621 1667 2702 simulque

324 2709 515 2773 librationem
538 2707 689 2774 absolvat.
727 2711 867 2774 Alterum
887 2712 967 2780 enim
982 2712 1019 2773 ab
1034 2712 1130 2775 altero
1146 2711 1324 2775 naturaliter
1338 2709 1490 2792 pendebit.
1518 2711 1666 2773 Tantum-

325 2800 412 2863 modo
441 2797 477 2858 de
501 2815 664 2878 progressu
686 2800 871 2880 apheliorum
893 2801 1066 2863 tardissimo
1090 2801 1281 2882 cogitandum
1303 2807 1410 2864 restat.

412 2886 535 2950 Etenim
565 2886 680 2966 lingula
709 2888 740 2951 in
765 2887 789 2954 C
813 2897 956 2953 versante
985 2898 1016 2951 et
1039 2890 1068 2952 in
1091 2891 1133 2967 F,
1166 2889 1250 2953 uulla
1272 2911 1364 2953 causa
1386 2895 1448 2964 est,
1471 2906 1523 2950 cur
1544 2887 1669 2969 planeta

326 2977 452 3041 accedat
474 2975 678 3051 velrecedat,
702 2997 769 3041 oum
792 2979 895 3060 capita
911 2979 977 3042 Soli
1000 2979 1122 3060 objiciat
1144 2979 1317 3062 aequalibus
1335 2977 1514 3068 inprvallis,
1538 2995 1667 3039 conver-

324 3086 412 3130 surus
436 3065 537 3146 utique
561 3083 731 3128 mucronem
754 3067 793 3130 ad
817 3067 929 3144 Solem,
953 3069 979 3130 si
1003 3069 1150 3131 sineretur
1166 3069 1204 3131 ab
1220 3069 1274 3131 illa
1288 3069 1327 3144 vi,
1353 3087 1428 3150 quae
1444 3067 1509 3148 ejus
1524 3064 1668 3128 directum

325 3165 357 3219 et
377 3155 556 3250 parallelum
578 3161 663 3217 tenet
686 3152 782 3219 a'xem
829 3157 957 3220 Planeta
980 3179 999 3218 a
1020 3165 1130 3238 puncto
1153 3155 1177 3222 C
1202 3157 1339 3233 abeunte,
1363 3157 1475 3220 sensim
1491 3153 1592 3235 cuspis
1602 3153 1668 3218 Soli

297 3292 300 3304 .
326 3243 556 3326 appropinquat,
580 3243 676 3306 cauda
699 3246 780 3322 abit;
805 3249 917 3309 sensim
941 3246 1032 3327 igitur
1055 3247 1159 3329 incipit
1180 3247 1288 3327 globus
1302 3247 1341 3308 ad
1353 3247 1454 3310 Solem
1474 3243 1666 3324 adnavigare.

326 3336 404 3399 Post
429 3335 454 3396 F
477 3333 589 3394 sensim
619 3335 715 3396 cauda
742 3336 976 3418 appropinquat,
1014 3345 1104 3418 caput
1126 3335 1191 3398 abit
1213 3357 1232 3398 a
1255 3335 1335 3400 Sole.
1382 3335 1501 3399 Sensim
1524 3332 1616 3412 igitur
1638 3340 1670 3418 et

324 3432 407 3486 totus
422 3421 529 3502 globus
543 3422 674 3484 naturali
690 3424 758 3486 odio
774 3425 851 3504 fugit
864 3447 883 3486 a
897 3424 978 3488 Sole.
1015 3425 1042 3487 n
1057 3425 1177 3505 regione
1192 3432 1292 3487 autem
1312 3424 1406 3504 ipsius
1421 3425 1460 3500 A,
1483 3441 1550 3485 cum
1564 3421 1664 3502 longi-

324 3512 396 3575 tudo
420 3509 487 3571 axis
511 3511 623 3572 directe
646 3511 676 3572 in
692 3511 796 3576 Solem
817 3514 988 3594 porrigitur,
1012 3513 1074 3576 illic
1096 3533 1246 3588 accessus,
1269 3514 1318 3577 hic
1341 3514 1413 3593 iuga
1431 3521 1478 3576 est
1491 3511 1666 3574 fortissima.

326 3601 362 3665 Id
392 3618 464 3661 vero
492 3617 583 3680 supra
612 3602 809 3680 postulabant
841 3611 946 3665 nostra
976 3603 1206 3684 praesupposita
1238 3623 1276 3666 ex
1300 3600 1558 3666 observationibus
1583 3599 1666 3664 deri-

325 3698 413 3762 vata,
445 3687 497 3749 ubi
524 3707 562 3749 ex
592 3711 644 3768 γιι,
677 3715 733 3767 ιιμ,
757 3687 804 3769 μζ
831 3691 965 3771 partibus
988 3691 1165 3768 librationis,
1190 3712 1265 3773 quae
1287 3692 1471 3774 respondent
1494 3690 1670 3771 aequalibus

328 3778 457 3842 arcubus
480 3777 620 3851 eccentri,
644 3781 760 3842 mediae
783 3789 886 3860 partes
910 3805 934 3855 a,
959 3805 981 3856 μ
1004 3790 1091 3844 erant
1112 3781 1321 3862 longissimae,
1346 3781 1440 3843 exiles
1468 3799 1574 3843 versus
1596 3801 1620 3860 γ,
1644 3775 1668 3852 ζ.

329 3867 393 3932 Sed
415 3873 446 3928 et
467 3865 542 3928 illud
569 3870 735 3946 consentit,
768 3871 846 3952 quod
878 3869 1105 3933 ohservationes
1134 3872 1240 3934 volunt
1267 3893 1313 3950 yn,
1340 3867 1386 3947 μζ
1411 3869 1570 3952 aequales,
1604 3887 1669 3930 curu

328 3966 431 4020 tamen
463 3975 550 4017 arcus
583 3956 714 4037 ipsorum
736 3963 785 4038 pt,
808 3955 852 4034 ιζ,
882 3959 931 4022 vel
959 3959 1060 4040 potius
1086 3961 1116 4022 in
1149 3961 1316 4023 eoeenhico
1340 3956 1410 4034 OD,
1441 3958 1496 4022 ET
1527 3958 1669 4039 aequales

327 4044 534 4126 inaequalibus
567 4047 759 4111 conficiantur
787 4049 970 4130 temporibus
998 4055 1030 4110 et
1053 4048 1107 4112 OD
1134 4048 1264 4130 lodgiori
1271 4069 1281 4126 3
1314 4050 1357 4112 sic
1380 4055 1415 4110 ut
1436 4071 1471 4129 γε
1503 4045 1670 4110 librationis

327 4157 399 4220 pars
423 4134 538 4197 tardius
566 4133 742 4199 absolvatur
770 4157 858 4220 quam
880 4134 927 4215 μζ
949 4137 1009 4219 ipsi
1036 4139 1181 4220 aequalis.
1227 4139 1306 4202 Nam
1334 4137 1378 4201 sio
1400 4145 1433 4199 et
1453 4145 1609 4217 magnetes
1632 4155 1670 4198 ex

327 4224 488 4289 intervallo
511 4223 618 4303 majori
637 4224 746 4290 lentius
761 4228 799 4289 ad
818 4247 851 4291 se
866 4235 967 4312 mutuo
992 4229 1147 4303 accedunt,
1171 4227 1299 4290 celerius
1317 4235 1348 4289 et
1363 4226 1485 4290 citatius
1498 4247 1517 4288 a
1530 4224 1668 4288 breviori.

415 4313 479 4376 Irno
502 4331 574 4374 vero
597 4311 695 4393 ipsam
718 4316 809 4379 etiam
832 4317 902 4392 vim,
926 4336 1001 4399 quae
1024 4316 1135 4380 retinet
1157 4335 1243 4380 axem
1266 4317 1466 4398 magneticum
1488 4315 1593 4378 insitu
1611 4333 1669 4396 pa-

326 4403 444 4476 rallelo,
468 4402 616 4483 derogans
640 4403 796 4468 directioni
820 4406 886 4468 axis
909 4406 940 4470 in
963 4405 1075 4482 Solem,
1100 4407 1139 4468 ab
1163 4407 1357 4488 occupatione
1376 4405 1495 4480 mentis,
1519 4383 1670 4468 cni‘lllam

326 4491 416 4576 paulo
441 4499 510 4554 ante
533 4492 775 4572 permiseramus,
799 4495 838 4556 ad
860 4504 985 4558 naturae
1008 4495 1110 4559 munia
1131 4495 1288 4559 traducere
1311 4514 1480 4575 possumus.
1517 4495 1597 4558 Nam
1612 4494 1671 4556 etsi

328 4584 448 4646 obstare
472 4582 605 4657 videtur,
633 4584 713 4665 quod
735 4591 843 4646 natura
865 4603 923 4646 uno
947 4591 979 4646 et
1002 4586 1107 4648 eodem
1129 4585 1218 4648 modo
1241 4591 1330 4666 agat,
1358 4585 1433 4647 haee
1456 4603 1527 4648 vero
1550 4583 1597 4645 vis
1619 4601 1670 4647 re-

327 4669 441 4735 tentrix
468 4671 604 4733 videatur
632 4669 700 4736 aliis
727 4672 912 4754 temporibus
936 4673 1023 4736 aliter
1046 4675 1241 4751 contendere,
1273 4679 1375 4755 utpote
1405 4680 1518 4737 annutu
1540 4673 1608 4736 axis
1631 4673 1670 4736 ad

330 4761 442 4835 Solem,
466 4759 514 4824 cui
535 4759 724 4841 impediendo
748 4769 921 4842 comparata
943 4770 1000 4838 est,
1023 4763 1055 4826 in
1078 4762 1311 4843 longitudinibus
1333 4763 1440 4826 mediis
1461 4769 1669 4838 evanescente,

328 4849 359 4916 in
386 4849 505 4930 aphelio
534 4867 605 4918 vero
634 4858 666 4919 et
691 4851 836 4936 perihelio
860 4851 1023 4916 fortissimo
1047 4852 1211 4921 existente:
1241 4859 1274 4920 at
1295 4851 1367 4940 quid
1388 4859 1488 4933 vetat,
1510 4853 1571 4919 vim
1592 4853 1670 4922 hanc
