3672 5538
600 307 661 362 Pare
679 309 782 374 Quanta
821 309 903 376 ceper
919 309 1034 366 xuvm.
1427 305 1490 380 355

145 488 193 554 Ad
215 487 396 552 anomaliam
422 481 503 554 135⁰
525 495 691 572 coaequata
747 535 1193 554 .........
1243 485 1325 555 1270
1368 489 1402 555 00
1448 491 1489 555 100

207 579 313 642 Verax
335 578 449 640 vicaria
465 624 1192 642 ..............
1242 575 1314 644 126.
1346 577 1400 643 51.
1446 577 1468 646 9

1011 685 1192 750 Differentia
1372 683 1402 751 8.
1426 684 1469 750 52

225 809 328 890 Atque
350 809 420 871 hinc
442 807 589 885 intellexi,
613 808 792 890 praesertim
808 828 846 872 ex
867 811 1017 873 anomalia
1036 806 1105 886 900,
1131 810 1387 874 eccentricitatem
1402 807 1489 878 9165

140 917 261 982 parvam
285 918 352 960 esse
377 898 475 960 nimis.
523 897 622 970 Quam
646 898 762 961 correxi
781 900 943 962 secundum
965 901 1138 964 methodum
1162 901 1261 979 capite
1288 902 1489 982 praecedente

141 989 233 1051 obiter
256 988 417 1051 traditam:
442 995 477 1050 ut
500 989 570 1072 qnia
592 990 622 1050 in
646 987 880 1069 longitudinibus
903 990 1010 1053 mediis
1036 990 1103 1071 plns
1123 989 1289 1070 indigemus
1308 1009 1362 1071 per
1376 987 1409 1053 30
1425 987 1490 1055 5000

139 1081 165 1141 iu
185 1078 361 1160 aequatione
378 1078 518 1154 maxima,
544 1077 696 1141 dimidium
717 1077 809 1158 igitur
836 1076 864 1141 10
888 1073 953 1141 5500
978 1081 1068 1142 datur
1085 1079 1167 1160 parti
1186 1080 1315 1159 optione,
1339 1079 1490 1144 residuum

138 1167 287 1250 physicae.
333 1167 380 1228 Ac
407 1186 474 1229 curn
498 1163 584 1232 9165
608 1167 772 1230 subteudat
795 1163 833 1231 5⁰
859 1164 910 1230 150
933 1165 1010 1245 3000,
1034 1177 1067 1230 tu
1090 1188 1172 1232 sume
1196 1163 1235 1232 50
1260 1167 1312 1233 170
1335 1166 1414 1246 2500,
1439 1172 1489 1250 qui

139 1264 283 1320 monstret
306 1252 401 1321 9227.
437 1256 546 1340 Itaque
570 1277 649 1320 nova
669 1256 895 1320 eccentrioitate
916 1253 1004 1322 9230
1025 1259 1117 1337 (quae
1132 1277 1237 1341 parum
1253 1259 1342 1320 abest
1357 1280 1375 1320 a
1389 1255 1487 1336 9264,

140 1366 224 1428 quarn
247 1365 313 1426 cap.
337 1345 438 1410 XLH.
471 1347 589 1433 inveni,
622 1365 676 1408 nec
709 1345 804 1408 multo
837 1347 955 1426 longius
980 1368 999 1409 a
1022 1345 1129 1430 9282,
1163 1348 1242 1429 quod
1265 1355 1314 1411 cst
1336 1348 1489 1414 dimidium

138 1435 372 1499 eccentricitatis
404 1437 563 1518 aequantia
601 1455 666 1518 cap.
704 1435 809 1510 XVI.)
851 1435 1024 1500 universum
1058 1438 1136 1502 hunc
1168 1438 1302 1501 laborem
1335 1439 1488 1506 reiteravi.

138 1527 213 1589 Nam
244 1525 340 1606 primo
373 1526 536 1588 distantiae
561 1523 622 1589 (ΞΑ
645 1523 693 1586 vel
718 1524 775 1589 CA
797 1525 919 1588 fuerunt
950 1534 1123 1590 exstructae
1156 1528 1195 1589 ad

137 1615 266 1695 singulos
290 1615 402 1695 gradus
426 1614 559 1696 integros
583 1615 751 1677 anomaliae
776 1614 986 1679 distantiariae
1010 1625 1193 1698 coaequatae

138 1701 233 1768 GAD.
278 1704 355 1766 Post
386 1705 546 1767 traductae
569 1705 608 1766 ad
635 1703 753 1766 mediae
785 1704 953 1768 anomaliae
983 1704 1195 1768 distantiariae

136 1794 245 1874 gradus
281 1793 416 1874 integros
454 1793 513 1857 GD
545 1794 594 1855 vel
624 1791 719 1856 GBD.
773 1793 877 1855 Tertio
914 1793 1003 1856 binae
1041 1795 1196 1874 proximae
1313 1848 1315 1851 ,

136 1883 253 1946 fuerunt
285 1884 463 1963 conjunctae
495 1889 529 1945 ut
560 1881 635 1974 (ὶᾼ,
668 1881 738 1944 ΑΙ).
794 1881 911 1953 Quarto
944 1883 983 1946 iis
1014 1884 1196 1947 divisoribus
1240 1857 1282 1962 '1³

137 1971 232 2035 divisa
254 1980 304 2034 est
336 1969 432 2037 18000·
464 1992 580 2036 summa
602 1967 685 2035 358⁰
708 1968 762 2036 280
787 1968 861 2047 3000,
892 1973 1048 2053 longitudo
1078 1973 1197 2037 scilicet

134 2061 198 2124 viae
222 2061 332 2124 ovalis.
375 2059 488 2133 Quinto
512 2061 671 2142 sigillatim
693 2061 820 2123 invicem
845 2062 966 2126 luerunt
988 2061 1085 2126 additi
1108 2083 1197 2125 arcus
1235 2070 1239 2080 ‘
1268 2113 1271 2153 Ι.

135 2151 243 2232 singuli
266 2152 334 2214 viae
358 2152 464 2218 ovalis.
511 2150 607 2214 Sexto
631 2171 669 2211 ex
691 2150 785 2232 priori
815 2151 989 2215 frustranea
1020 2153 1196 2232 operatione
1268 2157 1271 2218 ἱ

133 2248 285 2304 mutuatae
310 2241 430 2306 fuerunt
453 2240 702 2323 amplificationes
726 2241 856 2321 optineo,
879 2242 958 2322 quod
976 2241 1111 2304 viderem
1126 2242 1197 2304 illas
1266 2241 1282 2310 3'2.

131 2332 190 2411 jam
212 2331 263 2393 his
286 2337 477 2409 computatas
499 2350 606 2412 parum
629 2330 789 2392 admodum
813 2330 997 2410 discrepare.
1035 2330 1143 2412 Itaque
1167 2337 1199 2393 et
1278 2329 1310 2410 Xb„

132 2419 187 2482 hae
202 2420 363 2501 sigillatim
379 2428 450 2484 sunt
468 2419 590 2483 additae
611 2420 649 2481 ad
665 2420 854 2500 superiorum
879 2439 1035 2482 summam.
1061 2419 1197 2502 Septimo
1286 2404 1313 2458 0

135 2528 264 2573 summae
289 2529 411 2572 arcuum
433 2518 541 2572 anctae
570 2509 694 2573 summis
723 2509 990 2588 amplificationum
1020 2511 1197 2590 opticarum.

134 2597 248 2662 Octavo
274 2619 313 2662 ex
335 2599 392 2664 hoc
416 2601 460 2662 sic
482 2599 604 2662 invento
628 2598 738 2678 angulo
758 2598 840 2663 CBD
865 2600 903 2661 ad
927 2607 1062 2662 centrum
1086 2619 1194 2662 eccen-

132 2687 246 2751 triciB
274 2695 367 2751 etex
396 2689 542 2752 distantia
567 2687 623 2752 CA
656 2707 709 2750 seu
741 2689 837 2751 latere
869 2689 1007 2770 opposito
1039 2698 1071 2752 et
1101 2690 1326 2756 eccentrioitate
1349 2693 1406 2760 AB
1429 2717 1485 2762 ceu

1274 1597 1328 1665 urg.
1349 1597 1408 1648 ror.

131 2777 222 2840 latere
246 2778 359 2850 tertio,
391 2778 532 2860 inquisivi
555 2777 683 2857 angulos
709 2773 790 2841 180⁰
821 2779 1010 2859 aequationis
1039 2780 1157 2859 opticae
1180 2778 1275 2857 Ace,
1299 2785 1377 2846 uude
1400 2789 1483 2850 totae

133 2868 328 2949 aequationes
345 2874 376 2930 ot
391 2868 559 2932 anomaliae
576 2874 761 2948 coaequatae
780 2868 965 2948 prodierunt.
995 2868 1114 2964 Prodiit
1129 2876 1230 2932 autem
1249 2872 1289 2933 ad
1302 2876 1484 2968 anomaliam

224 2993 345 3050 mediam
550 2998 707 3065 coaequata
860 3009 932 3065 quae
952 2992 981 3048 in
1001 2992 1106 3049 vicaria
1237 2996 1405 3055 Differentiae

253 3071 310 3130 450
536 3070 589 3130 38⁰
635 3067 664 3128 2¹
685 3066 745 3128 2400
891 3068 942 3128 38ο
988 3069 1017 3128 10
1038 3069 1098 3130 5400
1271 3072 1300 3130 20
1322 3074 1381 3134 3000

253 3151 295 3210 90
534 3150 583 3212 79.
612 3149 660 3210 26.
681 3150 720 3208 49
888 3149 937 3210 79.
968 3147 1014 3210 27.
1030 3149 1073 3211 ,41
1269 3154 1297 3214 0.
1320 3153 1358 3212 52

233 3229 293 3292 135
517 3228 582 3291 126.
614 3229 661 3291 56.
683 3227 720 3288 25
871 3227 936 3292 126.
967 3228 1014 3292 52.
1054 3230 1075 3288 0
1270 3236 1299 3294 1.
1321 3234 1369 3296 25.

213 3351 325 3432 Itaque
358 3347 567 3412 ecoentricitas
601 3348 764 3410 etiamnum
794 3355 899 3431 potest
930 3349 1049 3428 augeri,
1083 3356 1115 3413 et
1135 3350 1419 3432 planeta'superius
1442 3356 1480 3419 ab

65 3516 69 3524 Ι
129 3439 246 3520 aphelio
286 3438 395 3520 exiguo
427 3439 461 3500 fic
492 3439 608 3501 tardior
634 3438 735 3518 justo,
771 3455 877 3502 versus
908 3437 1086 3518 perihelium
1115 3439 1240 3517 itidem3
1275 3460 1367 3523 quare
1400 3445 1481 3510 circa

128 3527 331 3610 longitudines
354 3528 470 3592 medias
494 3529 624 3591 velocior
642 3527 742 3607 justo,
766 3536 800 3591 ut
823 3536 854 3591 et
875 3529 958 3609 prius
981 3547 1047 3610 cap.
1062 3529 1192 3593 XLVII.
1236 3532 1368 3596 Nimium
1390 3535 1483 3616 igitur

130 3618 341 3682 distantiarum
364 3619 483 3680 videtur
506 3617 634 3681 conferri
657 3617 739 3680 circa
761 3618 904 3700 apsidas;
927 3637 985 3681 non
1009 3619 1086 3682 satis
1109 3621 1220 3682 multas
1246 3629 1380 3686 autnon
1404 3627 1482 3690 satis

131 3707 233 3789 longas
266 3708 350 3770 circa
383 3707 499 3770 medias
535 3707 748 3789 longitudines.
811 3705 873 3771 Sed
906 3707 994 3788 hujus
1024 3707 1068 3771 rei
1095 3711 1297 3776 consideratio
1330 3733 1384 3778 suo
1414 3717 1480 3780 loco

130 3798 271 3880 sequitur.

215 3884 293 3950 Cum
316 3883 410 3966 igitur
432 3885 574 3962 viderem,
599 3902 717 3965 semper
739 3892 825 3949 tauto
847 3886 970 3968 propius
993 3885 1097 3949 accedi
1119 3887 1158 3950 ad
1173 3889 1378 3972 aequatioues
1391 3911 1480 3958 veras

130 3975 288 4059 hypothesi
318 3974 432 4037 vicaria
458 3994 525 4058 cap.
548 3976 635 4040 XVI.
666 3975 815 4056 proditas,
847 3983 958 4057 quanto
996 3976 1148 4040 dexterius
1178 3985 1210 4040 et
1232 3988 1343 4060 quanto
1367 4001 1479 4046 conve-

130 4065 258 4128 nientius
303 4063 343 4126 ad
387 4063 495 4127 calculi
539 4066 672 4128 rationes
712 4065 911 4128 moderandas
956 4065 1143 4129 advocantur
1177 4085 1287 4132 causae
1323 4071 1477 4154 physicae,

131 4173 193 4234 cap.
221 4154 325 4218 XLV.
355 4152 561 4218 introductae:
595 4154 720 4217 multum
751 4155 904 4235 mihiipsi
932 4173 997 4218 sum
1026 4157 1197 4236 gratulatus
1218 4166 1264 4220 'et
1287 4158 1316 4220 in
1341 4161 1478 4239 opinione

131 4263 194 4324 cap.
203 4243 307 4307 XLV.
319 4243 521 4308 confirmatus.
557 4242 673 4308 Contra
696 4263 761 4307 curn
784 4245 901 4326 pigeret
919 4245 1051 4328 ἀειχνιας
1065 4246 1249 4327 multiplicis,
1272 4268 1407 4331 quacum
1422 4250 1478 4314 hoc

131 4333 224 4413 capite
244 4349 312 4396 sum
328 4333 478 4396 luctatus:
502 4353 560 4397 non
575 4335 682 4416 quievi,
707 4335 777 4416 quin
801 4334 957 4398 certiorem
978 4344 1010 4399 et
1029 4337 1242 4417 expeditiorem
1253 4337 1383 4418 aliquam
1397 4340 1477 4405 viam

131 4421 318 4500 insisterem,
351 4421 496 4506 simulque
526 4425 673 4505 suspicari
705 4423 807 4503 coepi,
836 4443 873 4487 ue
896 4426 939 4488 sic
963 4425 1081 4508 quidem
1103 4426 1222 4489 omuino
1246 4427 1383 4492 effectum
1407 4451 1475 4494 ease

131 4511 251 4592 calculo,
277 4511 357 4595 quod
380 4511 480 4593 opinio
504 4533 571 4596 cap.
594 4511 691 4578 XLV.
712 4514 859 4596 jusserat.

712 4821 897 4841 ι--ὺ-ι-ι
