3604 5534
626 331 687 394 Pare
705 331 797 392 Prima·
834 329 916 406 Caput
932 329 978 392 IV.
1274 309 1278 318 .
1416 331 1478 406 183

126 526 190 582 aute
216 525 249 582 et
272 526 347 600 post
369 517 543 598 perigaeom
567 537 655 599 quam
678 518 793 600 inipso
817 518 970 600 perigaeo,
996 520 1074 601 quod
1091 520 1234 604 Tyohoni,
1261 524 1408 600 quatenus
1431 517 1479 581 hio

126 607 324 689 Copernicum
349 616 398 670 est
421 608 566 682 imitatus,
591 608 622 672 in
645 607 814 670 Lunaribus
839 608 949 670 evenit.

209 697 275 761 Sed
299 718 336 760 ne
362 697 481 779 quidem
504 697 680 777 simpliciter
707 697 908 778 aequipollere
933 697 1020 760 binas
1050 699 1104 760 has
1132 695 1340 782 hypothesium
1364 695 1475 757 formas

128 787 340 850 demonstrabo
363 787 503 849 numeris.
1453 809 1457 820 ·

208 877 253 938 Et
273 875 460 939 Ptolemaiou
484 873 602 955 quidem
626 875 721 936 forma
744 874 983 954 compendiosius
1007 894 1095 956 quam
1111 875 1150 938 ab
1170 875 1236 956 ipso
1302 871 1355 938 rig.
1376 867 1419 920 5⁴·

125 965 300 1028 Ptolemaeo
324 965 490 1044 computari
513 970 615 1043 potest
636 964 666 1025 iu
683 963 760 1026 huno
778 964 907 1028 modom.
944 965 1075 1027 Primum
1093 965 1122 1026 in
1137 966 1234 1029 trian-

124 1055 190 1135 gulo
226 1053 309 1118 ΟΒΕ
348 1055 436 1116 datur
472 1052 553 1116 ΕΟΒ
585 1052 634 1114 vel
665 1051 749 1115 1)οΕ
781 1054 930 1116 anomalia
960 1052 1115 1130 media*),
1149 1055 1237 1116 datur

125 1146 215 1206 etiam
231 1143 286 1208 CB
310 1143 391 1206 latus
414 1163 467 1204 seu
490 1141 698 1206 eocentrioitas
722 1143 880 1222 aequantia
904 1151 936 1204 et
948 1142 1002 1204 ΒΕ
1018 1144 1121 1206 radius
1144 1144 1234 1208 orbis.
1285 1191 1304 1238 l

124 1234 164 1296 Ut
186 1251 262 1313 ergo
285 1232 386 1294 radius
411 1232 491 1296 orbis
516 1233 555 1293 ad
579 1231 676 1292 sinum
699 1229 780 1293 ECB
805 1231 848 1293 sio
873 1229 925 1293 CB
950 1233 988 1293 ad
1012 1232 1110 1299 einum
1135 1231 1235 1294 CEB:

124 1328 155 1384 et
178 1341 248 1384 oum
280 1320 365 1384 EGD
398 1329 507 1400 aequet
538 1319 696 1382 interiores
728 1327 760 1382 et
791 1319 945 1400 oppositos
978 1319 1058 1383 CBB
1092 1329 1123 1382 et
1155 1318 1236 1383 OBB
1452 1344 1471 1389 r

119 1411 267 1490 junctos,
301 1427 372 1490 ergo
405 1408 485 1472 GEB
516 1428 554 1472 ex
585 1406 669 1470 DCE
692 1409 813 1488 reJ'eoto,
846 1409 1028 1488 relinquetur
1058 1407 1148 1472 CBE.
1200 1412 1236 1474 In

123 1499 278 1579 triangulo
303 1517 375 1579 ergo
397 1498 484 1560 ΕΒΑ
508 1499 634 1577 angulus
657 1498 695 1558 ad
719 1498 744 1559 B
768 1475 857 1560 datui
884 1517 951 1560 cum
980 1498 1124 1562 lateribus
1156 1499 1237 1563 oiroa

121 1590 242 1668 ipsum;
275 1597 324 1650 est
353 1587 431 1650 enim
461 1587 518 1652 BA
549 1587 759 1649 ecoentrioitas
791 1587 964 1659 eooentrici,
996 1586 1049 1650 ΕΒ
1087 1607 1157 1650 vero
1188 1599 1236 1654 est

120 1680 225 1741 radius
256 1678 347 1742 orbis.
404 1675 574 1738 Secundum
607 1677 704 1756 legem
740 1674 832 1755 igitur
863 1676 951 1756 hujus
983 1677 1198 1757 triangulorum
1235 1679 1348 1744 iormae
1382 1683 1476 1748 datur

119 1769 249 1848 angulus
274 1767 379 1852 Bnp3
401 1766 485 1846 prius
508 1783 579 1826 vero
604 1765 732 1829 dabatur
756 1763 849 1838 ΟΕΒ,
879 1773 946 1827 tota
973 1783 1044 1843 ergo
1069 1765 1153 1830 CBA
1176 1770 1316 1848 aequatio
1345 1771 1475 1836 dabitur.

209 1857 340 1920 Uterunr
362 1854 608 1928 autempumeris
622 1854 731 1916 Martis
751 1854 844 1914 motui
863 1853 1070 1916 familiaribus.
1109 1853 1256 1928 Quamvis
1272 1859 1354 1922 enim
1368 1861 1475 1924 Ptole-

120 1965 224 2008 maeue
251 1944 305 2008 CB
329 1954 360 2006 et
381 1946 439 2008 BA
463 1943 541 2006 fecit·
558 1943 718 2023 aequales:
744 1942 928 2022 Copernious
952 1951 1052 2005 tamen
1080 1943 1137 2006 hac
1165 1946 1232 2025 lege
1257 1949 1374 2012 solutus
1397 1951 1475 2014 alias

121 2037 215 2096 etiam
239 2034 448 2115 proportiones
482 2031 644 2105 adsciscit,
676 2032 754 2112 quod
778 2040 810 2092 et
832 2032 933 2114 Tyoho
957 2032 1057 2095 Brahe
1089 2032 1200 2097 imitari
1232 2036 1375 2101 instituit.
1424 2037 1477 2103 Sit

120 2123 169 2187 CB
199 2121 298 2197 7560,
321 2123 380 2186 BA
406 2119 522 2195 12600,
546 2120 690 2205 qualium
706 2119 760 2182 ΒΕ
787 2117 915 2184 100000
926 2129 987 2184 :eet
1007 2124 1050 2186 eit
1067 2124 1174 2205 primo
1194 2123 1277 2186 DCE
1292 2122 1334 2190 45
1342 2121 1363 2200 0,
1388 2120 1478 2210 ociore

21 2207 22 2236 ³
119 2211 354 2278 ooooto'lll.
396 2212 436 2275 Ut
457 2229 529 2293 erpo
558 2207 872 2274 ¹00000od70711
900 2213 947 2274 oio
967 2207 1053 2274 7560
1076 2211 1121 2274 od
1144 2209 1231 2276 5346
1253 2216 1358 2278 einum
1381 2237 1497 2280 orooro
1559 2233 1578 2290 ,’

120 2299 156 2365 30
176 2300 210 2366 40
238 2299 315 2374 5200,
346 2300 466 2364 scilicet
489 2299 579 2362 GBB.
626 2299 730 2381 Auser
758 2319 779 2360 o
801 2295 871 2373 450,
902 2307 1000 2363 reetot
1030 2298 1110 2362 GBE
1140 2298 1201 2364 410
1224 2299 1278 2366 550
1302 2300 1355 2378 800,
1385 2304 1476 2389 cujas

118 2392 296 2456 dimidium
314 2387 375 2453 200
388 2387 440 2452 570
457 2387 532 2461 3400,
555 2409 646 2471 quern
664 2391 890 2471 secumcoepit
904 2384 1023 2452 38304.
1060 2389 1107 2453 Et
1123 2411 1195 2454 cam
1208 2393 1251 2454 eit
1263 2391 1317 2454 ΕΒ
1336 2390 1473 2470 100000,

121 2482 175 2544 ΒΑ
197 2500 275 2544 uero
303 2476 425 2552 12600,
450 2478 629 2559 differentia
651 2473 776 2552 87400,
806 2475 1017 2561 multiplicato
1038 2479 1075 2542 ire
1104 2481 1236 2544 rodiam
1257 2489 1286 2544 et
1314 2482 1420 2548 dioiea
1440 2485 1476 2547 ira

122 2590 277 2632 summam
296 2564 424 2632 112600
437 2565 554 2648 prodit
569 2563 696 2630 7762οε
720 2567 805 2648 quod
826 2565 1004 2648 multiplico
1025 2570 1062 2632 io
1083 2571 1279 2651 superiorem
1300 2579 1476 2653 torpacion

123 2656 255 2731 38304;
287 2657 371 2738 quod
392 2657 443 2719 luio
462 2657 589 2740 prodit,
621 2654 742 2719 seilicet
765 2651 887 2729 29732,
912 2658 949 2719 id
975 2659 1077 2739 toopit
1103 2678 1214 2722 orcum
1240 2654 1298 2723 160
1320 2657 1374 2724 330
1397 2659 1473 2726 3000.

123 2751 185 2813 Hio
207 2746 340 2811 aetem
361 2765 383 2807 a
404 2747 568 2828 superiore
591 2745 726 2808 dimidio
747 2745 850 2827 ipsios
874 2739 954 2808 CBB
976 2745 1129 2830 relinquit
1151 2744 1190 2810 40
1212 2744 1267 2810 240
1289 2745 1342 2825 400,
1366 2771 1476 2833 nempe

124 2837 278 2920 onpralum
300 2835 394 2896 ΒΕΑ.
435 2833 536 2897 Totum
557 2853 629 2917 erpo
654 2831 738 2896 CBA
756 2840 802 2897 eet
824 2830 862 2894 70
876 2830 931 2896 280
945 2830 1011 2898 5600
1032 2838 1069 2898 ire
1089 2837 1197 2915 formo
1219 2837 1347 2918 quidem
1361 2839 1474 2904 Ptole·

123 2930 238 2991 moioa.
256 2920 300 2999 00)
344 2925 380 2985 In
404 2921 672 3003 Oopernioana,
703 2923 839 3003 quamvis
871 2923 1021 2985 ordinaria
1044 2926 1121 2988 ratio
1145 2925 1334 3006 quaerendae
1358 2947 1474 3010 aequa-

126 3017 211 3078 tionis
237 3033 279 3077 ex
294 3012 442 3095 Tychonis
466 3011 577 3073 tabulis
591 3011 760 3074 Lunaribus
784 3021 865 3072 torno
880 3013 904 3074 Ι.
928 3011 1230 3094 Progymnasmatum
1255 3022 1285 3076 et
1304 3034 1342 3076 ex
1356 3013 1473 3096 Goper-

125 3105 186 3167 nico
210 3105 281 3187 ipso
305 3111 409 3182 patet,
433 3108 503 3163 utar
526 3109 626 3163 tamen
651 3101 714 3181 jam
739 3110 826 3162 extra
849 3101 990 3162 ordinem.
1007 3102 1123 3164 ratione
1147 3103 1226 3178 alia,
1252 3121 1327 3183 quaa
1352 3122 1473 3166 aooom-

125 3195 243 3256 nodata
268 3201 319 3254 est
341 3189 507 3252 anomaliae
530 3186 602 3252 450.
649 3187 790 3279 Sitflot
817 3198 882 3263 (lig.
903 3195 949 3260 53)
974 3185 1035 3252 450
1057 3199 1086 3254 et
1107 3194 1145 3252 ir
1165 3191 1213 3255 oei
1229 3194 1275 3270 By
1300 3188 1416 3266 16380,
1438 3217 1473 3272 ya

123 3281 166 3346 uel
186 3307 225 3346 ao
249 3282 295 3346 eit
318 3276 404 3347 3780
426 3287 456 3342 et
479 3281 538 3340 ori
559 3285 681 3353 rectus,
712 3277 831 3359 duplos
861 3277 981 3341 seilicet
1004 3280 1049 3341 od
1070 3281 1155 3357 βαλ;
1187 3284 1227 3342 el
1248 3301 1319 3344 uero
1346 3284 1389 3345 eit
1410 3283 1474 3366 ipsi

124 3375 164 3448 βα
180 3367 382 3457 paralleloe:
405 3375 435 3430 ot
457 3368 673 3433 coratinceotor
695 3370 733 3428 vl
755 3375 784 3430 ot
806 3373 848 3428 δα
876 3368 975 3430 doceo
998 3377 1186 3434 ooaoorrorut
1214 3371 1249 3433 in
1270 3393 1292 3446 μ
1299 3389 1308 3446 ;
1342 3379 1371 3436 et
1393 3391 1433 3434 eo
1455 3395 1472 3434 o

124 3461 183 3543 ipsi
211 3485 256 3537 sp
282 3455 459 3543 parallelos
490 3457 659 3532 deeoeodqt
686 3453 734 3543 ρξ.
780 3455 868 3539 Erpo
899 3458 967 3530 ion
998 3465 1044 3520 eat
1072 3453 1141 3531 450,
1171 3480 1271 3542 quare
1299 3482 1345 3536 αμ
1377 3481 1474 3542 aequae

125 3559 212 3634 utqrse
235 3553 353 3634 pilleat
375 3545 493 3610 70711.
540 3547 634 3610 Adde
656 3549 693 3607 lv
728 3542 850 3616 16380,
882 3547 943 3607 erit
963 3568 1005 3622 pv
1033 3547 1081 3609 vel
1103 3547 1142 3621 οξ
1164 3545 1283 3613 87091.
1328 3549 1474 3632 thraio

123 3663 162 3716 γε,
185 3663 225 3702 vo
250 3648 281 3702 et
304 3637 349 3712 ξμ
371 3635 527 3720 aequales,
552 3637 701 3698 admodo
723 3633 765 3708 ξμ
789 3635 828 3696 ol>
851 3653 916 3710 op:
937 3643 1038 3699 reatot
1059 3633 1101 3709 αξ
1123 3633 1242 3702 66931.
1285 3637 1326 3701 Ut
1347 3659 1419 3722 erpo
1434 3638 1474 3712 οξ

124 3729 165 3790 od
186 3729 248 3804 ξα,
280 3729 330 3790 oio
358 3728 449 3790 aiano
477 3732 561 3787 totae
589 3726 634 3788 od
663 3721 789 3798 76852,
820 3731 994 3805 temperatam
1016 3725 1084 3798 αοξ
1104 3726 1152 3790 uei
1175 3729 1259 3804 οαβ.
1290 3729 1346 3808 qui
1361 3729 1474 3810 prodit

121 3813 182 3880 370
205 3816 262 3881 320
287 3814 363 3889 3700,
387 3816 443 3898 qui
464 3814 572 3898 differt
598 3816 637 3876 ab
660 3833 739 3877 oron
761 3809 822 3876 450
838 3833 900 3896 per
923 3809 961 3874 70
983 3813 1036 3876 270
1060 3811 1135 3877 2300.
1182 3817 1378 3901 Differerdio
1399 3837 1471 3900 erpo

126 3905 362 3991 Ooperrrioonoo
385 3905 583 3986 aequationie
599 3923 621 3964 o
636 3903 836 3966 Ptolemoioo
853 3901 992 3966 hocloco
1014 3903 1044 3966 10
1058 3899 1123 3967 3300
1136 3927 1213 3969 soree
1229 3907 1416 3990 peremtoria.
1428 3900 1470 3979 00)

206 3997 356 4058 Boreum
377 3995 413 4056 io
434 3991 675 4055 Ptolemaios
696 3994 739 4055 ait
760 3991 844 4054 DCE
871 3997 935 4066 (Εἰς.
956 3996 1002 4064 54)
1026 3988 1103 4068 900;
1127 4015 1200 4077 erpo
1224 4015 1306 4058 oom-
1324 3995 1367 4057 ait
1389 3993 1470 4058 ECB

123 4094 224 4150 rectus
244 4092 277 4147 et
290 4084 346 4144 ΕΒ
366 4079 502 4155 100000,
525 4080 653 4144 oritBG
676 4081 767 4144 sinuo
789 4080 898 4163 napoli
913 4081 1002 4156 GEB,
1027 4085 1083 4164 qai
1097 4084 1137 4163 Jit
1159 4080 1198 4145 40
1213 4081 1267 4146 200
1282 4082 1335 4148 800.
1363 4084 1472 4160 Quare

124 4171 198 4237 EBG
222 4169 289 4237 850
313 4170 367 4236 390
390 4170 467 4244 5200,
490 4169 663 4252 quoreEG
688 4165 806 4233 99713.
844 4170 886 4232 Ut
910 4189 979 4249 ergo
1002 4168 1056 4233 Ec
1082 4173 1126 4234 od
1144 4170 1201 4236 CA
1223 4173 1270 4234 aio
1290 4171 1405 4234 rodim
1426 4171 1471 4233 od

123 4257 226 4327 20218
258 4269 435 4344 torpentem
458 4258 552 4322 CBA.
597 4259 687 4322 Hiao
715 4259 861 4340 aequatio
892 4257 977 4322 CBA
1008 4269 1054 4325 eat
1086 4257 1143 4323 110
1165 4260 1219 4324 250
1241 4257 1318 4324 4800.
1363 4260 1409 4323 Ae
1436 4259 1472 4323 in

205 4569 233 4644 *)
254 4571 408 4627 Anomalia
427 4569 515 4628 media
534 4577 578 4624 est
592 4575 699 4640 tempus
721 4571 836 4640 lapsum,
859 4585 895 4624 ex
910 4585 963 4639 quo
986 4569 1102 4639 planeta
1122 4569 1150 4622 in
1170 4585 1298 4641 apogeeo
1319 4569 1379 4634 furit,
1402 4571 1469 4625 arti·

126 4651 245 4708 doialiter
266 4653 481 4706 denominatum.
509 4651 607 4704 Totum
627 4649 698 4703 enirn
718 4657 834 4718 tempus,
857 4665 909 4719 quo
928 4649 1045 4719 planeta
1066 4650 1101 4702 ab
1117 4648 1251 4719 'apogeeo
1271 4649 1298 4702 in
1313 4665 1470 4722 apogaeum

126 4734 277 4796 revomitur,
301 4733 394 4787 instar
415 4730 504 4786 circuli
527 4731 554 4784 in
574 4731 677 4800 gradus
699 4730 756 4784 360
777 4727 913 4782 dividitur.
943 4727 1091 4782 Anomalia
1111 4743 1178 4782 rora
1198 4735 1243 4780 eet
1263 4744 1342 4783 arcus
1361 4730 1469 4789 zodiaci

127 4811 192 4866 inter
219 4813 314 4868 locum
343 4811 465 4882 apogaei
484 4815 513 4863 et
532 4815 712 4879 apparentem
732 4805 783 4875 (ex
804 4815 897 4864 oentro
922 4805 1038 4874 zodiaci)
1049 4808 1152 4869 flocum
1180 4808 1289 4865 stellae.
1330 4810 1469 4883 Aequatio

128 4899 167 4945 eat
184 4891 345 4947 differentia
363 4891 504 4960 utriusque
524 4887 685 4944 anomaliae.
