3552 5562
330 287 373 360 48
676 292 682 310 ‘
748 287 847 342 Litana
864 287 967 358 Kepleri
983 287 1134 354 odorumque
1151 292 1261 338 maana.

329 471 459 547 modum,
483 468 532 552 qui
555 467 656 533 nescio
680 487 718 530 an
743 468 782 530 ad
804 487 932 550 unguem
958 471 1047 551 jussa
1069 469 1204 530 facturus
1228 466 1287 543 sit;
1319 473 1399 529 certe
1421 463 1453 526 in
1475 459 1585 526 vicinia
1606 471 1666 526 octo

329 564 463 626 locorum
485 559 517 621 iu
541 560 579 635 ό,
596 561 633 632 00,
648 551 693 634 U,
708 551 753 633 U,
771 561 807 635 ζει
829 561 864 636 iss
888 562 923 635 ιι
947 563 982 636 ssss
1003 560 1085 622 iacit.
1132 560 1164 621 ls
1187 558 1259 620 talis
1283 566 1348 620 est:
1372 557 1473 631 Luna,
1496 563 1530 620 ιιι
1551 554 1669 637 quilibet

327 649 538 732 explanatis,
570 654 696 709 naturae
720 646 847 722 oonsilio
870 658 1007 712 movetur
1028 649 1059 712 in
1082 648 1221 730 longum,
1245 648 1355 723 latum,
1378 647 1565 730 profundum.
1609 646 1667 708 Nee

329 741 400 803 erint
420 739 522 820 plures
554 735 766 799 dimensiones.
812 737 930 800 Motum
954 740 985 801 in
1008 739 1159 820 longum
1190 740 1281 802 inient
1303 739 1357 802 Sol
1380 737 1528 819 planetis,
1557 734 1613 816 ipsi
1634 735 1667 796 de

329 849 383 892 suc
401 827 480 893 'nihil
497 826 622 900 addunt,
646 824 705 887 nisi
728 831 875 906 qnatenus
898 826 929 888 iu
949 828 1086 891 diversis,
1101 828 1326 891 circuitionibus
1349 836 1500 890 enatura
1523 823 1572 888 siti
1595 832 1665 887 sunt.

328 921 446 982 Motum
468 915 500 977 in
527 915 642 977 latum
673 913 886 994 planetaipso
916 918 1052 994 coniicit,
1085 919 1139 982 Sol
1162 919 1220 981 hnc
1243 919 1319 981 nihil
1343 918 1469 980 confert.
1506 915 1621 977 Motum
1641 913 1667 976 iu

326 1005 544 1090 profundum
566 1003 647 1064 iuter
671 1021 703 1064 se
725 1003 905 1084 partiuntur,
929 1007 1053 1088 planeta
1075 1027 1203 1071 ascensu
1226 1009 1275 1072 vel
1297 1009 1453 1081 descensu,
1478 1004 1533 1068 Sol
1556 1003 1667 1066 accele-

326 1097 421 1170 rando
445 1094 494 1155 vel
508 1091 657 1154 tardando
676 1091 756 1156 ultra
779 1109 923 1157 ascensus
945 1097 995 1159 vel
1010 1097 1174 1161 descensus
1193 1099 1376 1160 mensuram.
1412 1097 1519 1176 Itaque
1542 1103 1669 1155 centrum

326 1183 486 1248 eccentrioi
507 1181 629 1264 ponitur
651 1181 816 1262 aplaneta,
840 1193 974 1248 ceunum
997 1189 1155 1268 aequantia
1174 1187 1290 1251 asnia
1331 1187 1465 1267 Suntque
1488 1183 1519 1245 in
1541 1181 1669 1266 quolibet

324 1275 447 1356 planeta
461 1278 604 1354 quatuor:
620 1269 739 1334 medius
753 1270 960 1352 longitudinis,
976 1277 1132 1339 inclinatio
1148 1276 1329 1352 latitudinis,
1346 1283 1482 1338 centrum
1505 1271 1667 1344 eccentrioi,

325 1371 460 1442 centrum
483 1358 651 1444 aequantia.
688 1360 776 1422 Luna
789 1379 862 1441 prae
881 1365 991 1428 ceteris
1005 1367 1062 1429 hoc
1075 1367 1177 1442 habet,
1201 1375 1237 1428 ut
1250 1383 1316 1429 cnm
1336 1365 1420 1430 coelo
1436 1383 1490 1438 suo
1508 1367 1667 1433 moveatur,

309 1469 459 1536 *quaeque
482 1449 514 1514 iu
536 1449 605 1510 aliis
636 1457 706 1512 sunt
736 1449 900 1530 simplicia,
934 1455 1050 1518 sintin
1075 1456 1133 1520 hac
1163 1456 1302 1537 duplicia.
1349 1452 1508 1534 Dupliccm
1531 1471 1560 1513 n.
1583 1451 1668 1512 habet

326 1545 441 1606 iontem
472 1537 607 1601 matricis
639 1538 780 1614 vimutis,
798 1539 908 1606 ·Solem
929 1562 984 1625 per
1008 1563 1056 1619 se,
1080 1532 1205 1608 Terram
1227 1563 1282 1626 per
1310 1543 1470 1617 accidens,
1502 1539 1535 1602 'et
1555 1548 1590 1602 nt
1611 1538 1668 1601 diri

326 1651 434 1714 supra,
468 1627 534 1710 ejus
564 1627 632 1688 fons
664 1626 786 1690 virtutis
810 1638 858 1692 est
886 1632 975 1695 linea.
1022 1635 1163 1715 Respicit
1190 1635 1283 1715 igitur
1305 1653 1365 1695 uon
1394 1639 1512 1694 tantum
1534 1632 1664 1702 Terram,

324 1738 413 1804 quam
436 1718 607 1789 circumeat,
632 1715 686 1777 sed
705 1717 796 1779 etiam
811 1719 923 1784 Solem.
963 1721 1073 1786 Omnia
1090 1720 1192 1807 itaque
1207 1715 1409 1806 sua'qnatuor
1422 1722 1517 1784 habet
1531 1717 1665 1804 duplicia.

323 1809 475 1883 Primum,
505 1813 605 1868 motus
628 1803 744 1867 medius
768 1806 798 1871 in
820 1809 901 1874 linea
924 1811 1095 1876 diametrali
1114 1814 1209 1876 «velox
1232 1820 1298 1888 est,
1332 1811 1448 1874 tardior
1471 1827 1530 1891 quo
1553 1807 1667 1887 longios

323 1901 350 1972 D
381 1897 477 1960 distat
503 1917 522 1956 a
549 1893 721 1956 diametrali
752 1895 842 1961 linea
888 1903 975 1964 Hanc
1007 1903 1220 1966 variationem·
1234 1921 1289 1983 per
1321 1907 1500 1984 aequantem
1530 1898 1667 1961 debemus

323 1987 455 2061 salvare,
478 1983 548 2067 quia
570 2003 590 2044 a
608 1981 682 2046 Sole
706 2002 759 2046 seu
784 2005 803 2047 a
822 1988 904 2051 ionte
928 1989 1048 2054 virtutis
1072 1985 1249 2074 simpliciter
1270 1997 1383 2064 manat,
1406 1991 1494 2052 Luna
1508 1987 1577 2069 ipse
1598 1985 1666 2049 nihil

522 2145 527 2158 ,
772 2080 898 2142 confert
944 2082 974 2144 A
998 2082 1102 2157 Terra,
1124 2081 1178 2146 ΒΟ
1202 2080 1410 2144 coneeutricus
1427 2081 1467 2154 l,
1490 2075 1576 2142 Bac
1592 2075 1668 2138 linea

502 2143 555 2210 ¹³⁸·
574 2139 599 2194 ⁹·
772 2169 969 2232 diametralis.
1017 2171 1094 2236 Cum
1117 2189 1188 2250 ergo
1211 2173 1237 2244 J)
1264 2178 1313 2233 est
1334 2170 1365 2232 iu
1387 2171 1436 2244 B,
1465 2167 1506 2230 sit
1530 2171 1666 2248 punctum

461 2244 592 2338 >L
770 2259 929 2340 aequantia
945 2259 975 2321 iu
989 2256 1027 2336 Ε,
1043 2268 1150 2323 contra
1165 2279 1232 2323 cum
1242 2261 1333 2330 est)
1351 2259 1381 2321 in
1399 2255 1435 2334 0,
1456 2256 1498 2320 sit
1513 2251 1666 2336 aequantia

327 2405 331 2414 .
416 2337 458 2390 f
532 2339 535 2416 Ι
594 2325 688 2460 N
769 2356 913 2430 punctum
935 2349 966 2411 iu
988 2351 1027 2413 D.
1075 2349 1239 2421 Quantitas
1261 2349 1318 2414 Ao
1343 2349 1383 2410 ad
1399 2348 1460 2411 DA
1482 2353 1517 2408 ut
1543 2339 1666 2408 100000

529 2443 536 2526 1
772 2439 810 2500 ad
834 2435 921 2503 2400
945 2439 1017 2502 iere.
1063 2439 1143 2502 Nam
1166 2436 1280 2502 1110450
1307 2438 1445 2520 aequatio
1468 2435 1601 2498 maxima
1622 2437 1666 2492 est

772 2525 827 2592 ‹10‘
851 2527 979 2590 circiter.
1019 2525 1111 2592 Sinus
1135 2537 1234 2592 antem
1257 2525 1457 2609 digressionis
1479 2524 1530 2587 vel
1554 2523 1666 2586 distan-

772 2617 882 2690 tiae)
914 2637 932 2678 a
963 2618 1043 2680 linea
1064 2616 1119 2681 BG
1149 2618 1368 2698 multiplicatus
1397 2617 1428 2677 iu
1457 2615 1517 2678 DA
1551 2608 1666 2692 rejectis

773 2704 794 2770 5
817 2706 921 2786 figuris
943 2706 1046 2787 prodit
1068 2707 1167 2770 locum
1189 2708 1292 2788 pnncti
1315 2704 1483 2788 aequantia.

861 2796 1015 2859 Secundo:
1049 2796 1179 2859 latitudo
1211 2796 1344 2858 maxima
1371 2795 1403 2856 in
1433 2789 1666 2874 oppositionibus

774 2891 807 2946 et
851 2885 1110 2962 conjunctionibus
1134 2886 1292 2948 'statuitur
1318 2903 1366 2946 ex
1409 2877 1666 2945 observationibus

774 2970 814 3036 4ο
836 2967 954 3057 58¹i2¹3
984 2975 1016 3038 in
1046 2975 1237 3057 quadraturis
1268 2993 1340 3038 vero
1364 2993 1401 3035 ex
1429 2971 1535 3032 eodem
1565 2970 1666 3032 obser-

524 3103 540 3158 c
773 3061 929 3126 vationum
961 3064 1156 3127 fundamento
1187 3065 1343 3127 inveniunt
1370 3061 1534 3124 maximam
1565 3056 1665 3120 latitu-

774 3153 873 3216 dinem
889 3148 929 3218 5⁰
941 3146 1023 3238 '17¹l,
1031 3154 1049 3214 ¹.
1071 3155 1155 3218 'Hoc
1172 3161 1269 3217 totum
1288 3154 1325 3216 ab
1340 3149 1545 3214 inclinationis
1564 3165 1665 3218 eccen-

322 3240 390 3303 trici
413 3241 592 3317 variatione,
615 3241 673 3303 hoc
693 3249 740 3303 est
761 3242 886 3324 abipsa
909 3244 1012 3306 Lunae
1034 3243 1236 3326 divagatione,
1260 3263 1319 3324 qua
1342 3258 1375 3304 se
1399 3239 1439 3301 ad
1460 3246 1566 3301 nutum
1588 3233 1665 3304 Solis

323 3331 484 3410 componit,
507 3330 676 3410 provenire,
693 3339 832 3395 manente
848 3340 951 3396 centro
971 3331 1151 3394 concentrioi
1167 3333 1326 3412 conjuncto
1345 3349 1412 3392 oum
1428 3335 1532 3390 centro
1549 3328 1664 3394 Terrae.

322 3419 425 3480 multis
457 3419 624 3481 rationibus
654 3427 782 3482 constat.
829 3422 898 3484 Nou
930 3429 1033 3502 potest
1063 3421 1143 3484 enim
1174 3421 1237 3484 fleri
1267 3438 1321 3500 per
1351 3417 1665 3499 appropinquationem

323 3505 493 3568 latitudinis
516 3507 555 3568 ad
578 3509 711 3581 Terram,
736 3527 791 3570 nec
813 3529 867 3590 per
890 3512 1109 3573 revolutionem
1132 3511 1227 3572 centri
1250 3509 1409 3571 ecoentrioi
1426 3505 1513 3568 circa
1536 3507 1664 3570 Terram.

322 3595 456 3676 Utroque
480 3595 559 3657 enirn
581 3596 669 3658 modo
691 3597 867 3677 proveniret
888 3598 1089 3680 inaequalitas
1113 3598 1215 3681 aliqua
1237 3599 1268 3660 in
1291 3597 1488 3678 longitndine,
1513 3617 1589 3679 quae
1611 3615 1665 3681 non

324 3691 372 3746 est
402 3683 679 3746 commensurabilis
710 3687 748 3747 ad
788 3684 1013 3750 observatorias
1049 3689 1290 3770 inaequalitates.
1346 3689 1452 3768 Itaque
1481 3704 1536 3766 per
1568 3703 1665 3750 omnes

323 3755 428 3836 modos
452 3773 533 3834 eunti
562 3773 635 3836 mihi
666 3774 823 3854 appamit,
854 3794 921 3838 cum
947 3775 1031 3838 nulla
1059 3777 1307 3861 inaequalitatum
1337 3783 1503 3839 aetermam
1527 3776 1558 3838 iu
1582 3792 1664 3837 unam

325 3862 506 3945 hypothesin
531 3863 671 3934 conlundi
693 3883 796 3944 posse,
820 3864 966 3928 sedasse
990 3867 1162 3946 separatam
1184 3868 1314 3947 penitus.
1366 3867 1369 3872 '

413 3950 533 4015 Tertio:
569 3952 779 4015 eceentricitas
808 3953 912 4016 Lunae
941 3962 1067 4034 augetur
1097 3964 1129 4017 et
1161 3956 1304 4020 minuitur
1334 3973 1388 4037 per
1417 3955 1514 4036 ipsam
1543 3953 1663 4026 Lunam,

324 4041 572 4124 quemadmodum
594 4041 691 4106 omnis
714 4043 924 4105 eccentricitas
947 4043 1058 4106 accidit
1079 4063 1133 4124 per
1155 4043 1312 4109 ascensum
1327 4053 1359 4107 et
1374 4045 1552 4106 descensum
1575 4041 1664 4124 ipsius

324 4131 474 4212 planetae
513 4130 562 4194 Sit
583 4133 727 4205 Plena,
751 4132 781 4195 A
804 4139 939 4196 centrum
962 4131 1132 4209 eocentrici,
1155 4136 1181 4196 Β
1204 4135 1381 4216 principium
1404 4133 1583 4210 anomaliae,
1606 4132 1666 4212 ejus

326 4239 367 4281 se.
386 4237 562 4301 apogaeum,
586 4221 810 4303 Operigaeum.
847 4217 905 4285 AF
927 4221 1136 4285 occentricitas
1158 4225 1266 4299 media,
1290 4225 1320 4285 in
1338 4225 1377 4299 ό,
1395 4226 1432 4295 0⁰·
1467 4223 1547 4285 Dum
1572 4229 1666 4284 autem

326 4309 413 4372 Luna
437 4308 528 4370 currit
552 4309 590 4371 ab
615 4313 641 4383 8
664 4310 697 4372 iu
720 4304 770 4383 [],
794 4310 916 4373 libratio
947 4311 1041 4374 centri
1071 4313 1230 4379 ecccntrici
1251 4315 1285 4374 flt
1306 4329 1361 4392 per
1382 4311 1450 4386 ΑΕ,
1475 4319 1581 4373 eontra
1601 4310 1666 4372 dum

323 4399 350 4470 h
376 4398 401 4460 it
423 4420 442 4460 a
464 4389 550 4470 [ll]
570 4397 603 4460 iu
627 4403 653 4472 00
677 4397 726 4459 vel
742 4401 780 4476 ό,
804 4399 925 4462 libratio
948 4402 983 4462 iit
1003 4419 1059 4482 per
1080 4401 1149 4464 AD.
1196 4402 1245 4465 Sit
1265 4403 1292 4472 J>
1317 4401 1348 4462 iu
1365 4404 1399 4484 oo
1416 4405 1483 4462 culn
1506 4400 1589 4475 Sole,
1614 4397 1667 4462 erit

324 4495 458 4552 centrum
482 4486 642 4550 eccentrioi
657 4488 688 4550 iu
704 4487 740 4563 Ε,
762 4489 849 4551 Luna
864 4489 1038 4569 egrediente
1052 4489 1082 4553 iu
1098 4483 1142 4566 U,
1166 4491 1224 4554 erit
1245 4490 1276 4552 in
1290 4492 1331 4565 A,
1356 4490 1410 4552 sed
1428 4489 1515 4551 Luna
1531 4489 1665 4552 veniente

325 4576 415 4664 inG,
440 4577 499 4641 erit
521 4587 656 4642 centrum
679 4578 839 4641 eccentriei
862 4576 893 4640 in
915 4581 954 4643 D.
999 4579 1225 4643 Dimeusionem
1248 4581 1379 4642 nondum
1401 4597 1526 4660 possum
1549 4576 1664 4640 addere.

325 4667 395 4728 Non
411 4675 574 4730 esttamen
597 4675 694 4743 tanta,
718 4674 752 4728 nt
765 4674 863 4729 totum
886 4668 1073 4750 aequationis
1095 4669 1244 4732 maximae
1260 4668 1291 4730 in
1306 4669 1498 4751 quadraturis
1514 4683 1666 4730 excessum

326 4753 507 4829 absorbeat,
522 4739 593 4820 'uec
617 4757 694 4820 enim
724 4755 805 4819 ultra
830 4751 881 4820 tal
914 4755 1004 4820 debet
1034 4757 1153 4820 inferre.
1199 4759 1265 4822 Hoc
1283 4759 1376 4821 'modo
1399 4759 1434 4820 fit
1455 4756 1553 4820 ovalis
1575 4759 1666 4840 figens
