3606 5562
691 1515 695 1524 4
846 1387 1133 1484 urrsrorr

601 1597 695 1696 on
740 1579 1379 1708 sou1nnn‘u1eu1'o

694 1823 772 1904 quod
795 1822 843 1886 die
869 1820 918 1886 12.
944 1820 1012 1887 Oct.
1041 1817 1124 1887 1605
1147 1822 1282 1904 contigit.

818 2215 1153 2279 rursusne.

401 2375 533 2454 Keplero
556 2375 625 2437 inde
649 2375 687 2438 ab
711 2393 746 2436 eo
761 2383 919 2456 tempore,
944 2395 1002 2456 qno
1026 2335 1284 2438 obseruationibus
1306 2373 1519 2436 astronomicis
1544 2391 1667 2454 operam

315 2462 415 2537 dabat,
440 2483 500 2526 uon
515 2465 651 2543 contigit,
674 2471 709 2524 ut
723 2463 857 2538 totalem,
875 2484 964 2546 qnam
979 2465 1091 2539 dicunt,
1108 2463 1190 2527 Solis
1207 2462 1330 2544 eclipsin
1345 2463 1546 2542 conspiceret,
1569 2481 1668 2544 neque

315 2553 393 2613 tales
417 2552 591 2632 conquirere
613 2551 713 2632 potnit
731 2551 960 2615 observationes
976 2571 1151 2634 inagnarnm
1167 2551 1319 2632 eclipsium
1336 2551 1468 2632 priorum
1487 2559 1667 2630 temporum,

314 2639 421 2722 quibus
445 2647 509 2702 tuto
534 2641 623 2701 fidere
646 2641 694 2702 vel
714 2640 880 2716 calculum,
895 2641 1012 2722 qualem
1032 2641 1167 2723 optabat,
1192 2647 1398 2722 superstruere
1417 2648 1532 2720 posset.
1563 2639 1666 2713 Quare

315 2728 394 2790 omni
418 2747 474 2810 quo
497 2729 597 2808 potuit
620 2729 719 2800 studio
743 2737 933 2792 astronomos
956 2751 1011 2794 nec
1033 2751 1093 2795 non
1113 2729 1323 2813 qualesquales
1346 2729 1423 2792 alios
1449 2749 1567 2806 „rerum
1590 2749 1665 2791 coe-

314 2817 435 2880 lestium
451 2817 624 2880 amatores“
648 2819 834 2900 provocavit,
859 2820 1023 2883 admoneus
1038 2820 1109 2883 illos
1128 2821 1165 2882 de
1184 2819 1299 2899 eclipsi,
1324 2837 1399 2900 quae
1419 2820 1458 2881 ad
1473 2819 1502 2881 d.
1523 2816 1573 2882 12.
1593 2817 1665 2882 Oct„

318 2903 402 2972 1605
426 2907 502 2969 hora
524 2907 644 2970 circiter
665 2908 831 2971 meridiana
854 2910 1094 2990 exspectabatur.
1124 2910 1169 2993 ,In
1194 2909 1313 2990 Opticis
1337 2905 1610 2990 (v01.11,p.288
1633 2917 1667 2969 et

241 3015 247 3028 ’
314 2991 394 3072 353)
417 3005 528 3070 mouet,
551 2996 628 3059 hanc
651 2997 776 3077 eclipsin
801 2999 902 3072 (Luna
919 2999 1075 3080 perigaea)
1099 2999 1285 3060 commodam
1309 2999 1382 3074 lore,
1406 3006 1440 3060 ut
1463 2997 1601 3079 quaestio
1625 2997 1664 3058 de

314 3085 379 3148 luce
403 3086 507 3148 Lunae
530 3085 652 3168 propria
676 3087 873 3164 decideretur,
896 3089 1003 3150 deinde
1027 3097 1061 3151 nt
1083 3089 1244 3150 observata
1265 3087 1370 3150 Lunae
1395 3087 1542 3150 diametro
1566 3085 1665 3162 „certi

314 3175 385 3256 quid
409 3176 446 3237 de
469 3195 541 3236 vera
560 3175 662 3236 Lunae
687 3177 910 3240 ecceutricitate
933 3177 1069 3240 concludi
1092 3176 1221 3258 possit“.
1254 3177 1289 3238 In
1314 3177 1389 3239 libro
1409 3177 1445 3238 de
1459 3177 1550 3239 Nova
1562 3175 1666 3239 Stella

246 3259 251 3276 '
314 3265 375 3339 (Il,
399 3283 429 3344 p.
454 3259 533 3336 696)
563 3264 641 3326 hanc
670 3265 795 3346 eclipsin
827 3267 933 3341 affert,
965 3275 999 3328 ut
1027 3267 1134 3346 probet
1162 3265 1259 3340 „cosli
1289 3251 1446 3329 ma'teriam
1472 3263 1665 3327 alterabilem

314 3355 413 3416 esse“.
456 3354 492 3415 In
515 3353 612 3415 literis
635 3355 762 3436 privatis
786 3355 867 3417 viros
897 3355 973 3418 adiit
994 3357 1143 3436 Keplerus
1166 3354 1367 3444 astropomica
1391 3355 1528 3417 doctrina
1550 3352 1664 3428 claros,

165 3449 168 3456 '
206 3473 226 3524 .'
313 3451 347 3506 ut
369 3444 398 3504 iu
423 3443 499 3504 huuc
522 3461 609 3521 quem
632 3444 760 3506 diximus
784 3447 870 3506 finem
893 3444 1001 3526 attenti
1020 3451 1124 3507 essent
1142 3443 1246 3524 eclipsi
1266 3444 1381 3506 futurae
1401 3451 1433 3506 et
1452 3463 1541 3525 quum
1564 3443 1665 3505 minus

200 3541 204 3551 '
313 3552 403 3613 quam
435 3530 574 3610 cupiebat
603 3533 738 3613 responsi
766 3534 934 3613 acceperit,
967 3533 1087 3613 publica
1115 3533 1246 3614 epistola
1275 3551 1342 3595 cum
1371 3533 1545 3614 petitionem
1575 3551 1664 3595 suam

311 3619 433 3700 repetiit
456 3629 519 3681 tum
542 3639 626 3682 suam
650 3621 743 3702 ipsius
763 3621 1004 3684 observationem
1019 3621 1161 3684 exhibuit.
1199 3620 1353 3684 Volumini
1366 3621 1438 3684 XV.
1454 3623 1531 3684 Mss.
1548 3623 1661 3698 Petro-

311 3711 372 3790 pol.
396 3709 476 3770 inest
506 3721 685 3788 conspectus
716 3729 833 3793 eorum,
864 3711 969 3792 quibus
1001 3712 1170 3774 transmisit
1192 3711 1341 3790 Keplerus
1365 3711 1538 3792 opusculum
1562 3730 1663 3787 suum,

312 3799 472 3882 quisunt:

402 3904 515 3964 „Galliae
527 3903 618 3970 rigenti
632 3902 656 3960 2,
675 3905 741 3970 gebu
752 3905 836 3966 Parin
855 3905 952 3956 lerninis
971 3904 988 3956 1
1006 3905 1072 3971 gshu
1080 3893 1152 3961 Rom,
1171 3907 1197 3954 iu
1209 3901 1368 3962 Niederland.
1388 3903 1481 3962 (alavio,
1501 3904 1660 3968 Hispaniam.

312 3975 441 4028 Wackerio
461 3975 486 4034 2,
504 3974 620 4026 Barwin'o
640 3973 656 4023 5
674 3977 741 4041 gelra
757 3975 838 4034 Rom,
858 3979 883 4027 iu
900 3976 1067 4036 Nisderland;
1087 3975 1197 4026 Gotiried
1214 3973 1231 4025 ²
1250 3975 1315 4040 gehn
1333 3976 1482 4035 Fraucfordr
1501 3975 1621 4028 Bodsmio
1634 3975 1661 4034 2,

311 4048 445 4100 Herwardo
472 4048 539 4114 gelm
557 4046 699 4106 iltuclrem
728 4047 897 4100 Schnueckart
920 4046 936 4097 2
960 4049 1025 4114 gelen
1042 4047 1214 4106 Amsterdsrnr
1237 4063 1284 4097 von
1303 4046 1448 4098 Polhsimt
1473 4047 1537 4109 gehn
1556 4048 1659 4100 Heidel-

312 4121 386 4185 berg;
407 4119 511 4170 Odontio
532 4119 543 4167 1
564 4117 631 4185 gehu
646 4118 727 4169 Alteri
734 4136 741 4178 ;
759 4119 897 4170 Bacchatio
917 4119 940 4180 1,
959 4119 1051 4185 Byrgio
1065 4119 1089 4181 1,
1108 4117 1253 4170 Memhmdo
1273 4118 1296 4178 1,
1315 4117 1448 4170 Maestliuo
1465 4116 1488 4176 1,
1507 4118 1615 4171 Beaoldo
1633 4118 1659 4179 1,

312 4189 446 4242 Maestliuo
469 4189 490 4252 l,
509 4189 560 4240 und
581 4187 592 4238 l
614 4205 645 4240 un
663 4189 769 4240 Galliam
787 4206 831 4254 por
847 4191 1003 4242 Fleiueriuru.

401 4263 531 4312 Wackerio
550 4261 584 4311 25
602 4262 661 4319 alia,
680 4261 805 4312 Bouesilio
819 4259 855 4324 (1)
874 4258 892 4310 l
911 4263 968 4322 alla,
989 4261 1136 4312 corradueio
1151 4259 1174 4322 1,
1192 4261 1289 4312 Veneto
1303 4254 1328 4317 l,
1348 4259 1488 4311 Florentino
1502 4256 1527 4320 3,
1548 4261 1622 4313 Gallo
1635 4259 1661 4322 3,

314 4331 460 4384 Corraducio
481 4329 505 4390 1,
524 4333 693 4383 Maximiltauo
713 4330 737 4394 1,
755 4333 869 4383 Palatino
887 4331 968 4384 Nsub.
989 4329 1014 4391 3,
1033 4331 1126 4384 Hellen.
1162 4328 1177 4380 ³
1196 4331 1260 4382 Italo
1280 4330 1362 4389 Secu,
1380 4331 1498 4398 Magius,
1516 4331 1533 4382 2
1552 4333 1660 4393 fielnes,

313 4403 391 4456 Leoni
409 4406 434 4455 iu
453 4405 556 4455 Frisism
574 4401 598 4452 s.
636 4403 780 4454 Lehmauuc
798 4403 905 4463 Helias,
924 4405 1038 4455 Rolaudo
1056 4402 1089 4454 ad
1107 4405 1226 4468 Lipsiam,
1245 4403 1362 4470 Waggsu
1381 4400 1499 4456 Polmius.
1535 4404 1661 4464 Fabricio.

315 4475 412 4534 Schola,
431 4477 544 4532 Paucis,
563 4473 723 4532 Rittcrlrusio‚
742 4475 908 4538 Bruncvsky;
927 4475 1053 4527 Basilsaru
1073 4473 1097 4533 1,
1117 4475 1217 4526 cunio
1234 4472 1278 4526 l.“

401 4547 471 4600 Idem
488 4547 611 4598 Volumeu
630 4546 729 4598 exhibet
746 4558 889 4612 responsum
909 4547 1029 4598 casalli
1045 4546 1126 4598 huuc:

472 4637 551 4687 Edler-
563 4634 741 4700 Hochgelertsr
759 4672 765 4684 .
786 4671 792 4686 .
812 4671 819 4684 .
839 4635 958 4702 geliebter
973 4637 1054 4688 Hert!

403 4707 472 4760 Mein
489 4709 602 4774 willipato
621 4706 702 4757 deust
719 4707 799 4759 neten
817 4706 970 4774 muschung
988 4708 1049 4759 aller
1065 4705 1194 4758 sommus
1234 4767 1237 4774 ,

402 4779 456 4832 Dar
474 4779 514 4830 ich
533 4780 589 4829 dem
606 4778 730 4829 Hermio
750 4779 915 4844 lnugerelt
938 4778 1008 4831 nicht
1029 4779 1205 4846 gsschriebem
1230 4779 1264 4830 ist
1285 4780 1323 4829 nit
1347 4779 1387 4830 die
1404 4772 1513 4837 umen,
1541 4779 1600 4832 den
1617 4778 1661 4832 lm

314 4851 395 4904 rainer
413 4865 543 4919 terpaton
560 4849 630 4904 hetta
655 4849 714 4901 oder
734 4849 761 4901 iu
783 4852 870 4903 seium
893 4850 974 4903 dieust
997 4852 1034 4902 ult
1055 4856 1150 4917 gesom
1172 4855 1246 4904 utre·
1283 4849 1394 4906 &udam
1416 4850 1457 4904 die
1474 4851 1660 4906 munemne
