3582 5558
528 310 559 362 de
577 309 766 362 Commentariis
783 311 815 362 de
833 317 901 363 motu
919 311 1007 366 mellae
1023 314 1119 366 Marna
1452 313 1499 382 89

137 481 272 546 honore
298 499 374 548 cum
397 484 588 551 Ptolemaeo.
630 488 822 552 Ptolemaeus
843 489 970 570 primurn
994 507 1096 554 crasso
1119 492 1216 567 modo,
1241 491 1397 574 supposita
1419 491 1495 560 slm-

137 571 201 654 plici
233 575 487 639 eccentrieitetis
517 577 692 660 hypothesi,
726 578 843 662 quaerit
876 577 1130 643 ecoeutricitatem
1159 581 1329 664 invenitque
1362 581 1494 664 quintam

139 661 357 728 semidiametri
382 673 512 747 partem.
548 665 619 729 Jam
641 685 699 729 nou
723 667 871 748 expeditis
894 668 1030 730 omuibus
1054 669 1134 732 circa
1157 672 1365 747 ecoeutricum,
1390 671 1496 734 statim

141 751 252 815 mandit
272 745 400 818 'orbern
433 773 562 818 monum
594 775 648 818 seu
680 756 844 840 epicyolnm
877 757 907 819 in
940 775 1075 838 apogaen
1105 767 1138 820 et
1165 761 1306 840 perigene
1339 761 1497 824 ecoeutrioi

139 841 349 919 constitutum,
374 842 428 907 ubi
449 863 554 927 parum
577 845 608 907 in
631 845 754 926 longum
767 845 932 922 aberratur,
951 845 1124 928 invenitque
1138 847 1303 930 simplicem
1318 849 1496 914 ecoeutrici-

140 937 230 995 nom
252 932 343 1015 prius
367 951 474 998 crasso
496 925 693 998 constitutam
716 947 887 1016 scuposas
909 935 948 997 ab
966 935 1100 1017 epioyolo
1124 937 1256 1014 tolerari,
1280 937 1339 1001 nisi
1359 947 1497 1020 exparte

138 1021 274 1102 praecium
290 1021 429 1087 dimidia.
455 1024 525 1087 lam
539 1024 629 1105 igitur
643 1043 760 1087 rursum
775 1024 948 1105 aggreditur
958 1025 1175 1088 ordinationem
1185 1027 1353 1097 ecoeutrioi,
1369 1027 1496 1110 etquaoi

136 1129 188 1192 per
219 1112 297 1174 falsi
318 1114 459 1194 regulam
480 1112 599 1177 iteratis
622 1113 847 1195 operationibus
861 1113 891 1176 in
906 1132 966 1176 nna
981 1114 1117 1196 qnalibet
1138 1117 1403 1196 prosthaphaeresi
1422 1129 1497 1180 con·-

138 1200 298 1264 stitueuda
313 1201 417 1276 sudat,
441 1203 545 1265 donec·
558 1221 624 1265 enm
648 1211 699 1266 set
719 1203 889 1284 praecisam
911 1221 979 1266 esse
1001 1211 1099 1283 putet.
1145 1205 1246 1267 Aliter
1260 1204 1443 1286 Copemicne
1466 1215 1498 1270 et

136 1289 259 1368 vitiose,
284 1291 344 1354 boc
359 1293 517 1356 autminus
532 1292 620 1355 docte
634 1311 723 1376 quam
737 1291 938 1356 Ptolemaeus.
987 1291 1094 1376 Credit
1116 1295 1193 1356 enim
1213 1295 1399 1378 acrouychiis
1422 1296 1497 1358 solis

135 1397 194 1441 uon
210 1380 355 1444 consulto
370 1380 512 1464 epicyclo,
536 1390 647 1463 putans
670 1403 704 1444 ee
725 1382 757 1445 in
779 1382 836 1444 hoc
858 1383 1065 1448 Ptolemaeum
1087 1383 1246 1464 corrigere,
1271 1391 1303 1445 et
1325 1393 1497 1465 suspectam

138 1468 259 1532 habena
284 1471 351 1551 eJns
375 1463 552 1533 relationem
571 1471 636 1533 sine
659 1471 965 1534 demonstrationibus
989 1471 1241 1535 observationum.

226 1559 310 1623 Puto
332 1567 364 1622 te
387 1560 418 1622 in
441 1559 539 1624 altera
561 1561 784 1642 assignatarum
807 1579 964 1624 causarum
986 1579 1141 1642 peccasse,
1166 1561 1235 1624 dnm
1253 1560 1385 1629 exstruis
1399 1562 1495 1625 semi-

137 1647 326 1712 diametrum
349 1649 440 1712 anoni
472 1649 562 1712 orbis.
609 1651 738 1713 Accedit
769 1658 872 1713 tamen
906 1657 938 1714 et
968 1650 1044 1712 haec
1071 1659 1158 1713 certa
1186 1652 1296 1714 erroris
1329 1667 1437 1714 cenea:
1470 1651 1497 1714 si

138 1735 243 1800 Marte
269 1739 300 1800 in
324 1745 411 1802 certo
432 1739 498 1801 loco
521 1739 680 1802 ecoeutrioi
703 1739 896 1816 (existente),
920 1748 994 1820 puta
1016 1739 1046 1800 in
1065 1741 1146 1820 long.
1162 1741 1273 1815 media,
1297 1740 1344 1802 bis
1366 1743 1496 1802 exstruis

137 1825 243 1889 orbem
269 1845 412 1903 aunuum,
447 1827 520 1891 Sole
551 1847 609 1890 non
641 1829 671 1892 in
704 1828 811 1890 eodem
842 1828 887 1892 sni
911 1829 992 1891 orbis
1017 1829 1082 1890 loon
1106 1837 1263 1904 versante,
1288 1828 1424 1892 invenies
1446 1828 1495 1896 hio

137 1933 259 1999 quoque
275 1917 366 1981 aliam
390 1923 481 1999 atque
504 1917 595 1980 aliam
618 1918 883 1991 semidiametrum,
906 1917 976 2000 quia
999 1935 1031 1979 re
1053 1935 1127 1980 vera
1149 1917 1300 2002 epicyclns
1314 1917 1424 1981 Martis
1445 1927 1496 1981 est

137 2006 338 2084 munificus,
361 2005 392 2069 h.
417 2027 444 2070 s.
469 2005 543 2069 nihil
565 2005 646 2069 alind
669 2025 757 2088 qnam
780 2007 844 2088 ipse
862 2005 944 2068 Solia
968 2005 1049 2070 orbis
1072 2025 1139 2070 cnm
1163 2007 1321 2070 dimidiata
1343 2008 1494 2072 eoceutrl·

136 2094 245 2159 nitate.
299 2095 467 2178 Propterea
498 2113 555 2178 ego
586 2113 625 2158 ex
656 2097 751 2160 tribus
785 2096 955 2176 hujusmodi
988 2095 1115 2160 diversis
1148 2097 1378 2160 semidiametn's
1409 2096 1494 2160 orbis

137 2186 233 2249 annui
269 2203 380 2269 quaero
412 2185 667 2248 ecoeutricitatem
699 2185 765 2267 ujus
789 2193 820 2247 et
843 2203 1025 2266 apogaeum,
1051 2194 1083 2266 et
1105 2185 1235 2248 invenio'
1248 2186 1304 2248 hoc
1327 2183 1405 2247 idem
1428 2203 1500 2249 cum

136 2273 291 2345 Temeno.
323 2277 407 2340 illum
440 2274 626 2358 dimidiatam
658 2273 750 2336 Solis.
797 2271 885 2345 Quod
917 2281 951 2336 tu
982 2275 1012 2337 in
1044 2275 1393 2355 triangulo‘rectangolo
1416 2273 1496 2338 iuter

137 2371 262 2442 centra,
296 2365 381 2445 cujus
411 2365 490 2427 alter
513 2365 640 2445 angulus
664 2363 812 2426 demntia
834 2381 1052 2444 apogauomm,
1073 2364 1191 2426 iuvenis
1214 2363 1343 2428 vicinum
1366 2363 1495 2444 aliquem

136 2471 295 2517 numerum
316 2472 383 2516 meo
406 2471 539 2537 numero,
559 2453 590 2516 id
604 2453 696 2534 plane
711 2451 943 2516 accidentalium
959 2440 1008 2516 ee't
1021 2471 1076 2516 nec
1091 2452 1249 2534 quidquam
1263 2461 1374 2516 movet.
1410 2451 1491 2516 Nam

136 2543 164 2605 si
187 2543 406 2607 divellerentur
429 2561 565 2624 apogaea
585 2543 714 2622 longius,
744 2540 913 2604 raderetur
935 2541 983 2602 hic
1004 2549 1073 2604 tuns
1087 2561 1235 2617 numems,
1260 2549 1401 2605 manente
1424 2559 1492 2605 men

136 2649 176 2695 ex
199 2631 389 2716 acronychiis
413 2632 551 2708 deducto,
576 2631 653 2712 qood
678 2621 795 2712 quidem
818 2631 883 2710 ipse
906 2631 1047 2694 olfecieti.
1085 2631 1180 2694 Miror
1200 2641 1300 2694 ιιιιιιειι
1314 2631 1489 2714 propinqui-

135 2729 235 2785 tatem
260 2727 353 2794 (titt,
372 2725 464 2798 ason),
488 2721 626 2784 aedecio
650 2708 864 2783 connexionem
888 2721 999 2783 nullum
1022 2739 1100 2783 esse.
1147 2719 1310 2801 ‘lhiangnlo
1340 2721 1395 2784 hoc
1419 2741 1491 2784 usus

135 2826 195 2892 ego
228 2831 298 2875 sum
327 2813 358 2875 io
389 2811 539 2894 Mystcrio
577 2809 699 2892 ejusque
735 2811 850 2873 tabella
881 2809 994 2890 majore
1027 2809 1137 2892 alique.
1183 2811 1234 2874 Ab
1265 2810 1371 2874 eodem
1398 2811 1490 2874 etiam

135 2900 238 2984 incepi
262 2921 341 2964 anuo
367 2898 453 2966 1600
474 2900 603 2962 Martios
626 2917 710 2960 meos
733 2899 863 2974 labores,
887 2907 922 2961 nt
943 2899 1059 2962 videbis
1082 2899 1112 2961 lu
1137 2898 1377 2964 Commentariis.

228 2989 362 3054 Dabitur
384 3009 477 3073 opera
498 2987 619 3052 Fabrici
638 2989 760 3069 jamque
783 3005 850 3050 cum
874 2988 1015 3070 Tyohoue
1038 2997 1218 3052 conventum
1241 2997 1306 3063 est,
1330 2997 1365 3051 ιιι
1386 3005 1490 3052 omncs

138 3079 417 3144 &mussitationes
440 3081 469 3142 in
493 3079 588 3142 tribus
611 3077 821 3160 hypothesium
844 3077 947 3140 lormie
971 3079 1178 3159 expediantur.
1202 3084 1237 3149 (ι.
1256 3101 1277 3138 ι.
1294 3099 1319 3150 p.
1348 3082 1427 3149 tn),

228 3167 346 3233 Censes
369 3169 566 3252 acrouychicu
590 3167 769 3252 hypothesin
796 3167 879 3248 prius
903 3176 1010 3229 eructu
1031 3167 1279 3242 constituendam,
1304 3171 1368 3228 tum
1390 3166 1490 3250 quoad
1531 3223 1532 3228 ,

133 3257 206 3322 loca
229 3257 425 3340 longitudinis
449 3276 537 3340 qnam
560 3257 658 3339 quoad
682 3255 862 3331 distantias3
885 3255 954 3317 inde
976 3255 1227 3338 progrediendum
1252 3257 1299 3318 ad·
1313 3255 1399 3317 varia
1422 3257 1490 3318 loca

135 3347 219 3411 urhis
244 3347 336 3410 annui
358 3365 453 3431 eaque
475 3346 667 3428 inquirendar
690 3353 722 3407 et
744 3344 864 3426 quaeris
887 3345 959 3426 quid
981 3346 1019 3407 de
1043 3347 1100 3408 hac
1118 3353 1172 3407 tua
1186 3345 1327 3408 methodo
1342 3343 1491 3408 sentim?

227 3433 359 3500 Omnino
382 3437 420 3499 ab
444 3433 630 3518 acrouychiis
652 3434 854 3518 incipiendum
876 3435 914 3498 ob
937 3433 1178 3515 simplicitatem,
1201 3435 1272 3518 qnia
1293 3434 1361 3497 loca
1383 3435 1489 3498 stetim
1524 3473 1528 3480 ·

134 3543 175 3589 ex
197 3525 413 3589 observatione
435 3533 551 3608 patent.
596 3523 679 3605 Ergo
708 3523 888 3587 inveniende
919 3522 1095 3607 hypothesis
1128 3541 1166 3586 ex
1197 3523 1252 3599 lis,
1285 3541 1361 3606 qnae
1393 3523 1490 3588 locum

132 3617 342 3680 ecoeutricum
363 3621 510 3679 monstret
534 3615 572 3677 ad
596 3613 790 3695 quodcunque
813 3621 948 3694 tempus,
978 3607 1071 3676 etiarn
1093 3629 1160 3676 cum
1182 3631 1242 3676 nou
1265 3621 1314 3676 eet
1335 3613 1377 3676 lbi
1400 3631 1490 3678 acro·

132 3705 248 3788 nychia
270 3705 432 3788 oppositio.
477 3704 524 3766 De
556 3702 709 3767 distantiis
740 3721 811 3766 vero
844 3701 1029 3785 nmonychiis
1059 3721 1118 3765 noo
1150 3702 1301 3765 reddimur
1331 3703 1489 3767 admodum

132 3795 223 3874 certi,
237 3793 297 3858 uisi
312 3793 447 3858 nonnihil
461 3811 499 3858 ex
511 3791 730 3866 latitudinibus,
745 3792 794 3855 nbi
808 3798 911 3855 tamen
925 3799 1209 3874 praesupponuntuc
1219 3793 1326 3855 multa,
1358 3790 1489 3874 Oportet

134 3882 210 3966 er'go
233 3883 398 3947 distantius
420 3883 524 3946 venari
548 3901 584 3944 ex
606 3881 820 3964 parallaxibus.
859 3881 903 3944 At
917 3881 944 3942 si
963 3881 1141 3963 simpliciter
1154 3881 1302 3962 procedas
1324 3901 1378 3962 per
1400 3899 1489 3946 uuam

132 3971 309 4056 parallaxin
333 3974 484 4036 stlocum
508 3972 717 4045 ecoeutricnm‚
750 3971 808 4033 duo
836 3971 1072 4052 praesupponis:
1108 3970 1142 4046 1)
1166 3969 1262 4034 lecum
1285 3971 1488 4052 hypotheseos

132 4063 238 4128 valere
262 4063 355 4126 etiam
377 4081 443 4126 cnm
467 4079 525 4123 nou
549 4059 588 4124 sit
612 4057 761 4142 oppositio
783 4060 977 4143 nmonychia,
1003 4061 1080 4142 qnod
1103 4067 1204 4124 tamen
1228 4059 1315 4122 initio
1338 4061 1487 4137 uesciturr

135 4147 418 4235 liupraesupponis
441 4148 617 4214 distantiam
640 4146 681 4226 Θ
706 4155 737 4210 et
760 4149 786 4226 ὃ
810 4167 862 4212 seu
886 4149 1143 4212 semidiametrum
1175 4149 1309 4231 epinycli,
1334 4150 1487 4230 planetam

133 4241 285 4319 vehentis,
309 4249 457 4324 perpetuo
477 4257 546 4303 ease
561 4238 697 4315 eandem,
721 4239 799 4318 quod
821 4239 931 4301 falsum
953 4247 1010 4302 est.
1048 4239 1155 4319 Itaque
1172 4255 1228 4320 ego
1243 4237 1340 4319 primo
1357 4237 1487 4302 cranium

135 4349 171 4396 er
193 4333 284 4398 trinis
306 4329 515 4413 parallaxihus
538 4336 565 4399 d
587 4327 691 4390 eodem
715 4327 874 4390 ecoeutrioi
895 4328 963 4390 loco
986 4345 1096 4409 quaero
1117 4327 1383 4392 ¹ecoeutricitatem
1406 4325 1485 4390 orbis

135 4422 237 4500 annui,
271 4429 345 4485 tuuc
367 4427 478 4502 postea
499 4435 621 4500 possum
645 4415 784 4478 adhibere
804 4416 906 4497 justas
929 4416 1102 4493 distantiae,
1132 4417 1157 4480 si
1181 4433 1255 4498 opus
1278 4423 1370 4479 esset.
1416 4416 1486 4480 Non

137 4512 262 4595 amplius
284 4529 358 4574 vero
388 4527 467 4590 opus
496 4513 553 4571 eat.
599 4503 714 4568 Eadem
747 4505 825 4584 enim
856 4522 949 4586 opera
971 4505 1058 4569 elioio
1091 4514 1123 4569 et
1152 4505 1375 4587 proportionem
1404 4503 1486 4570 orbis

137 4603 218 4667 suuni
243 4603 283 4666 ad
307 4601 396 4664 illam
421 4596 598 4660 distantiam
621 4603 647 4667 0·
669 4602 702 4657 et
724 4589 782 4672 Θι
812 4595 917 4682 quodsi
947 4603 1085 4676 quartum
1113 4603 1144 4656 et
1175 4594 1309 4675 quintam
1331 4603 1364 4658 et
1384 4596 1485 4678 plures

137 4691 296 4757 monam
318 4687 502 4774 paraturus
525 4685 712 4749 adeundam
735 4684 894 4747 ecoeutrioi
917 4685 1028 4754 locum,
1060 4691 1148 4746 tanto
1176 4682 1274 4763 magis
1301 4683 1484 4764 incertior,

135 4783 250 4850 eundem
273 4776 449 4848 ecoeutrioi
472 4775 569 4838 locum
591 4781 623 4836 et
644 4773 770 4837 eundem
791 4773 857 4853 eine
880 4773 1055 4836 distantiam
1077 4790 1098 4833 a
1120 4769 1161 4850 Θ
1184 4773 1297 4845 valera
1319 4773 1484 4858 ubicunque

130 4869 180 4940 Sol
199 4877 251 4954 ait,
274 4881 309 4939 et
332 4867 384 4936 sic
410 4883 448 4930 se
470 4863 538 4945 ipso
554 4869 637 4928 stare
651 4855 849 4928 ecoeutricnm
864 4869 899 4962 ξι,
923 4861 1091 4926 nonullam
1114 4860 1215 4925 subire
1236 4859 1485 4946 inaequalitatem
