3552 5562
363 289 406 367 96
777 291 880 348 Litaraa
899 293 1004 362 Ksplerl
1023 293 1172 360 aliorumque
1189 299 1291 347 mutuas

366 499 399 544 se
422 479 489 561 ipso
511 477 638 541 libratur
660 475 690 539 in
713 475 861 558 diametro
884 473 1028 559 epicyoli3
1051 473 1167 558 rapitur
1189 493 1208 535 a
1229 473 1341 536 virtute
1364 491 1402 536 ex
1424 471 1498 540 Sole
1520 473 1551 537 in
1571 474 1712 538 muudum

364 588 471 652 sparsa
478 589 488 645 ;
511 566 636 649 utraque
659 565 752 629 motio
775 571 825 628 est
847 565 1031 647 inaequalis;
1064 563 1187 626 libratio
1217 563 1383 628 intenditur
1416 572 1447 628 et
1468 558 1634 628 remittitur
1656 585 1711 628 non

363 665 480 722 tantum
502 657 567 738 lege
591 657 716 719 ducrum
740 655 929 730 circulorum,
952 655 1038 716 utin
1063 653 1242 734 Copemico,
1266 654 1321 716 sed
1343 653 1388 716 illi
1411 654 1469 735 ipsi
1488 653 1594 716 circuli
1617 653 1713 717 inten-

364 749 473 811 duntur
495 753 526 807 et
548 745 741 808 remittuntur
764 745 803 806 ad
824 763 995 808 mensuram
1011 742 1175 806 crescentis
1194 751 1225 805 et
1243 743 1447 806 decrescentis
1462 743 1602 805 diametri
1619 742 1713 819 Solis;

365 845 476 920 quanto
498 836 594 916 major
617 833 796 917 apparentia
826 833 902 896 disci
925 832 1043 896 Solaria
1066 832 1097 894 in
1118 831 1265 914 perihelio
1294 853 1383 914 quam
1407 833 1437 894 in
1460 832 1598 914 aphelio,
1632 841 1713 895 tanto

364 925 459 1004 major
481 922 544 987 illic
568 925 691 988 diurnus
715 941 803 1006 quam
825 922 885 999 hic,
907 923 957 988 vel
980 941 1088 986 eversa
1104 921 1308 1003 proportione,
1330 929 1430 984 tanto*
1446 922 1557 1004 diutius
1583 930 1714 985 moratur

364 1014 486 1096 planeta
508 1012 540 1075 in
563 1031 622 1075 uno
645 1013 740 1093 gradu
763 1011 931 1075 anomaliae
959 1017 1142 1093 coaequatae
1167 1010 1197 1073 in
1227 1011 1364 1092 aphelio,
1395 1029 1484 1094 quam
1506 1012 1537 1073 in
1559 1009 1713 1094 perihelio.

364 1103 483 1184 Raptus
515 1121 586 1164 vero
619 1121 759 1164 mensura
791 1109 839 1164 est
871 1100 959 1182 copia
990 1099 1111 1163 luminis
1143 1119 1181 1162 ex
1204 1099 1276 1164 Sole
1298 1101 1329 1162 in
1351 1101 1506 1182 planetam
1529 1101 1559 1186 in
1583 1100 1714 1188 qualibet

364 1191 511 1254 distantia
534 1190 660 1272 allapsi,
690 1209 795 1272 nempe
828 1190 982 1272 quantitas
1013 1189 1090 1252 disci
1122 1189 1257 1270 corporis
1281 1189 1409 1253 Solaria.
1457 1189 1651 1262 Quomodo
1673 1191 1713 1250 ad

365 1281 470 1344 mille
502 1280 669 1360 parietes
703 1279 912 1361 impingens
943 1279 1038 1341 hano
1072 1279 1191 1341 sclam
1222 1279 1320 1342 viam
1352 1280 1410 1342 ire
1443 1286 1605 1343 coactns
1633 1299 1712 1352 sum,

365 1369 558 1452 capitibus
581 1367 668 1432 illis
691 1367 732 1432 51
758 1369 996 1451 descriptum.

453 1459 519 1520 Hoc
543 1457 720 1540 simpliciter
742 1467 870 1534 certum,
896 1477 940 1520 ex
963 1458 1049 1522 Sole
1072 1456 1279 1539 propagari
1301 1455 1386 1531 vim,
1415 1475 1515 1538 qnae
1534 1455 1713 1538 planetas

366 1547 470 1628 rapit
477 1567 486 1623 ;
511 1553 612 1610 cetera
635 1547 679 1609 sic
701 1547 821 1630 quidem
844 1549 949 1622 dubia,
972 1556 1006 1610 ut
1028 1556 1128 1610 tamen
1152 1546 1315 1609 identidem
1339 1545 1436 1608 simile
1460 1545 1616 1628 quippiam
1639 1546 1713 1608 aliud

365 1643 437 1720 post
449 1635 531 1699 aliud
549 1637 589 1698 ad
605 1655 726 1718 scopum
742 1657 788 1698 me
811 1639 935 1720 propius
958 1637 1096 1700 adducat.
1134 1637 1238 1699 Habes
1252 1637 1289 1698 de
1308 1654 1374 1697 meo
1391 1636 1536 1715 proiectu.
1578 1635 1713 1700 Ceterum

368 1725 591 1790 Commentario
613 1725 689 1788 haec
712 1727 843 1788 fortasse
866 1745 954 1790 nemo
977 1727 1037 1790 nisi
1059 1725 1139 1807 apud
1162 1745 1209 1789 me
1232 1725 1350 1788 viderit.
1389 1725 1493 1788 Habes
1517 1725 1713 1787 strationem

366 1811 511 1896 temporis
533 1814 692 1896 prolixam.
739 1815 820 1888 Quid
840 1834 915 1878 veru
937 1824 971 1878 tu
990 1816 1054 1896 jam
1078 1814 1163 1896 agis,
1186 1823 1346 1896 postquam
1369 1831 1416 1875 me
1439 1831 1506 1876 oum
1528 1833 1597 1876 meo
1621 1816 1713 1878 Marte

368 1903 526 1966 delusisti?
571 1905 687 1985 Nempe
719 1907 888 1986 catalogum
920 1923 1061 1968 recenses
1089 1914 1208 1978 eorum,
1238 1921 1313 1986 quae
1342 1901 1373 1964 in
1396 1903 1484 1965 Luna
1505 1903 1612 1986 l'ycho
1636 1911 1666 1966 et
1686 1911 1713 1965 tu

368 1991 599 2074 praestiteritis,
623 2001 655 2055 et
675 2001 784 2073 postea
808 1995 982 2075 subjungis,
1013 2013 1061 2056 me
1084 1994 1159 2056 haec
1182 1991 1281 2056 omnia
1304 1991 1499 2074 aequiparare
1523 1993 1712 2074 sterquilineo

367 2081 495 2162 Augias.
542 2084 629 2146 Bona
651 2083 752 2146 verba.
800 2083 881 2156 Quin
913 2093 945 2146 tn
977 2084 1078 2165 potius
1102 2081 1286 2164 exspectasti
1308 2081 1438 2144 reditum
1460 2087 1542 2144 tuum
1565 2081 1712 2156 Heluian,

367 2178 402 2234 ut
423 2169 567 2251 inspectis
590 2171 690 2234 literis
711 2173 788 2235 meis
811 2191 965 2248 cerneres,
994 2193 1033 2236 an
1063 2173 1125 2235 tale
1157 2171 1308 2255 quippiam
1338 2170 1520 2234 contineant
1568 2170 1713 2234 Adhaesit

367 2259 529 2322 memoriae
552 2267 623 2334 tuae
645 2262 765 2341 Augiae
788 2282 856 2326 vox.
902 2263 951 2325 Ne
974 2261 1044 2345 qnid
1072 2281 1184 2344 quaeso
1216 2279 1270 2341 per
1301 2261 1499 2336 calumniam,
1533 2279 1611 2342 quae
1644 2260 1714 2322 solet

367 2349 540 2432 plemmque
565 2347 705 2434 occupari
727 2350 808 2413 eirca
830 2349 989 2414 invidiosa.
1036 2352 1138 2433 Atque
1161 2359 1198 2427 ut,
1216 2351 1338 2426 videas,
1369 2368 1417 2411 me
1439 2355 1541 2412 tenere
1565 2349 1712 2422 memoria,

369 2437 416 2500 eui
438 2437 482 2499 rei
505 2437 578 2500 mihi
600 2437 703 2519 Augia
726 2441 876 2517 servierit,
900 2441 1036 2524 quamvis
1059 2441 1089 2502 id
1112 2447 1144 2503 tu
1168 2461 1205 2502 ex
1227 2438 1438 2522 praesentibus
1453 2437 1509 2501 tubi
1527 2436 1628 2502 literis
1646 2437 1712 2500 meis

368 2525 480 2590 rectius
502 2527 657 2609 percipere
679 2535 781 2609 potes,
812 2530 904 2605 scito,
935 2549 983 2593 me
1010 2551 1070 2593 non
1093 2531 1311 2592 dehonestasse
1334 2527 1549 2592 astronomiam
1575 2527 1712 2599 convicio,

368 2633 459 2698 quam
481 2615 604 2678 maximi
623 2618 692 2696 June
716 2618 809 2696 lucio,
843 2620 896 2681 sed
929 2637 1013 2682 usmn
1047 2637 1116 2682 esse
1140 2618 1333 2682 similitudine
1357 2637 1450 2700 eaque
1473 2615 1596 2680 minime
1620 2617 1650 2680 in
1672 2615 1712 2688 iis,

369 2723 446 2787 quae
468 2710 501 2765 tu
514 2705 573 2766 ·vel
596 2706 699 2790 Tycho
723 2708 939 2788 praestitistis,
963 2709 1133 2786 elevandis,
1163 2709 1243 2791 quod
1265 2707 1337 2770 mihi
1362 2715 1414 2769 aut
1436 2707 1483 2770 ira
1504 2713 1648 2770 caecatus
1669 2711 1712 2766 aut

369 2791 488 2857 malitia
511 2802 668 2876 corruptus
692 2815 759 2858 cum
782 2797 893 2878 insigni
915 2798 1024 2878 injuria
1045 2798 1169 2874 tribuis,
1193 2798 1247 2860 sed
1270 2797 1300 2859 in
1324 2796 1545 2878 comparatione
1569 2795 1711 2880 hypothe-

371 2883 448 2946 sium
470 2882 659 2965 antiquarum
683 2905 748 2948 cum
770 2906 837 2948 meo
860 2887 967 2950 itinere
991 2888 1081 2950 ovali.
1120 2889 1166 2950 Tu
1189 2906 1287 2949 meum
1313 2885 1400 2949 ovale
1420 2887 1479 2948 iter
1502 2881 1709 2954 dehonestasti.

374 2989 431 3052 ego
454 2969 509 3032 tibi
532 2974 672 3055 centuplo
696 2975 887 3038 absurdiores
911 2978 1009 3057 spiras
1033 2975 1222 3060 antiquorum
1245 2979 1336 3058 (quos
1351 2975 1511 3038 etiamnum
1526 2977 1632 3058 Tycha
1652 2971 1709 3035 imi·

373 3067 456 3123 tatus
478 3069 536 3138 est,
560 3081 620 3124 non
641 3083 720 3126 nova
738 3066 886 3146 lingendo,
911 3067 966 3129 sed
984 3073 1088 3129 vetera
1101 3065 1311 3148 relinquendo)
1328 3063 1462 3148 opposui.
1500 3065 1534 3128 Si
1551 3081 1709 3134 succenses,

374 3167 461 3211 ame
485 3169 544 3213 non
566 3168 656 3231 posse
679 3154 747 3216 tolli
770 3154 828 3218 iter
844 3155 943 3228 ovalo,
966 3162 1076 3239 quanto
1090 3155 1188 3238 magis
1206 3174 1381 3217 succensere
1404 3153 1496 3242 debes
1513 3149 1624 3236 spiras,
1648 3171 1711 3234 quas

373 3237 490 3300 sustuli.
537 3239 635 3312 Quasi
657 3244 846 3324 peccaverim
869 3243 899 3306 in
923 3244 1003 3308 ovali
1026 3245 1146 3320 relicta,
1171 3265 1238 3308 cum
1262 3244 1355 3306 ceteri
1377 3243 1492 3324 antiqui
1515 3262 1573 3305 non
1598 3245 1713 3325 peccent

373 3327 427 3388 tibi
449 3326 480 3388 in
504 3336 550 3390 tot
573 3330 673 3411 spiris.
718 3333 784 3396 Hoc
808 3339 856 3395 est
876 3333 999 3396 multari
1023 3335 1059 3396 ob
1082 3353 1172 3397 unum
1203 3353 1320 3396 carrum
1347 3331 1439 3398 timeti
1469 3330 1625 3408 relietum,
1658 3347 1713 3392 enm

373 3413 520 3496 reliquam
542 3419 674 3498 Augiam
697 3422 928 3503 expurgaveris;
961 3431 1012 3486 tuo
1036 3441 1143 3499 sensu,
1171 3424 1226 3505 qui
1243 3420 1384 3504 repudias
1407 3439 1505 3483 meam
1528 3419 1648 3484 ovalem
1670 3437 1713 3480 ceu

373 3521 463 3565 unum
485 3525 603 3568 carrum
625 3509 728 3584 fimeti,
752 3530 819 3573 oum
841 3510 954 3574 toleres
975 3512 1083 3594 spiras,
1107 3531 1183 3594 qnae
1198 3519 1294 3575 totum
1309 3511 1460 3574 stabulum
1475 3510 1713 3593 sunt,siqnidem

373 3610 442 3653 mea
465 3591 562 3657 ovalis
585 3595 626 3658 sit
640 3617 717 3659 unus
738 3617 851 3661 carrus.
868 3619 910 3642 -4
925 3601 987 3664 Sed
1001 3601 1094 3683 piget,
1111 3602 1142 3664 in
1156 3601 1403 3664 manifestissima
1418 3600 1568 3662 calumnia
1582 3597 1713 3664 diluenda

373 3681 526 3744 immorari
528 3729 614 3746 .....
659 3687 720 3749 Ριο
742 3689 854 3750 Deum!
877 3689 1055 3752 Nondnmne
1079 3691 1155 3754 satis
1177 3691 1314 3772 prohasti
1335 3691 1423 3766 mihi,
1450 3697 1481 3751 te
1503 3708 1571 3751 mea
1595 3687 1713 3772 epistola

374 3769 529 3835 carnisse?
566 3769 671 3837 Audes
694 3775 802 3839 itemm
824 3777 855 3840 in
885 3777 995 3841 itinera
1017 3779 1118 3843 ovalia
1140 3781 1295 3864 insultare,
1319 3799 1387 3843 cum
1410 3777 1500 3854 scias,
1525 3779 1605 3861 apud
1618 3777 1712 3842 Ptole-

278 3862 282 3872 '
375 3877 493 3921 maeum
515 3869 547 3923 et
560 3863 733 3945 Tychonem
755 3885 823 3930 esse
847 3867 981 3949 spiralia.
1027 3869 1136 3932 Annon
1155 3869 1211 3931 tibi
1234 3869 1381 3952 descripsi
1404 3871 1434 3934 in
1456 3868 1567 3931 scheda
1584 3863 1713 3931 modum?

377 3949 487 4012 Annon
510 3951 584 4026 dixi,
607 3952 637 4014 in
660 3953 727 4035 ipso
751 3956 842 4018 etiam
862 3956 1029 4037 Copemico
1052 3977 1121 4022 esse
1144 3959 1260 4034 ovales,
1284 3979 1395 4042 easque
1418 3957 1518 4022 studio
1542 3975 1561 4019 a
1583 3955 1712 4042 'lychnus

376 4037 532 4101 traductas
555 4041 586 4102 in
610 4062 680 4104 suas
702 4043 908 4127 hypotheses?
932 4047 1059 4111 'Annon
1082 4047 1157 4122 dixi,
1180 4049 1298 4111 evalem
1320 4067 1417 4111 meam
1439 4064 1478 4107 ex
1500 4045 1616 4110 dnobus
1638 4044 1712 4126 prin·

376 4125 463 4207 cipiis
486 4129 720 4209 regularissimis
743 4135 900 4215 componi?
937 4136 1032 4199 Jubes
1054 4155 1101 4198 me
1125 4137 1225 4198 omnia
1242 4137 1455 4200 adoiroulares
1469 4135 1619 4198 motiones
1633 4151 1712 4197 revo-

376 4234 464 4293 care3
496 4217 626 4282 nondum
650 4219 742 4301 igitur
764 4223 925 4304 intelligis,
962 4225 1067 4306 quales
1092 4225 1194 4288 orales
1218 4226 1370 4290 fabricem.
1415 4227 1540 4291 Revoca
1561 4233 1594 4288 tu
1618 4231 1669 4286 tua
1688 4225 1713 4280 et

376 4305 564 4371 Ptolemaios
595 4316 627 4370 et
658 4309 866 4392 Oopemicana
898 4314 936 4376 ad
954 4313 1107 4376 'circulos
1159 4315 1365 4380 Praestitisti?
1406 4314 1553 4379 Praestiti
1594 4303 1626 4377 et
1654 4329 1711 4392 ego.

377 4395 479 4458 Nolito
502 4401 622 4478 putare,
654 4418 702 4460 me
733 4402 883 4478 mentibus
915 4401 1112 4464 divinissimis
1144 4401 1276 4467 tribuere
1303 4404 1535 4468 destinationem
1567 4404 1630 4479 ovi,
1661 4403 1711 4462 ino

378 4491 523 4564 appetunt
545 4483 683 4564 circulos,
708 4489 763 4552 sed
785 4507 838 4570 per
861 4491 1002 4554 accidens
1026 4490 1207 4569 exorbitant,
1230 4501 1265 4556 ut
1277 4483 1452 4557 Ptolemaeo
1464 4493 1607 4574 planetae
1628 4507 1711 4572 appe·

379 4578 446 4634 tunt
468 4574 647 4658 epicyolieos
671 4585 702 4639 et
724 4579 907 4642 eceentrieos
929 4587 1044 4656 motus,
1078 4581 1132 4642 sed
1162 4600 1217 4663 per
1246 4581 1386 4644 accidens
1407 4583 1439 4645 in
1463 4581 1562 4663 spiras
1585 4587 1710 4663 aguntur.

380 4659 472 4722 Ratio
496 4672 544 4725 est
564 4664 654 4745 plane
678 4667 792 4728 eadem.
839 4667 898 4740 Qui
928 4685 1012 4730 meas
1044 4669 1147 4732 uvales
1177 4671 1291 4753 carpit,
1323 4680 1430 4752 carpat
1460 4679 1492 4734 et
1520 4663 1710 4734 confusionem

382 4757 555 4829 aspectuum
586 4752 617 4816 in
649 4753 830 4819 calendario
862 4775 915 4818 seu
946 4757 1153 4839 Ephemeride.
1207 4763 1329 4836 Mones,
1367 4760 1411 4823 sio
1441 4760 1584 4843 physicas
1615 4773 1711 4822 causas

383 4853 533 4924 quaeram,
555 4858 593 4901 ne
615 4843 735 4908 iuterim
757 4843 873 4908 coelum
897 4867 916 4908 a
937 4865 984 4908 me
1007 4847 1068 4910 vim
1089 4849 1233 4929 patiatur.
1272 4851 1349 4934 Ego,
1372 4851 1414 4912 mi
1436 4849 1617 4926 Christiano,
1640 4846 1665 4910 si
1684 4839 1712 4905 8¹
