3674 5532
611 276 673 330 Pars
691 277 784 330 Tertia
821 276 903 346 Caput
919 279 1010 334 XXIII.
1420 282 1485 350 273

141 457 195 527 est,
219 449 462 542 dimidiationem
484 454 719 520 eccentricitatis
746 455 776 520 in
798 455 931 520 theoria*
939 457 1023 522 Solis
1046 458 1161 536 valere,
1186 480 1261 543 quae
1284 462 1369 543 prius
1392 462 1484 526 etiam

141 541 232 622 capite
255 543 347 606 XIX.
373 549 406 605 et
425 544 499 608 XX.
532 544 562 607 in
586 546 754 613 eccentrico
777 545 888 610 Martis
916 548 1062 610 valuerat.
1108 551 1186 612 Nam
1216 549 1486 615 observationesa
1549 553 1555 572 ¹

140 649 180 692 ne
214 629 370 694 adhibitae
402 651 460 696 non
492 641 562 696 sunt
593 636 669 697 adeo
702 636 895 716 scrupulosae
928 637 1066 718 (propter
1095 639 1203 718 longas
1232 641 1427 704 deductiones
1456 651 1487 704 et

141 720 362 810 usurpationem
393 721 492 785 diurni
523 725 734 800 controversi),
765 733 799 786 ut
831 725 867 786 de
906 722 948 789 15
981 726 1139 806 particulis
1171 729 1286 791 centies
1317 729 1485 794 millesimis

139 811 208 874 certi
238 809 312 891 quid
335 811 457 874 definire
485 813 621 892 possint:
655 821 690 875 ut
717 821 834 878 taceam
864 815 1111 895 praecessionem
1132 818 1276 898 temporis
1305 819 1486 896 intermedii,

138 899 306 979 neglectam
328 899 359 962 in
381 907 465 981 motu
487 902 654 964 eccentrico
676 904 787 966 Martis
810 911 842 964 et
865 903 957 966 Solis.

220 987 310 1060 Quae
333 987 382 1050 hic
406 989 442 1050 de
465 989 591 1054 circuitu
605 991 736 1055 Telluris
755 994 963 1056 demonstrata
987 1001 1065 1068 sunt,
1090 993 1181 1056 simili
1203 993 1292 1075 plane
1316 995 1432 1058 ratione
1456 1004 1488 1060 et

139 1077 171 1138 de
198 1077 336 1159 epicyclo
357 1077 543 1142 Ptolemaiou
572 1087 604 1142 et
631 1081 669 1142 de
697 1081 869 1164 Tychonico
898 1082 1051 1146 deferente
1083 1083 1257 1164 systematis
1287 1083 1488 1148 demonstrari

137 1175 279 1246 possunt3
312 1169 519 1232 tantummodo
543 1170 628 1232 utin
654 1169 806 1234 schemate
835 1171 958 1250 apsides
981 1172 1011 1234 in
1035 1171 1204 1236 contrarias
1233 1181 1337 1253 partes
1360 1193 1488 1237 conver-

137 1263 244 1318 tantur.
293 1256 445 1338 Supposui
468 1253 568 1320 autem
591 1259 640 1321 hic
663 1267 695 1321 ct
717 1277 884 1341 apogaeum
907 1251 990 1342 Solis
1013 1281 1032 1323 a
1055 1262 1196 1342 Tychoue
1219 1262 1286 1325 loco
1304 1264 1388 1343 justo
1413 1283 1487 1326 cou-

137 1344 273 1408 stitutum
296 1353 327 1408 et
349 1345 479 1409 orbitam
502 1348 585 1412 Solis
608 1349 678 1422 (seu
701 1351 844 1428 Terrae),
868 1359 956 1430 qnam
980 1369 1103 1431 corpore
1127 1359 1278 1432 peragrat,
1303 1352 1433 1415 ordinari
1457 1353 1488 1416 in

136 1433 255 1498 circulo.
301 1436 348 1498 De
381 1455 439 1517 quo
474 1437 532 1500 etsi
564 1438 706 1518 analogia
739 1439 778 1500 ad
813 1436 952 1518 planetas
984 1447 1101 1503 ceteros
1138 1441 1291 1503 diversum
1326 1441 1488 1503 testabitur

137 1523 211 1586 infra
233 1543 301 1606 cap.
324 1523 441 1601 XL'lV,
470 1526 593 1590 exilitas
617 1535 717 1590 umen
736 1528 871 1590 deflexus
893 1527 983 1610 plane
1001 1529 1076 1592 nihil
1099 1537 1221 1593 nostrae
1238 1529 1488 1594 demonstrationi

137 1613 347 1678 incommodet

720 1845 904 1857 *aa

665 2025 785 2125 Caput
811 2023 953 2100 XXIV.

208 2185 401 2250 Bhridenticr
418 2184 577 2268 probato,
600 2182 777 2268 epicyclum
798 2205 854 2248 sec
877 2186 981 2248 orbem
1005 2205 1236 2252 carcamusas
1258 2156 1414 2271 spalaeto

591 2273 796 2356 ucqrmlitctir
818 2276 1032 2339 aranearum.

217 2419 307 2481 Haec
329 2417 423 2498 igitur
445 2415 532 2480 initia
553 2418 675 2480 fuerunt
696 2416 784 2495 hujus
808 2416 1020 2498 inquisitionis,
1046 2417 1152 2480 timida
1174 2417 1228 2480 illa
1248 2425 1280 2480 et
1301 2429 1366 2481 tam
1388 2420 1491 2482 multis

136 2506 326 2571 cantionibus
349 2525 489 2587 operosa,
511 2513 546 2570 ut
567 2506 704 2588 aequalis
726 2505 887 2570 haberetur
901 2524 939 2568 ex
962 2513 1087 2587 utroq'ue
1111 2508 1206 2571 latere
1231 2508 1384 2572 anomalia
1406 2529 1490 2572 oom-

134 2595 322 2660 mutationis'.
546 2597 547 2602 ’

217 2687 294 2750 Jam
325 2691 486 2766 postquam
517 2682 618 2746 semel.
641 2683 730 2764 hujus
757 2683 801 2746 rei
827 2683 993 2763 periculum
1024 2683 1167 2760 sepimus,
1199 2686 1328 2749 audacia
1356 2687 1491 2750 subvecti
1545 2749 1546 2752 ,

134 2793 221 2856 porro
244 2773 406 2837 liberiores
433 2790 511 2852 esse,
532 2773 564 2834 in
592 2773 650 2835 hoc
678 2791 783 2853 campo
812 2772 997 2852 incipiemus.
1044 2773 1123 2837 Nam
1152 2775 1324 2857 conquiram
1352 2777 1412 2839 tria
1441 2777 1491 2838 vel
1532 2788 1536 2794 ’

135 2873 327 2946 quotcunque
343 2863 413 2924 loca
426 2861 495 2924 visa
509 2861 631 2936 Martis,
654 2862 778 2942 planeta
802 2881 919 2942 semper
933 2863 1039 2925 eodem
1062 2863 1223 2926 eccentrici
1244 2865 1310 2927 loco
1327 2873 1490 2928 versante:

135 2961 163 3016 et
184 2973 223 3016 ex
245 2952 291 3016 iis
314 2946 381 3031 lege
404 2950 622 3032 triangulorum
651 2951 798 3032 inquiram
828 2951 955 3013 totidem
978 2960 1155 3031 punctorum
1178 2953 1304 3035 epicycli
1332 2955 1382 3016 vel
1410 2955 1492 3016 orbis

133 3043 222 3106 annui
249 3040 419 3104 distantias
448 3060 467 3102 a
495 3048 607 3122 puncto
638 3038 831 3122 aequalitatis
862 3047 971 3102 motus.
1016 3041 1065 3102 Ac
1093 3061 1160 3104 cum
1183 3059 1221 3102 ex
1243 3042 1341 3104 tribus
1372 3043 1493 3124 punctis

133 3131 264 3196 circulus
290 3129 489 3201 describatur,
512 3149 550 3192 ex
572 3129 661 3192 trinis
685 3128 777 3210 igitur
800 3128 970 3208 hujusmodi
989 3129 1251 3193 observationibus
1275 3131 1366 3193 situm
1388 3131 1494 3194 circuli
1516 3133 1520 3144 '

135 3221 259 3303 ejusque
276 3219 408 3299 augium,
433 3219 512 3301 quod
534 3219 619 3300 prius
635 3237 674 3280 ex
687 3217 919 3300 praesupposito
932 3236 1157 3299 usurpaveram,
1182 3227 1214 3280 et
1236 3219 1491 3284 eccentricitatem

132 3317 286 3392 apuucto
311 3307 505 3390 aequalitatis
522 3309 684 3392 inquiram.
726 3307 844 3380 Quodsi
876 3315 982 3388 quarta
1006 3307 1178 3371 observatio
1201 3309 1341 3386 accedet,
1374 3329 1411 3371 ca
1433 3310 1492 3382 erit
1604 3347 1608 3358 ·

132 3398 202 3478 loco¹
220 3395 426 3480 probationis.

218 3487 383 3552 Primum
401 3492 557 3565 ¹tempus
591 3493 657 3549 esto
691 3503 768 3546 auno
796 3479 890 3550 1590.
921 3483 950 3546 (1.
975 3483 1005 3548 5.
1030 3485 1135 3548 Martii
1163 3485 1283 3566 vesperi
1314 3485 1343 3550 h.
1369 3483 1399 3548 7.
1427 3485 1488 3563 10‘,

133 3597 166 3640 eo
190 3577 275 3660 quod
299 3585 372 3638 tunc
395 3574 479 3637 Mars
503 3574 662 3638 latitudine
685 3593 762 3654 pene
786 3573 900 3648 caruit,
935 3574 1063 3656 nequis
1094 3574 1297 3660 impertinenti
1321 3573 1490 3656 suspicione
1545 3640 1552 3654 ,

133 3667 169 3731 ob
192 3667 288 3748 hujus
313 3663 548 3744 implicationem
569 3663 600 3726 in
623 3661 816 3744 percipienda
838 3664 1094 3728 demonstratione
1117 3663 1305 3743 impediatur.
1346 3665 1489 3745 Respon-

133 3757 204 3820 dent
225 3761 386 3818 mcmenta
404 3753 487 3826 haec,
512 3752 626 3834 quibus·
640 3753 725 3816 Mars
750 3752 789 3815 ad
812 3751 890 3814 idem
915 3754 1036 3816 fixarum
1060 3761 1201 3834 punctum
1216 3754 1311 3817 redit:
1334 3755 1375 3818 A.
1394 3750 1489 3819 1592.

133 3844 238 3911 (1.21.
264 3845 340 3908 Jau.
364 3843 394 3906 h.
410 3837 441 3906 6.
461 3838 517 3905 411
527 3860 537 3918 ;
561 3862 590 3903 a.
620 3839 712 3909 1593.
738 3842 767 3904 d.
791 3840 821 3906 8.
836 3840 911 3905 Dec.
935 3839 1103 3919 h.6.12¹;
1128 3863 1155 3904 a.
1183 3837 1277 3912 1595.
1303 3843 1332 3905 d.
1347 3840 1401 3908 26.
1418 3841 1488 3907 Oct.

132 3936 161 3999 h.
175 3935 206 4002 5.
222 3931 295 4000 441.
334 3932 450 4014 Estque
473 3931 630 4012 longitudo
654 3931 764 3995 Martis
787 3930 882 4012 primo
907 3939 1041 4013 tempore
1065 3929 1103 3994 e'x
1126 3931 1276 4015 Tychonis
1298 3933 1489 3996 restitutione

136 4024 163 4088 1·
188 4021 229 4089 41
254 4019 423 4088 3815011ε
456 4021 651 4101 sequentibus
680 4020 865 4102 temporibus
898 4021 991 4084 toties
1022 4040 1076 4101 per
1111 4019 1229 4085 113611
1260 4021 1384 4084 auctior.
1430 4022 1489 4087 Hic

134 4114 211 4177 euim
236 4121 290 4176 est
313 4110 655 4192 motcs'praccessionis
673 4129 840 4190 congruens
864 4110 991 4191 tempori
1015 4111 1166 4191 periodico
1180 4110 1265 4172 unius
1288 4111 1487 4174 restitutionis

134 4203 251 4266 blattis.
305 4199 439 4282 eumque
462 4200 564 4284 Tycho
597 4218 762 4280 apogaeum
793 4207 886 4279 ponat
913 4199 944 4261 iu
967 4193 1072 4282 23¹l,⁰
1094 4205 1127 4278 ll,
1160 4201 1301 4281 aequatio
1332 4199 1397 4277 ejus
1428 4199 1487 4260 erit

138 4291 194 4358 111
220 4289 276 4356 141
301 4287 388 4355 5511τ
411 4298 573 4371 propterea
594 4289 747 4368 longitudo
771 4295 939 4371 coaequata
966 4307 1044 4351 auno
1070 4287 1163 4356 1590.
1191 4286 1221 4352 l·
1252 4285 1484 4353 1515311511.

218 4381 342 4444 Eodem
365 4397 436 4441 vcro
459 4387 592 4458 tempore
616 4388 648 4441 et
672 4379 866 4441 commutatio
890 4398 942 4441 seu
965 4379 1134 4442 differentia
1162 4378 1252 4442 medii
1280 4385 1378 4439 motus
1402 4377 1484 4439 Solis

135 4471 276 4535 emedio
300 4468 412 4532 Martis
435 4467 585 4548 colligitur
610 4465 661 4532 10·
692 4463 923 4533 1811915611ε
949 4476 1115 4550 coaequata
1138 4487 1190 4530 seu
1214 4467 1383 4529 differentia
1404 4465 1485 4529 inter

135 4561 266 4624 medinm
283 4556 368 4620 Solis
391 4565 422 4620 et
443 4557 554 4620 Martis
576 4566 773 4639 coaequatum
796 4556 994 4620 eccentricum
1019 4555 1071 4621 10·
1098 4554 1136 4619 7⁰
1158 4553 1190 4619 51
1218 4555 1265 4618 111.

223 4648 363 4714 Primum
384 4647 460 4710 hacc
482 4646 513 4709 iu
543 4647 640 4710 forma
662 4644 920 4727 Copernicana
942 4651 976 4708 ut
999 4643 1171 4726 simpliciori
1193 4643 1232 4706 ad
1260 4661 1380 4708 sensum
1411 4662 1483 4725 pro·

155 4757 294 4803 cccmus.
1485 4787 1489 4796 ,

135 4757 154 4820 p
223 4827 277 4893 Sit
300 4847 324 4888 c
349 4831 417 4900 (rig.
436 4828 483 4896 71)
504 4830 646 4905 punctum
669 4821 863 4905 aequalitatis
885 4821 1027 4888 circuitus
1049 4821 1176 4900 Terrae,
1200 4821 1250 4905 qui
1272 4826 1393 4903 putetur
1416 4841 1483 4888 esso

187 4933 279 4987 [αριστι
293 4933 371 4982 opera.
393 4933 429 4975 m.
666 4901 673 4920 ⁸
878 4969 882 4982 ,
1239 4925 1273 4980 18
