3582 5558
423 301 426 308 '
502 308 534 360 de
551 307 739 364 &armatoriis
757 307 789 360 dc
806 309 980 364 mctu‘stcllae
997 310 1094 378 llartia

190 483 339 546 Qtritttr
357 487 457 552 itaque,
475 499 508 538 an
525 487 551 538 iu
569 486 616 538 tali
633 486 837 553 mitond,
854 499 912 539 curn
929 487 997 538 ride-

114 557 167 608 licct
183 557 276 624 anguli
294 559 346 610 sibi
359 567 449 610 mutuo
467 565 604 617 occurrunt.
623 560 715 611 usitato
727 575 795 611 more
815 559 920 625 angulus
932 558 999 609 BOA

117 629 143 679 ab
160 629 293 680 anomada
313 627 358 692 (ut
377 627 452 690 solet)
471 630 503 679 sit
519 630 668 692 auferendus
685 646 729 695 pro
747 631 867 682 distantia
885 629 911 691 d
931 644 947 680 a
965 627 997 692 Θ

117 700 237 758 tabem
256 701 301 752 rel
319 716 374 767 qua
392 703 489 752 rabone
506 702 532 752 id
549 703 685 753 rectissime
702 700 769 753 dat?

198 772 256 838 Ege
268 779 333 837 puto
347 773 481 824 dictamina
490 787 564 824 seras
577 773 602 834 0¹
616 775 641 823 in
660 773 829 840 quadrangulo
840 773 888 822 lroc
900 771 996 830 BXAS,

120 843 177 910 qaod
193 844 323 896 damas
349 846 430 897 centn
453 845 619 896 autenticit
637 843 695 896 Sole
711 846 738 896 in
754 845 918 910 monogora
936 859 996 894 ccu-
1125 895 1129 904 ,

120 917 241 975 attritur,
269 917 369 968 usitato
396 916 468 966 modo
486 931 535 966 non
554 930 608 966 esse
629 916 804 982 inquirendas,
833 931 889 967 cum
912 915 997 982 anguli

121 985 180 1038 BlG
199 993 228 1038 et
246 986 318 1038 ABG
336 988 383 1040 sibi
402 993 486 1038 mutuo
504 993 642 1038 oconmant
861 1003 869 1014 ·

203 1059 290 1109 luam
315 1061 402 1124 itaque
421 1073 549 1110 masuram
568 1057 598 1109 de
622 1065 667 1110 tua
690 1057 820 1123 hypothesi
847 1071 995 1123 cognoscere
1058 877 1087 1154 K
1168 1107 1172 1119 ,

120 1131 188 1196 euplo
205 1130 303 1182 iubeo
322 1140 392 1182 cuca
427 1131 550 1195 wodan
576 1131 696 1181 aliasrce
721 1137 775 1196 est,
802 1130 843 1179 ubi
871 1130 997 1180 numella
1087 1155 1092 1168 ι

121 1203 196 1254 nicer
214 1198 267 1252 90ο
283 1202 323 1256 rel
340 1205 420 1266 major
438 1197 487 1253 ⁹5⁰
506 1199 556 1252 15⁴.
592 1203 717 1254 adhibeas
735 1201 930 1252 obsecrationem
947 1201 995 1250 loci
1051 1246 1057 1254 ,
1091 1171 1153 1289 Χ

121 1273 226 1336 duni
244 1271 289 1324 95.
308 1267 334 1322 7.
353 1272 417 1324 Dec.
435 1271 506 1324 lul.
527 1275 553 1324 iu
573 1269 621 1323 10⁰
640 1269 683 1325 35¹
702 1268 724 1330 ὅ
744 1277 770 1324 et
787 1273 894 1334 ridebis,
921 1286 994 1339 qnam

120 1361 168 1396 neu
185 1345 341 1409 respondeat
359 1338 479 1396 distantia
495 1343 587 1396 umtato
605 1345 677 1395 rnodo
696 1351 808 1409 accepta.
827 1366 863 1377 —

210 1417 252 1467 Διι
270 1431 341 1468 ruem
353 1415 438 1467 literas
456 1431 540 1468 omues
551 1417 599 1468 hoc
615 1431 681 1467 anne
700 1417 824 1480 acceperis
841 1417 904 1466 scire
922 1415 1004 1480 cupio,
1021 1423 1079 1482 puto
1097 1431 1185 1484 nempe
1202 1433 1242 1470 ms
1262 1419 1296 1470 sd
1310 1419 1437 1474 minimum
1456 1422 1473 1473 4

148 1575 151 1584 ’
211 1560 252 1610 st
270 1559 335 1610 batt
352 1558 511 1624 Keplerae
538 1558 650 1610 rescribit
666 1560 692 1609 in
709 1558 787 1608 literis
804 1571 849 1622 per
874 1563 996 1610 asceam
1022 1561 1081 1610 anni
1108 1559 1185 1612 1005.
1209 1565 1369 1630 ecmnpm,
1396 1566 1473 1618 fimitis

124 1632 147 1682 d.
168 1629 213 1680 ll.
234 1630 291 1682 Oct
311 1629 345 1681 cd
363 1627 397 1678 40
415 1631 519 1696 paginas
538 1631 563 1680 in
581 1629 638 1680 lolio
650 1631 871 1687 'camoenarum
899 1631 982 1682 omnia
1008 1645 1071 1698 quae
1088 1631 1215 1686 Fabricius
1238 1635 1314 1686 dubia
1339 1637 1475 1702 protulerat

124 1703 278 1768 ponderans,
296 1701 329 1752 ad
348 1701 500 1752 omnimodas
518 1702 674 1767 quaestiones
692 1701 842 1766 respondens
862 1698 895 1764 (ι.
915 1700 971 1752 Vol.
989 1701 1011 1762 I,
1031 1719 1054 1768 p.
1069 1700 1120 1753 340
1132 1721 1165 1755 ss.
1186 1713 1211 1755 et
1228 1705 1284 1756 Vol.
1303 1705 1334 1769 11,
1353 1723 1377 1774 p.
1392 1705 1426 1757 97
1439 1723 1473 1758 ss.

123 1773 183 1826 00).
203 1779 232 1826 ct
249 1779 407 1846 acqtacnot
426 1770 481 1835 21).
1085 1801 1102 1820 ,ι
1443 1791 1448 1804 ⁴

158 1867 162 1872 ·
212 1845 288 1908 llaec
306 1845 341 1895 de
356 1857 431 1909 opere
448 1859 492 1894 eno
510 1848 599 1895 uotam
616 1844 729 1912 digniora
745 1843 858 1909 proponit
875 1843 1015 1908 Keplerus:

214 1916 302 1990 Quae
326 1917 472 1980 hactenus
494 1916 524 1978 in
548 1935 615 1978 meo
627 1917 728 1980 Marte
745 1916 921 1995 profecerim
937 1917 1077 1997 accipies.
1116 1916 1191 1982 Cum
1207 1919 1338 1984 viderem
1353 1919 1473 1986 distan-

122 2009 182 2070 tias
207 2025 248 2069 ex
270 2005 407 2085 perlecto
430 2005 539 2069 circulo
563 2006 731 2068 eccentrico
749 2012 919 2068 exstructas
933 2023 1009 2086 pene
1028 2014 1144 2070 tantum
1163 2027 1288 2090 peccare
1302 2009 1332 2072 in
1348 2028 1475 2074 excessu
1594 2023 1599 2036 ’

121 2099 202 2172 (tane
226 2095 327 2177 quoad
350 2115 382 2156 se
405 2093 489 2175 ipses
512 2102 544 2158 et
566 2115 668 2158 earum
691 2095 828 2158 effectum
858 2095 888 2156 iu
914 2096 1234 2177 prosthaphaeresibus
1263 2097 1343 2160 orbis
1374 2099 1474 2173 annui,

120 2205 213 2270 quam
237 2184 338 2266 quoad
360 2183 554 2264 aequationes
578 2185 735 2260 eooentri),
760 2192 903 2265 quantum
926 2185 1041 2266 ellipsis
1063 2205 1132 2250 mea
1155 2188 1246 2267 (quae
1260 2203 1419 2268 perparum
1435 2189 1474 2251 ab

120 2275 203 2339 orali
227 2274 355 2348 differt),
379 2292 468 2355 quam
482 2273 536 2336 tibi
549 2272 580 2336 in
594 2273 724 2336 numeris
746 2273 918 2358 perscripsi,
941 2274 1088 2354 peccabat
1110 2275 1140 2338 in
1155 2277 1283 2352 defectu,
1307 2277 1474 2342 rectissime

120 2367 250 2429 fuissem
273 2370 502 2442 argumentatus
525 2362 564 2437 in
578 2363 655 2424 hunc
678 2362 812 2426 modum:
841 2363 970 2426 circulus
1001 2373 1033 2426 et
1062 2363 1177 2445 ellipsis
1206 2374 1278 2426 sunt
1310 2385 1348 2428 ex
1370 2366 1476 2470 eod'eqn

119 2455 287 2534 marum
311 2469 421 2532 genere
445 2460 482 2535 et,
498 2459 628 2532 peccant
649 2450 824 2534 aequaliter·
838 2452 868 2514 in
892 2452 1022 2526 diversa,
1051 2471 1122 2534 ergo
1145 2454 1258 2516 veritas
1281 2455 1423 2517 consistit
1444 2475 1474 2517 ιιι

120 2543 231 2619 medio,
258 2551 291 2604 et
313 2543 424 2620 figuras
447 2541 596 2620 ellipticas
628 2541 743 2604 mediat
771 2541 889 2603 nonnisi
917 2542 1041 2622 ellipsis.
1087 2545 1193 2623 Itaque
1221 2544 1340 2606 omnino
1364 2544 1474 2606 Martis

119 2634 171 2696 ria
195 2639 248 2694 est
270 2630 397 2711 ellipsis,
420 2638 540 2693 resecta
562 2630 665 2692 lunula
686 2629 825 2692 dimidiae
850 2630 1017 2694 latitudinis
1039 2633 1186 2712 pristinae
1209 2631 1359 2712 ellipseos.
1399 2633 1477 2694 Erat

120 2731 225 2785 mum
249 2721 316 2783 lata
339 2719 442 2782 lunaria
463 2715 529 2804 858
553 2719 589 2780 de
622 2715 761 2793 100000,
790 2737 861 2799 ergo
889 2720 992 2782 debuit
1021 2739 1088 2783 esse
1118 2723 1181 2783 lata
1209 2718 1286 2798 429,
1319 2741 1396 2802 qnae
1428 2729 1477 2784 eet

116 2810 207 2891 justa
239 2809 371 2873 certatio
404 2808 617 2873 distantiarum
648 2808 678 2870 in
714 2808 950 2887 longitudinibus
971 2809 1089 2873 'mediis
1127 2831 1164 2872 ex
1185 2807 1332 2891 'perlecto
1365 2811 1475 2874 circulo

121 2907 357 2964 exsmnetarum.
391 2897 460 2973 Hic,
482 2897 612 2978 inquam.
636 2898 750 2960 veritas
772 2897 840 2978 ipsa
862 2905 919 2960 est.
956 2899 1101 2976 Atride,
1124 2900 1271 2980 quomodo
1286 2919 1341 2980 ego
1360 2900 1477 2962 interca

120 3009 239 3053 rursum
263 2987 467 3051 hallucinatus
489 2994 521 3050 et
542 2989 572 3049 iu
596 3005 704 3050 novum
726 2985 858 3050 laborem
881 2989 1034 3068 conjectus
1057 2989 1176 3064 fcerim3
1199 2990 1258 3052 imo
1282 2990 1361 3066 vide,
1386 3007 1475 3070 qnam

120 3079 231 3142 misem
246 3077 395 3158 trepidem
409 3076 634 3157 superinventa
647 3077 787 3150 verimte,
806 3077 968 3144 secuudum
982 3077 1073 3141 illud:
1099 3079 1169 3158 „qui
1182 3097 1333 3164 nunquam
1346 3077 1474 3147 dubitat,

119 3187 277 3251 nunquam
300 3172 400 3230 certus
423 3175 472 3228 est
490 3166 527 3228 de
542 3185 574 3228 re
597 3166 729 3247 alique.“
766 3165 893 3246 Ellipeis
915 3167 969 3230 illa
991 3167 1121 3247 pristina
1135 3186 1201 3230 cum
1220 3167 1386 3230 certatione
1410 3163 1475 3230 858

119 3258 229 3322 habuit
252 3275 377 3320 causam
400 3255 568 3319 naturalem
591 3253 678 3330 hanc,
702 3261 737 3317 ut
759 3255 891 3318 dicatm:
920 3264 1056 3318 centrum
1079 3255 1205 3338 epicycli
1226 3257 1313 3318 tarde
1336 3255 1475 3318 incedere
1599 3281 1601 3286 ·

120 3347 243 3429 qnando
265 3345 392 3426 planeta
414 3353 552 3408 versatur
569 3343 599 3406 in
619 3361 753 3426 apogaeo
778 3344 913 3428 epicycli‚
936 3345 1081 3408 velociter
1099 3346 1195 3420 iufra;
1218 3345 1382 3428 epioyclum
1404 3362 1475 3406 vero

119 3437 221 3516 ipsrmr
246 3433 425 3516 aequalibus
447 3433 630 3515 temporibus
653 3433 790 3496 incedere
815 3433 990 3514 aequaliter.
1027 3435 1093 3496 Hoc
1108 3443 1175 3498 erat
1188 3434 1377 3497 mediocriter
1400 3451 1474 3496 con-

118 3535 303 3588 sentancum
325 3531 463 3588 naturae.
508 3523 578 3586 Jcnr
591 3541 672 3598 vero,
697 3523 723 3585 ei
746 3522 861 3603 ellipsis
876 3531 959 3585 esset
973 3541 1041 3587 cum
1055 3525 1222 3588 certatione
1237 3520 1312 3600 429,
1336 3523 1477 3587 carebam

118 3635 217 3678 cauea
238 3612 380 3676 naturali.
417 3613 497 3676 Nam
520 3612 681 3676 absurdum
705 3620 780 3688 erat,
804 3619 939 3675 centrum
963 3613 1088 3696 epicycli
1111 3613 1249 3677 incedere
1264 3613 1472 3695 inaequaliter,

118 3701 396 3768 cnmfflerentiam
419 3701 543 3786 epicyoli
566 3720 621 3764 nec
644 3701 810 3782 aequaliter
832 3720 886 3764 nec
910 3702 1127 3784 inaequalitate
1153 3703 1248 3787 ipsius
1278 3702 1389 3777 centri,
1417 3703 1474 3764 sed
1506 3762 1509 3768 .

9 3849 10 3856 ,
118 3792 343 3875 mquattate
375 3790 534 3872 peculiari,
573 3809 649 3872 qnae
681 3797 765 3852 esset
797 3788 921 3854 dimidia
957 3793 1066 3858 saltem
1101 3791 1329 3875 inaequalitatis
1365 3791 1474 3855 centri.

9 3889 10 3892 ’
118 3884 245 3965 Loquor
268 3881 347 3944 enim
365 3881 434 3962 jam
457 3888 554 3944 tetum
576 3899 636 3942 nou
659 3899 697 3942 ex
717 3879 793 3944 moia
810 3877 973 3956 Commen-

119 3971 226 4048 tariis,
251 3971 282 4034 b.
298 3991 324 4034 e.
340 3969 508 4034 rationibus
526 3969 724 4046 naturalibus,
746 3970 801 4032 sed
815 3987 853 4032 ex
865 3969 973 4058 l‘tole-

120 4079 208 4126 maeo
232 4069 267 4123 et
290 4061 415 4140 antiqua
438 4058 630 4134 astronomia,
655 4066 689 4122 nt
711 4077 758 4120 me
782 4056 896 4138 capias.
1073 4100 1077 4125 ι

210 4149 263 4214 Sit
276 4151 308 4214 A
320 4148 385 4225 Sol,
409 4147 468 4211 ΑΕ
482 4149 565 4212 linea
581 4147 729 4230 apsidum,
751 4148 811 4211 AD
833 4145 972 4224 400000,
1052 4164 1086 4191 ³*

122 4239 178 4304 ΔΟ
192 4235 286 4305 9264
299 4247 332 4302 et
347 4237 372 4302 0
387 4245 528 4319 punctum
544 4237 739 4319 aequalitatis
758 4244 858 4299 motus
877 4237 972 4317 ipsius
1059 4302 1062 4311 ,
1109 4254 1111 4275 ¹

122 4327 271 4394 Dcentri
295 4327 431 4410 epicyoli.
476 4329 584 4408 ltaque
607 4327 633 4390 si
657 4324 744 4390 GDR
764 4326 844 4389 linea
867 4326 972 4388 deter-
1058 4319 1062 4329 ’

122 4421 250 4484 numret
278 4419 374 4482 etiam
403 4435 570 4500 apogaeum
600 4435 702 4496 rerum
729 4414 873 4498 epicyeli,
901 4423 971 4478 tunc

123 4528 158 4572 cx
169 4511 279 4575 itincre
301 4508 449 4590 planetae
461 4507 547 4570 lieret
561 4507 713 4588 perlectus
728 4505 865 4570 circulus.
890 4505 971 4568 Nam

125 4598 209 4664 ducta
229 4599 288 4663 DF
308 4595 463 4680 parallelo
485 4595 542 4677 ipsi
559 4594 627 4670 AC,
647 4594 735 4657 RDO
759 4600 870 4676 aequat
883 4592 969 4657 Atto

124 4697 153 4751 et
181 4689 265 4755 001*Ἰ
288 4694 406 4770 aequat
436 4683 537 4759 Dec,
569 4691 602 4747 et
631 4684 716 4748 RDF
748 4691 859 4765 aequat
885 4680 970 4746 DCE

124 4781 295 4846 momeliam
318 4775 474 4848 mediam,
500 4774 571 4855 quia
592 4782 663 4838 snut
686 4773 821 4855 aequalis
843 4771 968 4836 restitu-

123 4870 205 4936 tiorn's
224 4868 385 4958 epicyclus
411 4870 447 4927 et
469 4863 691 4938 concentuum,
714 4863 764 4926 hio
786 4881 856 4926 vero
879 4861 969 4943 plano
