3552 5562
494 253 524 308 ds
542 253 729 308 commentariis
747 255 778 308 de
796 261 866 308 motu
884 253 973 310 stellae
991 255 1091 310 Martis.
1419 243 1463 322 33

107 435 176 509 febo,
207 439 248 496 nt
270 451 391 514 pacem
416 434 683 516 esseintelligas:
715 436 880 500 cavendum
902 443 1020 512 umen,
1051 456 1089 499 ne
1111 435 1270 506 venmtem
1293 433 1463 497 adulatorio

108 526 185 590 animo
208 524 353 605 prodere
377 525 498 588 videar.
543 523 592 586 Ex
615 523 667 600 iis,
697 543 772 608 quae
797 523 1002 606 Tengneglius
1024 527 1063 588 ad
1087 533 1118 588 te
1142 524 1279 606 scripsit,
1301 524 1464 586 etiamnum

106 615 205 678 niumm
231 613 297 676 u‘ti
321 613 427 677 rideri
446 614 500 682 ,eis
521 631 619 676 meam
642 613 822 678 iudustriam
844 616 926 678 circa
949 615 1159 678 refutationem
1187 613 1317 677 recentis
1339 613 1462 696 'lycho-

107 705 192 766 nianae
216 703 443 786 hypotheseos
466 705 498 766 in
520 705 615 767 Luna.
663 703 750 776 Quid·
767 706 973 787 Tengnaglins
998 705 1153 786 scripserit
1174 723 1234 766 non
1264 709 1385 766 constet
1406 719 1463 764 nec

108 795 169 856 lubet
198 801 377 856 excutere:
411 791 556 876 quidquid
587 799 620 856 ιιι
649 793 810 874 scripseris
838 791 1040 860 condonatum
1072 802 1149 856 estc.
1195 795 1241 856 'lh
1270 811 1342 855 vero
1370 791 1461 866 scias,

105 903 139 946 ne
158 883 282 946 nnllam
319 883 417 946 tslem
450 881 624 946 instituisse·
651 883 872 946 refutationem.
918 883 1011 950 Aliud
1042 883 1347 956 est-transformare,
1380 879 1461 944 aliud

61 1105 67 1114 ·
175 1063 229 1126 Ab
255 1060 428 1126 accusandi
451 1067 484 1122 et
510 1059 661 1124 refutandi
692 1061 868 1124 curiositate
900 1079 948 1124 me
980 1080 1117 1126 revocas·
1162 1061 1260 1126 Pareo
1292 1078 1348 1122 nec
1374 1065 1459 1142 puto,

92 1172 134 1215 ne
153 1153 283 1232 justam
309 1169 435 1213 censam
458 1149 589 1226 dedisse,
613 1152 668 1213 sed
691 1149 753 1214 illis
776 1151 894 1233 magnis
917 1151 1032 1229 causis,
1056 1172 1131 1234 ques
1155 1150 1287 1231 alleges,
1310 1168 1370 1212 non
1394 1155 1460 1212 erat

88 1263 173 1323 opus.
223 1240 342 1304 Amice
365 1239 421 1302 abs
444 1247 475 1301 te
499 1238 613 1321 accipio
638 1259 754 1306 omnem
778 1240 1022 1306 admonitionem.
1067 1241 1111 1307 Ut
1139 1259 1207 1302 mea
1238 1239 1369 1320 incepta¹
1385 1257 1457 1318 per-

85 1333 203 1407 ficiam,
228 1330 291 1393 tibi
316 1337 372 1392 tua
393 1328 574 1410 relinquam,
600 1329 686 1410 justa
710 1339 758 1394 est
789 1331 964 1412 postulatio.
1010 1333 1156 1396 Attamen
1177 1329 1233 1394 ,ιιι
1261 1328 1299 1390 ab
1331 1324 1459 1390 invicem

82 1421 158 1484 neri
182 1428 262 1484 sunt
285 1437 394 1482 omues
416 1419 576 1499 planetae,
608 1419 652 1482 ita
683 1421 808 1483 multum
831 1421 914 1483 velet
937 1419 1112 1492 similitudo¹
1126 1416 1396 1500 argumentationis
1420 1417 1458 1480 eb

81 1529 144 1572 uno
169 1510 307 1592 planeta
328 1508 361 1570 in
384 1507 509 1582 ceteris,
534 1515 571 1570 ut
599 1509 719 1572 veniam
742 1511 861 1573 omniuo
884 1517 1035 1576 mereatur
1056 1512 1133 1574 haec
1156 1507 1328 1572 curiositas.
1376 1505 1473 1578 Quin·

82 1601 145 1661 imc
171 1599 300 1680 gratias
322 1595 433 1660 mereri
454 1597 559 1659 videor
582 1605 613 1659 et
645 1619 683 1662 ex
710 1609 798 1680 parte
822 1621 841 1663 e
862 1610 894 1664 te
918 1619 984 1666 sum
1006 1599 1149 1675 meritus,
1182 1600 1215 1660 nt
1246 1603 1317 1658 tuae
1350 1596 1457 1658 literae

80 1698 265 1764 testantur,
300 1687 381 1769 quod
407 1693 438 1748 te
471 1687 631 1752 admonere
655 1689 737 1752 volni
761 1698 793 1752 et
813 1689 978 1755 Benaticae
1002 1698 1034 1752 et
1056 1708 1094 1752 ex
1116 1689 1221 1771 Styria
1252 1706 1306 1768 per
1337 1685 1456 1750 literas.

80 1779 157 1842 h'on
175 1779 250 1858 jam
274 1785 326 1840 est
348 1774 499 1858 quaestio,
521 1778 731 1843 necessariane
755 1780 847 1851 fuerit
868 1780 1033 1844 admonitio
1049 1800 1089 1842 an
1117 1794 1356 1859 supervacanea3
1390 1775 1456 1838 suf-

81 1867 164 1942 ficit,
187 1866 330 1929 animum
354 1864 449 1928 fuisse
473 1865 662 1930 laudabilem.
709 1868 856 1932 Vicissim
879 1889 956 1952 qnae
979 1879 1012 1932 tu
1034 1887 1082 1931 me
1112 1865 1312 1940 admonuisti,
1340 1865 1391 1927 nbi
1423 1873 1456 1926 tu

82 1977 131 2018 me
157 1957 361 2020 aberrantem
384 1955 416 2016 in
438 1953 520 2016 viam
542 1957 699 2034 reduxisti,
723 1967 810 2038 grato
834 1959 934 2023 animo
957 1958 1084 2042 agnori3
1108 1964 1197 2040 potes
1219 1955 1253 2018 id
1271 1973 1362 2036 porro
1378 1973 1455 2034 qno-

85 2067 155 2127 que,
178 2043 289 2128 potnit
311 2051 345 2108 et
364 2043 522 2107 Fabricius
548 2042 586 2107 ex'
610 2047 765 2111 Ostfrisia.
810 2051 876 2112 Nee
899 2049 1052 2112 diversum
1074 2049 1112 2109 de
1137 2065 1183 2108 me
1207 2041 1343 2118 sentias,
1377 2044 1456 2125 quod

86 2137 142 2198 ribi
168 2133 345 2218 succensui,
364 2134 468 2199 orales
491 2153 579 2197 curas
602 2134 752 2218 carpenti:
786 2159 846 2201 non
874 2139 952 2202 enim
978 2137 1035 2201 tibi
1062 2137 1099 2198 de
1123 2131 1360 2198 contradictione
1385 2152 1455 2195 snc-

85 2225 203 2300 oensni,
232 2223 291 2285 sed
314 2223 353 2286 de
375 2221 496 2304 injuria,
520 2225 600 2304 qnod
621 2225 683 2288 ista
706 2227 745 2288 ed
764 2221 855 2291 alium
872 2229 1030 2312 scripseris
1047 2228 1148 2290 adme
1164 2243 1224 2288 non
1240 2221 1456 2286 instituendum

85 2315 140 2381 sed
174 2313 414 2376 deformandum
448 2317 692 2388 (Lougomontsunu
712 2327 866 2378 moralibus
884 2335 910 2379 te
928 2343 977 2380 uon
996 2325 1100 2390 amplius
1118 2323 1217 2384 ludere,
1235 2326 1264 2372 ut
1281 2334 1312 2371 ex
1329 2319 1358 2370 iis
1375 2318 1454 2384 hypo-

84 2405 170 2454 theses
188 2409 310 2453 momnm
329 2399 474 2452 coelestium
491 2403 536 2454 tibi
558 2403 603 2454 soli
619 2405 750 2464 conficias,
774 2408 855 2459 audio.
891 2409 945 2474 Ego
970 2409 1037 2458 certe
1063 2419 1112 2456 nou
1136 2410 1190 2454 tam
1208 2401 1290 2454 orales
1308 2413 1382 2465 qoam
1400 2401 1455 2464 ipss

85 2499 132 2534 ’ἢ
148 2485 255 2549 pluunt
274 2478 366 2544 mets.)
411 2474 574 2539 commune
598 2495 673 2558 opus
697 2497 850 2556 curamus,
872 2499 944 2555 nec,
968 2486 1003 2540 ιιι
1025 2477 1103 2539 alius
1126 2482 1175 2540 est
1196 2472 1335 2554 bipennis
1359 2472 1453 2547 faber,

85 2566 163 2628 alins
186 2563 345 2647 plaustri,
379 2563 423 2625 sic
455 2582 512 2626 nos
541 2566 616 2628 totis
645 2567 745 2649 operis
772 2569 863 2633 divisi
894 2588 1005 2632 sumus.
1052 2565 1186 2632 Subinde
1215 2561 1392 2638 usuvenit,
1420 2567 1455 2624 ut

86 2656 145 2717 duo
166 2663 282 2736 patres
306 2651 441 2716 familias
465 2672 648 2719 communem
670 2658 817 2738 parietem
832 2665 946 2734 curent,
970 2656 1077 2720 divisis
1092 2655 1187 2720 nihilo
1201 2653 1299 2716 minus
1315 2651 1455 2714 domuum

82 2745 204 2824 juribus
229 2741 356 2805 ceteris.
395 2743 545 2806 Venisses
569 2765 641 2808 sane
656 2747 796 2829 Pragsm,
820 2749 865 2814 ita
887 2756 918 2811 te
942 2749 979 2810 de
1002 2761 1069 2810 meo
1084 2745 1231 2810 instituto
1255 2741 1454 2817 edocuissem,

86 2841 119 2894 ut
140 2841 271 2914 praeter
295 2830 424 2894 lubitum
445 2839 573 2914 pacatus
596 2835 803 2902 discessisses.
843 2841 889 2904 At
912 2839 938 2900 si
959 2837 1089 2900 infestus
1109 2841 1140 2896 et
1157 2833 1318 2896 iracundus
1333 2849 1381 2892 me
1404 2831 1453 2893 in·

87 2923 238 2998 rasisses,
262 2921 324 2983 hoc
348 2941 420 2984 sane
444 2942 463 2983 a
485 2941 532 2985 me
556 2924 751 3001 obtinuisses,
772 2935 808 2991 nt
830 2947 932 2992 coram
954 2925 1079 2988 arbitris
1102 2923 1336 3005 disputationem
1354 2925 1454 2984 tecum

87 3032 147 3074 non
168 3017 373 3075 recusaturus
396 3011 530 3074 fuissem.
569 3012 659 3088 Quod
682 3017 721 3078 ed
744 3026 775 3080 te
799 3017 850 3081 diu
865 3037 924 3082 non
944 3015 1062 3096 scripsi,
1085 3013 1200 3076 tribuas
1216 3007 1454 3074 incommoditati

85 3101 224 3164 locorum
248 3109 284 3163 et
306 3099 465 3176 simultati,
489 3121 564 3185 quae
587 3112 658 3168 tunc
682 3116 749 3170 erat
771 3127 819 3170 me
843 3109 920 3178 inter
937 3114 968 3170 et
983 3101 1212 3185 Tengnaglium,
1235 3100 1313 3164 unde
1331 3099 1452 3178 factum,

95 3199 216 3254 etcum
239 3189 284 3252 ed
305 3197 338 3252 te
362 3191 509 3254 scriberet
539 3192 581 3266 (si
604 3195 694 3258 modo
718 3198 871 3278 scripsit),
894 3197 969 3260 mihi
1002 3193 1177 3258 occasiones
1203 3209 1264 3254 non
1295 3188 1451 3256 indiceret.

93 3280 178 3352 Quod
204 3299 282 3344 vero
303 3279 402 3344 Janus
424 3281 664 3363 Hamburgensis
685 3305 741 3366 pro
772 3287 871 3350 literis
904 3284 1127 3349 excusationem
1159 3279 1262 3342 attulit
1283 3285 1452 3353 (tormon-

91 3379 173 3422 unus:
195 3370 228 3420 ds
247 3375 278 3420 ts
296 3374 380 3419 mrem
399 3367 430 3419 ab
447 3371 706 3433 renunciaturum
724 3382 751 3427 as
768 3377 943 3428 imarum-sd
960 3391 1001 3427 me
1012 3371 1226 3427 harmiscaram.
1244 3367 1294 3418 ime
1305 3381 1349 3433 per
1360 3365 1453 3419 sanun

90 3441 178 3492 flemh.
200 3441 391 3492 narrationem
410 3442 530 3506 suspicari
547 3445 627 3512 magis
644 3448 773 3513 magisque
792 3449 875 3512 coepi.
894 3448 974 3500 dones
992 3445 1086 3498 scheda
1102 3441 1247 3506 ilembnrgo
1264 3454 1343 3504 uuper
1361 3437 1394 3489 ad
1411 3451 1452 3490 me

89 3515 162 3564 siaa
193 3527 255 3564 sam
283 3523 380 3562 moram
403 3525 454 3563 non
477 3517 624 3582 purgatim
650 3517 715 3576 ulls,
742 3520 787 3570 ssd
814 3521 906 3572 incivili
934 3530 966 3568 ac
990 3518 1055 3570 falsa
1073 3515 1244 3568 seminarem
1263 3507 1450 3576 compensasti),

88 3585 271 3664 prudentiae
286 3583 365 3664 ejus,
388 3591 449 3660 eut,
473 3585 499 3648 si
513 3587 647 3652 amacius
661 3590 829 3668 dicendum,
853 3588 1022 3654 curiositati
1035 3589 1169 3662 tribuas3
1193 3583 1330 3666 quicum
1349 3582 1452 3663 suspi-

88 3683 224 3750 ceretur,
256 3691 307 3734 me
330 3673 490 3754 scripsisse
513 3677 605 3753 talia,
638 3697 715 3763 qnae
737 3681 800 3750 sint
821 3682 943 3745 laesura
965 3677 1200 3760 Tengnaglium,
1229 3673 1336 3736 literas
1365 3691 1451 3736 meas

87 3765 196 3828 maluit
217 3761 426 3846 supprimerer
456 3765 548 3830 Certo
572 3766 741 3846 scias„me'
757 3771 804 3834 illi
827 3769 1054 3834 commendasse
1077 3768 1184 3830 literas
1208 3783 1262 3828 seu
1284 3761 1450 3826 mittendas

89 3873 137 3916 scu
160 3851 376 3938 perferendas.
415 3851 565 3918 Schedam
579 3875 678 3921 meam
692 3861 830 3941 appelles
852 3860 1005 3924 incivilem
1029 3865 1061 3920 et
1074 3857 1185 3920 falsam
1200 3851 1449 3916 criminationem.

88 3945 184 4026 Nego.
235 3942 301 4006 Sed
324 3942 350 4004 si
374 3941 549 4007 iracundam
571 3946 700 4026 dixeris,
733 3950 851 4013 fatebor
882 3958 914 4012 et
935 3956 970 4011 ut
990 3949 1050 4010 hoc
1080 3941 1154 4009 mihi
1185 3941 1335 4006 condones
1364 3958 1450 4020 rogo,

90 4051 139 4114 pro
165 4053 204 4096 eo
229 4031 311 4115 qnod
335 4039 367 4094 et
389 4033 430 4095 ed
452 4033 531 4096 idem
555 4053 628 4116 erge
650 4045 681 4100 te
706 4040 838 4102 studium
859 4045 984 4121 paratus
1003 4057 1077 4100 sum.
1115 4031 1272 4098 incivilem
1289 4036 1320 4092 et
1340 4028 1450 4092 falsam

90 4131 170 4187 taam
195 4121 442 4186 criminationem
465 4123 598 4204 increpui
611 4126 752 4204 civiliter,
776 4127 946 4210 quia,'cum
957 4145 1082 4210 possem
1098 4121 1143 4190 uti
1156 4119 1333 4194 retorsione,
1357 4117 1450 4180 malui

90 4212 287 4296 “primm
306 4211 394 4292 Prius
417 4203 588 4276 admonere.
626 4217 766 4300 Apparet
787 4219 906 4300 quidem
921 4217 962 4291 id,
978 4217 1058 4298 qnod
1074 4214 1131 4289 ais,
1154 4221 1185 4275 te
1204 4211 1275 4274 dum
1291 4209 1353 4270 ista
1371 4205 1449 4268 scri-

89 4301 184 4379 bmsss
207 4299 355 4384 apamio
377 4319 447 4363 meo
471 4300 565 4364 inisse
588 4305 774 4370 destitutum.
820 4308 900 4370 Nem
922 4327 981 4368 non
1005 4305 1119 4388 opinor,
1142 4311 1174 4364 te
1197 4301 1226 4362 in
1249 4297 1302 4361 illc
1325 4296 1448 4376 legisse,

91 4393 165 4474 qaod
186 4391 387 4454 vehementer
409 4389 486 4453 mihi
508 4392 689 4472 applaudam
711 4398 748 4459 de
772 4397 1037 4460 transformatione
1069 4389 1230 4476 hypothesi
1254 4386 1450 4470 Tychouiane

172 4571 363 4654 ὃῑῑιιὶῦιῐὶιΔ
376 4570 493 4649 (neque
516 4573 593 4635 enini
621 4573 742 4638 memini
772 4593 820 4636 me
852 4572 884 4636 in
913 4572 1011 4636 literis
1043 4570 1083 4632 sd
1110 4577 1140 4632 te
1173 4565 1325 4650 quippiam
1358 4566 1448 4648 hujus

98 4662 364 4735 commemorasse),
390 4675 445 4720 me
472 4657 509 4717 ad
530 4659 646 4726 divinas
668 4683 752 4727 meas
773 4664 985 4745 proportiones
1009 4659 1123 4743 aliquid
1139 4657 1325 4720 emendasse.
1362 4657 1448 4721 Nihil
1501 4705 1509 4715 .

97 4749 168 4834 lrjns
189 4754 258 4818 feci.
297 4751 356 4818 Ad
382 4763 514 4811 cautem
535 4753 652 4834 quidem
674 4751 830 4835 physicam
854 4752 1064 4836 aequationnm
1088 4745 1228 4822 eccentri,
1253 4745 1338 4828 cujus
1361 4746 1448 4834 inge·

156 4855 399 4914 ιηιιιοιοιπι
1220 4849 1236 4913 a
