3552 5562
322 305 366 377 54
739 301 840 368 literae
858 303 961 374 llepleri
978 303 1128 376 aliorumque
1147 317 1248 364 mutant
1298 354 1302 362 .

325 489 451 573 duplam·
485 487 562 553 Gum
584 509 615 552 0.
634 489 660 562 J)
682 489 714 552 in
727 491 765 564 00,
783 489 813 566 d
834 486 948 550 babeat
963 487 1173 567 aequationem
1191 488 1353 552 maximam
1372 485 1411 552 40
1424 482 1533 570 ibib-2
1555 487 1665 552 uiuido

323 580 407 644 sinus
430 575 516 644 4336
542 587 630 642 esset·
647 578 867 643 ecceutricitas.
907 575 950 638 Et
967 577 1033 656 jam
1055 577 1085 648 iu
1106 579 1201 654 0,(1,
1226 587 1259 640 nt
1281 577 1445 642 distantiae
1468 579 1512 640 sie
1534 587 1668 658 tempora

322 668 353 731 in
377 669 521 753 gradibus
545 669 721 750 aequalibus
744 665 876 749 eceentri
899 667 1047 742 confecta,
1072 674 1105 730 at
1128 668 1158 729 in
1176 661 1213 732 U
1235 675 1269 730 nt
1291 667 1455 730 dinastiae
1474 667 1666 743 adinvicem,

321 758 413 840 dupla
432 765 513 821 esset
534 759 690 838 proportio
709 765 885 836 temporum.
923 755 1001 826 Nam
1025 749 1260 818 eccentricitalis
1284 757 1427 837 aequatio
1444 765 1529 820 esset
1550 775 1666 837 semper

321 845 359 910 20
382 844 446 922 300,
471 848 630 928 aequantia
654 848 686 910 in
710 847 794 921 Μ
817 843 909 908 etiam
933 841 971 926 2⁰,
990 842 1053 909 300.
1084 846 1140 908 -Ac
1158 845 1192 908 in
1214 839 1250 910 [l
1273 846 1334 908 alia
1357 839 1397 910 20.
1411 843 1475 922 300,
1500 867 1541 910 ec.
1566 843 1614 932 50,
1637 855 1667 907 et

320 943 388 999 tota
411 931 449 998 7⁰
472 933 537 1000 300.
584 934 784 1000 Consentiunt
804 934 1006 1015 parallaxes,
1037 954 1112 1016 quas
1141 932 1332 998 Christianus
1366 937 1396 998 in
1418 927 1455 1001 [l
1484 955 1542 998 nen
1568 936 1667 1017 potnit

322 1026 410 1090 aliter
430 1026 580 1100 invenire,
613 1045 702 1106 qnam
725 1019 857 1092 tre-59
880 1022 986 1084 semid.
1016 1025 1127 1086 Terrae
1156 1025 1355 1100 exhibentes,
1376 1027 1514 1106 quamvis
1538 1045 1591 1094 esa
1614 1045 1664 1088 ee-

321 1117 419 1196 egerit
441 1116 480 1178 ed
503 1115 690 1197 hypothesin·
707 1133 791 1178 snam
814 1113 1013 1174 accomodans
1036 1113 1199 1196 feceritque
1222 1111 1351 1179 52-61
1378 1115 1408 1177 10
1430 1107 1476 1179 U.
1513 1113 1576 1178 Sed
1599 1115 1664 1188 seis,

191 1177 211 1258 ‚¹
318 1205 350 1267 in
373 1211 423 1267 tet
442 1205 575 1286 implexu
597 1223 755 1278 causarum
779 1205 867 1283 qdam
883 1201 971 1264 facile
995 1204 1279 1284 serupulum'unum
1299 1223 1341 1266 ex
1362 1225 1423 1268 nna
1449 1224 1542 1268 cauea
1565 1213 1663 1266 trene-

319 1295 453 1370 iernmne
476 1293 508 1356 in
530 1285 639 1371 aliern,
669 1312 735 1358 eum
763 1293 883 1372 singule
915 1291 1050 1372 singulas
1082 1293 1323 1356 semidiametres
1355 1295 1480 1358 facient.
1527 1292 1666 1374 Cogitavi

246 1387 249 1392 '
318 1403 390 1464 erge
414 1384 451 1446 de
475 1384 654 1464 aequatione
679 1382 940 1464 quadraturamm,
964 1400 1002 1442 an
1026 1381 1080 1443 illa
1103 1383 1144 1446 sit
1167 1381 1360 1459 dimidiando,
1385 1393 1417 1446 st
1440 1385 1510 1460 sint
1534 1385 1561 1455 0
1581 1383 1612 1445 in
1633 1373 1666 1445 1]

320 1481 473 1548 vacante,
497 1480 531 1536 ut
546 1472 710 1536 distantiae
735 1471 778 1535 sic
798 1479 943 1553 tempera,
969 1479 1002 1533 at
1016 1469 1047 1532 in
1071 1472 1259 1553 oppositione
1283 1483 1319 1535 nt
1336 1473 1518 1547 distantiasz
1541 1489 1665 1554 proper-

321 1562 413 1624 tienis
443 1560 532 1641 b'ujns
569 1556 601 1647 01,
637 1563 736 1638 inesse
769 1561 911 1622 mentibus.
957 1560 1077 1639 lterum·
1102 1571 1239 1626 maneret
1271 1560 1399 1626 circulus
1428 1561 1543 1625 sedin·
1563 1560 1666 1641 majori

322 1649 559 1716 ecceotrioitate.
607 1653 713 1717 Tertio
733 1650 805 1731 quid
827 1649 854 1712 si
878 1657 1004 1729 utraque
1027 1652 1168 1730 aequatio
1198 1651 1383 1715 dimidiando
1405 1661 1437 1715 et
1459 1651 1666 1714 eoeentrn'eitas

319 1758 391 1804 vene
415 1749 532 1804 coenent
554 1741 584 1804 in
607 1733 665 1808 U?
707 1740 787 1803 Nam
812 1739 847 1800 de
871 1739 1043 1802 octantibus
1066 1759 1115 1804 res
1139 1749 1188 1807 est
1214 1741 1400 1818 semianima,
1434 1759 1571 1804 crescere
1594 1741 1666 1802 banc

319 1830 574 1904 retardationem,
608 1841 644 1892 ut
666 1836 807 1901 crescunt
838 1827 921 1890 sinus
954 1829 1150 1908 digressionis
1174 1831 1278 1896 Lunae
1302 1851 1321 1892 a
1344 1831 1491 1894 diametro
1512 1829 1595 1909 Solis
1616 1848 1667 1909 per

317 1919 443 1986 Terram
467 1930 567 1983 eunte.
614 1917 730 1990 Quodsi
749 1915 900 1991 metiaris,
924 1916 1058 1980 iuvenies
1082 1919 1130 1980 bic
1154 1939 1269 2002 queque
1294 1921 1355 1983 lere
1380 1921 1562 2001 superiorem
1584 1937 1665 1982 men-

319 2027 429 2084 snram,
456 2009 554 2074 divisa
571 2017 639 2072 teta
655 2009 784 2090 periodo
799 2006 904 2068 Lunae
922 2003 975 2068 seu
999 2015 1132 2087 tempore
1153 2009 1218 2090 ejus
1233 2011 1262 2071 in
1277 2005 1353 2073 300.
1392 2009 1427 2072 Si
1441 2011 1529 2072 Luna
1552 2025 1666 2088 semper

320 2107 454 2162 numeret
474 2098 505 2162 in
528 2099 640 2162 virtuts
664 2096 817 2170 diametri,
843 2104 980 2182 tempera
1003 2093 1069 2160 350
1098 2099 1267 2161 conficeret
1313 2097 1593 2180 100000100ήὸ0
1616 2115 1668 2160 ex-

320 2188 503 2255 crescuntin
519 2191 682 2252 notantes'.'
707 2188 769 2261 (10Ι
782 2184 965 2269 quadrantes
984 2177 1024 2248 20
1037 2182 1101 2258 300,
1126 2189 1181 2264 sed
1201 2186 1276 2250 nibil
1300 2189 1421 2252 variam
1439 2189 1487 2250 hic
1508 2187 1669 2260 1000000.)

318 2277 442 2359 nsque
459 2297 553 2342 cansa
574 2297 655 2342 mere
678 2275 815 2359 physica
863 2272 1031 2338 Considera
1053 2295 1166 2356 quaese
1189 2277 1330 2358 quidemn
1353 2278 1617 2359 exsuperioribus
1639 2281 1668 2337 et

321 2387 360 2432 an
383 2367 465 2430 alind
488 2367 640 2449 quippiam
663 2366 705 2430 sit
723 2365 821 2446 magis
844 2371 1086 2430 consentaneum.
1281 2433 1284 2438 ,
1356 2391 1358 2398 ,

410 2456 465 2518 De
497 2456 724 2538 obliquitate
761 2452 962 2535 eclipticas
996 2472 1045 2516 res
1079 2461 1127 2516 est
1163 2453 1250 2518 mira.-
1304 2455 1405 2538 'l'yche
1438 2455 1528 2518 bodie
1560 2453 1669 2516 invenit

324 2543 386 2610 230
409 2542 463 2609 310
487 2543 563 2610 3000.
609 2546 693 2608 Idem
723 2543 839 2606 invenit
870 2549 940 2604 ante
974 2562 1067 2606 annes
1094 2540 1157 2606 100
1185 2563 1223 2606 ex
1244 2543 1500 2626 Regiemontane,
1524 2545 1668 2616 waltere,

323 2634 490 2711 Wernere,
520 2635 596 2698 bene
620 2632 781 2716 applicatis
814 2631 1085 2696 observationibus.
1131 2633 1217 2696 Idem
1246 2639 1318 2696 ante
1346 2653 1440 2698 annes
1464 2631 1531 2698 200
1555 2632 1669 2716 qnidam

324 2721 441 2800 Denter
464 2723 606 2806 Syndel
634 2724 683 2786 bic
705 2723 835 2802 Pragae,
858 2720 1033 2784 observavit
1060 2721 1115 2784 alt.
1139 2741 1217 2796 mer.
1249 2721 1332 2786 Solis
1361 2724 1392 2786 in
1422 2723 1612 2805 aequinoctio
1642 2730 1670 2784 et

326 2813 459 2876 solstitie
484 2813 619 2890 aestive;
644 2831 683 2875 ex
706 2811 812 2894 quibus
835 2810 936 2892 prodit
961 2809 1121 2884 (subducte
1145 2811 1260 2875 calculo
1284 2814 1341 2876 loci
1362 2813 1444 2880 Solis
1466 2831 1503 2876 ex
1517 2801 1669 2898 Tycheoe)

324 2902 365 2966 Δ.
390 2902 427 2966 Β.
452 2898 513 2967 500
535 2900 568 2969 40
591 2899 673 2977 20”;
698 2901 858 2982 eclipticae
882 2899 1044 2980 obliquitas
1067 2895 1129 2964 230
1151 2897 1204 2964 310
1227 2898 1305 2979 3200,
1330 2910 1485 2984 utrumque
1514 2903 1668 2966 hodiedum

324 2991 368 3058 ite
401 2991 561 3064 invenitor.
608 2993 692 3055 Idem
714 2989 900 3072 Prephaeine
923 2989 1057 3052 iudaeus
1085 2990 1201 3054 invenit
1230 2998 1301 3064 ante
1333 3012 1429 3055 suune
1457 2989 1532 3056 300.
1578 2990 1668 3074 Ρο010

323 3081 392 3162 plne
424 3081 559 3162 prodidit
587 3078 790 3160 Albategnius
824 3085 895 3139 ante
925 3097 1020 3141 annes
1053 3077 1127 3142 700.
1182 3081 1224 3142 Et
1256 3081 1428 3158 credemus,
1465 3082 1669 3146 Ptolemaeum

323 3167 505 3244 observasse
530 3165 591 3236 230
613 3168 667 3235 510
687 3165 778 3234 2000
811 3165 913 3252 Tycho
938 3167 1097 3233 dubitavit.
1143 3168 1249 3232 Scriba
1273 3170 1342 3252 quid
1365 3172 1490 3235 sesima
1537 3171 1668 3250 Denique

324 3279 400 3341 quas
423 3267 457 3322 et
480 3267 553 3342 qnet
573 3260 706 3342 eclipses
728 3258 779 3320 vel
802 3257 952 3320 inveneris
975 3257 1005 3320 in
1020 3258 1171 3322 veteribus
1195 3259 1244 3322 vel
1263 3259 1493 3340 computaveris,
1516 3280 1554 3322 ne
1574 3267 1669 3322 actem

323 3365 444 3429 semper
468 3356 586 3430 agatur.
624 3347 816 3429 bernegum
839 3348 928 3410 mode
953 3345 1099 3424 desidere,
1123 3348 1187 3412 scie
1209 3348 1391 3414 laboriosum
1410 3369 1479 3412 esse
1502 3350 1668 3414 describere

326 3437 483 3504 00100100.
520 3439 587 3520 Ege
610 3439 637 3502 sl
660 3437 795 3502 vicissim
812 3437 852 3498 Η.
870 3437 905 3500 Τ.
929 3437 961 3501 10
984 3454 1158 3518 quacunque
1171 3455 1203 3501 re
1222 3437 1384 3518 0000100001
1406 3447 1523 3521 petere,
1545 3441 1669 3502 libenter

325 3525 446 3591 facicm.
484 3525 640 3608 Etspere
654 3529 718 3592 iere
739 3527 789 3590 hic
805 3525 957 3616 pennelln,
982 3545 1058 3607 quae
1082 3525 1236 3590 desideres
1258 3527 1406 3607 inspicere
1429 3537 1461 3592 et
1479 3543 1667 3609 enqnescere.

327 3612 464 3679 Obsecro
488 3623 590 3679 numm
611 3633 667 3698 per
684 3623 805 3680 nostras
829 3624 922 3690 artes,
946 3634 984 3678 ne
998 3615 1042 3678 ita
1063 3617 1154 3697 plane
1177 3617 1377 3682 obmutescas.
1415 3618 1482 3699 Ege
1505 3617 1533 3680 si
1556 3614 1667 3697 scripsi,

325 3723 374 3768 me
403 3703 624 3785 publicatumm
654 3714 724 3769 tuse
756 3705 902 3785 epistolas
934 3705 1029 3786 (qnod
1060 3706 1230 3773 meminisse
1263 3708 1392 3772 nondam
1423 3709 1574 3790 possum),
1591 3711 1667 3772 00010

319 3795 466 3876 poenitet,
489 3795 579 3858 iidem
601 3797 649 3872 de,
673 3796 705 3858 id
727 3813 785 3856 nen
810 3793 950 3858 futurum.

317 3942 324 3954 ,
411 3884 493 3948 Vale
515 3885 575 3962 diu,
600 3884 783 3965 Praeceptor
807 3882 983 3951 clarissime
1006 3890 1041 3944 et
1069 3884 1147 3962 quod
1170 3901 1218 3947 rue
1248 3883 1412 3948 etiamnum
1440 3903 1542 3961 ames,
1575 3881 1665 3947 literis

322 3973 444 4056 seriptis
475 3981 601 4038 testare.
658 3973 766 4038 Salute
799 3992 901 4037 omnes
935 3980 1148 4053 praeceptores
1182 3993 1267 4037 meos
1299 3983 1332 4036 et
1361 3975 1450 4038 mitte
1487 3974 1667 4054 exemplaris

322 4063 468 4127 orationis
491 4063 635 4135 funebris,
661 4064 713 4127 ubi
735 4081 833 4126 meum
856 4081 976 4125 carmen
1000 4068 1056 4125 est
1104 4062 1216 4126 Errata
1238 4072 1310 4126 sunt
1337 4063 1456 4145 aliqua,
1480 4072 1515 4128 ut
1536 4064 1667 4126 multos

320 4153 407 4216 miles
430 4170 485 4234 pre
507 4153 639 4221 multus.
684 4152 779 4215 Etis
803 4151 1011 4216 neminemne
1035 4152 1275 4216 exiucnriaM.
1306 4161 1355 4216 est
1385 4154 1547 4230 omissuro,
1578 4172 1615 4216 ne
1636 4149 1667 4212 id

320 4241 435 4322 puteb‘s
458 4242 570 4306 studio
583 4251 615 4306 et
638 4242 812 4306 contemtim
834 4243 956 4306 tactum.
973 4237 999 4316 0)

411 4326 516 4417 10120.
541 4331 616 4396 Dec.
640 4351 718 4396 anne
746 4327 838 4396 1601.
861 4331 990 4412 Pragne.

878 4420 995 4485 Excell.
1020 4419 1102 4482 Tuae

1007 4507 1141 4578 Gratias.
1166 4509 1339 4592 Discipnlns

1304 4600 1348 4664 M.
1372 4563 1577 4686 Jealee'ptae.
1655 4578 1656 4586 ¹

407 4737 553 4798 Proximos,
579 4749 644 4804 quse
660 4735 706 4788 has
724 4737 871 4789 subsecutas
889 4743 964 4806 sunt„
987 4701 1089 4805 11001001
1113 4741 1200 4792 literae
1229 4740 1304 4792 datae
1327 4742 1429 4794 suutd.
1448 4739 1567 4794 20100.
1588 4733 1661 4788 1001.

322 4803 414 4873 (comp.
433 4809 489 4860 Vel.
509 4809 542 4872 11,
561 4825 586 4874 p.
608 4805 653 4871 rt)
672 4815 772 4861 etcum
789 4807 937 4860 Maestlinus
955 4823 1005 4861 nen
1023 4813 1196 4877 responderet,
1222 4811 1259 4863 his
1277 4805 1365 4865 iterem
1389 4815 1451 4866 adiit
1468 4807 1661 4879 1100100100-

319 4879 412 4931 nlersm
430 4881 466 4931 ad
480 4873 677 4945 respondendum
695 4886 894 4947 praeceptorem:
1292 4884 1297 4896 ·
1628 4905 1631 4914 ·
