3582 5558
673 309 832 396 reue·
1364 317 1425 388 ne

138 481 185 538 Sic
206 483 241 540 iu
262 485 481 543 Ptolemaeo
501 487 529 542 in
550 488 604 544 illis
626 488 765 544 diametris
785 491 977 563 epieyclorunn,
1000 511 1070 566 quae
1090 514 1108 551 e
1126 497 1292 568 Capricorno
1312 499 1340 556 in
1353 501 1424 558 cm-

76 581 136 618 crum
154 567 373 632 extenduntur,
408 568 465 632 tria
491 586 552 623 esse
574 575 677 641 punctu
702 571 865 642 usquelibus
887 573 1040 630 interuallis
1061 583 1187 634 ermenus
1208 579 1273 636 bins
1293 583 1424 647 remediis

76 645 179 718 daguiffl
202 644 357 712 distantia,
381 665 400 703 u
421 665 451 703 se
470 658 565 704 mutuo
586 667 652 705 vero
672 649 828 730 intervellis
849 654 943 719 tentis,
967 655 995 710 in
1015 659 1190 727 proportione
1212 663 1247 715 ed
1268 660 1423 726 diametros.

77 733 169 797 quanta
190 733 240 782 est
254 728 331 782 Solis
351 729 545 786 eccentricitss
567 733 635 797 tola,
657 732 805 787 collatione
825 735 902 790 iacta
923 738 958 790 ssl
978 736 1019 790 sui
1040 737 1168 794 circuitus
1187 741 1365 798 diametrum:
1388 761 1424 798 ει

74 807 111 862 liis
128 806 221 862 tribus
243 809 369 879 punctis,
393 825 464 882 quoe
480 817 550 865 sunt
569 813 629 866 loco
648 811 744 875 medis,
766 813 817 868 ille
830 833 892 870 esse
906 811 1090 888 epicyolorusu
1104 837 1214 876 suorum
1227 827 1332 887 contre,
1354 839 1424 894 quse

74 907 130 944 reru
148 888 218 942 binc
240 905 341 944 versus
363 891 499 946 Cancrum
520 891 589 957 sint,
619 910 681 946 esse
701 899 827 972 punctaq
852 895 925 950 circe
954 913 1025 968 quoe
1055 905 1143 955 motus
1165 901 1348 974 epicyclcruni
1369 903 1426 959 sint

74 970 249 1041 seqnsbiles;
272 970 392 1042 denique
414 987 485 1042 quae
505 972 569 1028 hinc
589 990 685 1028 versus
706 973 900 1044 Capricornum
921 975 990 1041 sint,
1015 978 1067 1033 ills
1087 997 1162 1044 esse,
1195 999 1307 1052 quorum
1329 1001 1423 1040 soccu-

73 1050 149 1106 tricus
172 1046 228 1118 (eb
251 1050 286 1106 iis
308 1047 476 1122 descriptos)
497 1052 676 1127 indagamus,
706 1054 730 1107 si
750 1071 812 1125 pro
832 1056 940 1112 medic
958 1058 1054 1114 'Solis
1075 1068 1166 1116 motu
1187 1071 1424 1133 apparentem

73 1130 270 1202 sequimur,
294 1131 374 1202 quasi
396 1133 450 1186 illis
471 1133 498 1188 in
519 1135 628 1205 punctis
650 1135 767 1205 epicycli
788 1139 823 1192 ad
850 1138 1029 1194 eccentricum
1057 1141 1136 1196 effixi
1165 1141 1233 1206 siut,
1265 1150 1297 1197 ut
1324 1144 1367 1200 ita
1395 1144 1424 1200 in

73 1211 204 1282 Quaque
225 1212 364 1282 planetes
385 1213 509 1285 epicyclo
526 1215 567 1270 'sit
587 1216 715 1270 absolute
742 1221 804 1272 tete
824 1218 981 1273 Tbecrie
1000 1218 1098 1275 Solis
1126 1239 1185 1276 cum
1213 1224 1335 1280 omnibus
1362 1224 1423 1294 ejus

74 1301 194 1348 nemum
215 1298 248 1347 et
269 1294 376 1348 orbium
397 1295 631 1365 proprisi-stibus:

146 1373 238 1428 Hisce
257 1373 299 1428 sic
319 1375 513 1432 demonstretis
534 1375 673 1453 infallibili
694 1376 829 1440 methodo,
847 1376 908 1444 jam
927 1383 956 1433 et
970 1379 1044 1450 prior
1063 1383 1167 1454 gradus
1188 1385 1224 1438 ad
1238 1399 1336 1441 ceusas
1352 1385 1423 1456 pluy-
1452 1429 1457 1443 .

74 1455 139 1508 sicas
161 1455 344 1510 confirmatius
365 1462 410 1510 est
430 1463 460 1510 et
479 1475 564 1511 novus
585 1459 620 1511 ed
634 1473 682 1511 ess
697 1458 800 1529 gradus
814 1464 981 1525 exstructus,
1000 1462 1031 1535 'in
1046 1462 1234 1532 Cepernici
1254 1471 1284 1519 et
1297 1465 1423 1520 Brahei

75 1535 202 1606 opinime
224 1535 390 1599 clarissime*
409 1537 436 1590 in
457 1537 679 1592 Ptolemaiou
698 1537 839 1592 obscurius
859 1544 890 1593 et
909 1541 1092 1608 probabiliter
1111 1544 1219 1599 saltem.

147 1616 224 1672 Nam
246 1616 305 1670 sire
326 1617 413 1670 Terra
433 1625 576 1672 moveatur
596 1617 654 1671 sive
674 1617 730 1679 Sol,
760 1619 975 1675 demonstratum
996 1629 1071 1676 certe
1093 1629 1153 1687 est,
1185 1624 1211 1678 id
1232 1641 1331 1695 corpus
1352 1629 1444 1696 quod'

73 1704 197 1752 novetur
217 1697 323 1752 moveri
342 1696 510 1767 inaequabili
530 1698 654 1760 roticus;
675 1699 754 1752 tarde
768 1697 881 1763 scilicet,
906 1717 965 1756 cum
986 1702 1096 1775 longius
1118 1705 1200 1759 obest
1214 1722 1234 1758 u
1246 1704 1420 1776 quiescente:

75 1777 222 1842 velociter,
246 1793 307 1832 cum
328 1780 362 1832 ad
384 1777 526 1850 quiescens
547 1778 671 1848 proxime
691 1778 816 1833 accessit.
1273 1835 1278 1842 ,

148 1859 215 1912 Jem
236 1857 332 1912 stetim
353 1857 439 1930 igitur
460 1866 577 1929 epparet
597 1858 740 1913 discrimen
761 1857 918 1928 opinionum
938 1860 1020 1916 trium
1040 1861 1068 1918 in
1087 1855 1216 1936 physicae
1244 1881 1295 1936 per
1316 1865 1423 1936 conjec-

75 1949 147 1994 tures
171 1937 295 2010 quidem.
316 1940 364 1992 sed
386 1938 454 1992 nibil
475 1940 603 1994 cedentes
624 1937 787 1993 certitudine
808 1939 972 2009 coniecturis
994 1943 1156 1998 medicorum
1177 1946 1211 1999 de
1232 1961 1284 2000 usu
1303 1947 1423 2016 pestium

74 2027 121 2074 sut
141 2019 354 2090 quibuscunque
375 2017 437 2072 eliis
458 2014 590 2090 physicis.

147 2099 260 2154 Primus
289 2099 394 2170 quidem
422 2100 648 2154 Ptolemaeus
676 2099 844 2170 exploditur.
887 2101 954 2164 Quis
982 2103 1053 2158 enim
1081 2105 1191 2170 credet,
1220 2105 1334 2162 totidem
1361 2123 1434 2162 esce¹

73 2179 194 2235 tbecrias
214 2179 289 2234 Solis
310 2174 359 2246 (sd
380 2180 622 2250 unguem'similes
644 2179 716 2236 inter
735 2197 778 2244 se,
800 2181 853 2234 inno
874 2198 940 2235 sero
962 2191 991 2236 et
1011 2178 1158 2255 aequales)
1188 2180 1255 2256 qu'ot
1274 2188 1425 2257 planetari-

73 2277 128 2316 cum
147 2259 254 2324 videat,
269 2260 380 2314 Brabeo
395 2262 430 2315 ud
449 2262 546 2316 esdern
565 2260 659 2316 munia
673 2260 797 2316 sufficere
812 2259 919 2316 unicum
933 2262 1069 2318 theoriam
1082 2264 1166 2320 Sulis:
1189 2265 1301 2322 axioms
1321 2272 1423 2339 quippo

73 2341 96 2396 iu
117 2339 242 2412 physice
260 2340 476 2411 receptissimum
497 2348 549 2405 est,
571 2347 699 2396 naturum
719 2341 891 2411 paucissimis
910 2343 950 2397 uti
971 2361 1052 2416 quain
1072 2345 1204 2415 possibile
1225 2352 1277 2402 est.

149 2429 386 2499 Copornicum
421 2445 487 2484 vero
513 2426 685 2499 Brabeo*)
715 2431 850 2500 potiorem
877 2449 938 2486 esse
966 2418 994 2488 in
1022 2434 1140 2506 physice
1166 2436 1297 2502 coelesti,
1327 2436 1422 2492 multis

76 2505 216 2578 probatur.

74 2617 80 2626 ·
146 2590 270 2644 Primum
289 2587 457 2644 Breheus
477 2589 602 2645 theories
623 2589 689 2645 illus
709 2589 780 2645 Solis
802 2584 919 2662 quinque
941 2611 956 2645 e
977 2594 1154 2664 planetarum
1175 2596 1288 2652 theoriis
1308 2597 1423 2652 sustulit
1463 2649 1478 2666 ¹,

72 2666 178 2742 quidem
190 2677 223 2722 et
237 2671 274 2724 sd
287 2675 383 2724 centro
397 2670 611 2724 eccentricorum
624 2670 747 2735 deduxit,
771 2673 929 2737 occultevit,
951 2673 979 2728 in
998 2691 1077 2732 uuam
1088 2677 1235 2734 ,conflavitz
1257 2689 1314 2731 rem
1333 2677 1423 2747 ipsam

72 2768 142 2815 rere,
165 2765 239 2821 quse
260 2750 395 2820 perillus
417 2750 540 2805 theorias
562 2751 742 2815 efficiebatur,
763 2751 875 2822 reliquit
895 2753 922 2807 in
943 2757 1050 2811 mundo.
1086 2757 1291 2818 Planetueuiin
1305 2757 1422 2828 quilibet

71 2837 182 2901 praeter
202 2847 266 2884 eum
286 2836 404 2896 motum,
427 2831 473 2901 qui
493 2839 537 2886 est
557 2831 583 2886 ei
603 2832 739 2902 proprius,
760 2833 897 2888 Brolueo
918 2853 972 2889 uon
993 2837 1080 2892 minus
1101 2853 1183 2908 quam
1203 2838 1433 2894 Ptolemaeo·

72 2917 196 2966 menn
208 2901 366 2966 'etiamnum
387 2928 418 2965 re
439 2928 506 2966 vere
524 2919 602 2968 motu
617 2912 698 2977 Solis,
719 2911 835 2968 miscens
855 2921 987 2986 utrosque
1008 2917 1035 2972 in
1057 2935 1147 2982 unum,
1169 2935 1205 2972 ex
1227 2934 1282 2990 qua
1301 2917 1423 2974 mixtura
1483 2937 1489 2962 t

71 2992 161 3062 spirae
174 2990 353 3055 efficiunturr
365 2993 435 3062 quod
449 2992 511 3046 inde
524 2994 564 3056 lit,
580 2993 646 3064 quiu
659 2995 739 3048 urbes
754 2994 844 3050 nullos
859 3013 920 3049 esse
935 2996 1036 3051 solidos
1051 2999 1247 3053 demonstrarit
1260 2994 1421 3052 Bral'ncus

71 3069 249 3127 solidissime:
273 3072 496 3142 Copernicus
516 3091 582 3128 voro
602 3075 731 3143 planetas
752 3074 869 3146 quinque
890 3082 965 3132 motu
978 3078 1031 3132 hcc
1044 3083 1179 3134 exbsnec
1201 3077 1312 3148 pesitus
1332 3078 1419 3143 exuit.

72 3169 153 3208 nuso
172 3151 346 3222 deceptionis
377 3169 414 3206 ex
440 3152 514 3208 visus
540 3153 740 3210 conditionibus
764 3156 872 3210 eductu.
917 3159 1014 3212 Adhuc
1029 3159 1129 3230 igitur
1156 3161 1229 3229 apud
1251 3159 1421 3213 Brahcum
1474 3177 1481 3184 ·

71 3235 171 3288 irustra
190 3231 414 3304 multiplicentur
434 3241 537 3298 motus,
559 3241 591 3290 ut
611 3235 687 3305 prius
708 3237 780 3305 apud
802 3236 1047 3293 Ptolemaeum.

145 3313 283 3375 Secundo,
306 3312 329 3366 si
350 3313 432 3368 orbes
452 3315 521 3370 nulli
542 3322 614 3379 sunt,
645 3315 726 3370 velde
746 3317 816 3370 dure
835 3318 884 3372 liet
903 3317 1022 3373 conditio
1042 3318 1291 3390 intelligentiarum
1310 3324 1341 3372 et
1360 3318 1419 3372 eni·

71 3411 169 3450 unum
190 3391 353 3454 metricum
374 3395 438 3452 dum
456 3397 491 3450 sd
512 3403 568 3450 tarn
589 3396 678 3450 mults
697 3395 834 3466 respicere
851 3397 994 3466 jubentur.
1016 3405 1049 3452 ut
1067 3399 1210 3468 planetum
1230 3398 1336 3452 duobus
1356 3414 1419 3468 per·

71 3475 158 3530 mixtis
179 3473 304 3530 ructibus
327 3473 467 3532 invehant.
503 3478 546 3530 nd
566 3475 702 3530 minimum
723 3476 793 3530 enim
814 3477 894 3531 simul
915 3485 945 3531 et
964 3479 1049 3532 semel
1070 3484 1206 3550 cogentur
1225 3477 1363 3548 respicere
1384 3480 1418 3532 sd

72 3556 212 3628 utriusque
233 3560 327 3608 motos
348 3553 499 3625 principis,
521 3563 632 3619 centro,
654 3556 790 3625 periodos.
832 3561 872 3612 At
892 3557 913 3611 si
935 3559 1022 3612 Terra
1041 3565 1173 3622 moretur,
1195 3559 1327 3629 pleraque
1348 3557 1419 3612 efflui

71 3653 147 3704 posse
168 3638 332 3690 demonstro
352 3634 533 3691 facultatibus
554 3654 608 3690 non
636 3636 799 3690 animalibus
829 3640 877 3691 sed
907 3639 1063 3708 corporeis,
1092 3639 1256 3711 magneticis
1286 3638 1418 3695 nimbum.

71 3717 117 3770 Sed
137 3717 212 3772 baec
233 3715 421 3770 communiora
440 3724 512 3772 sunt.
546 3717 704 3787 Sequuntur
717 3716 781 3782 elia,
803 3735 874 3788 quae
891 3719 1001 3789 proprie
1021 3727 1173 3776 nuscuntur
1189 3735 1229 3774 ex
1250 3721 1419 3788 demonstre-

70 3797 194 3860 ticmbus,
217 3794 320 3867 quibus
337 3794 399 3863 jem
420 3795 577 3854 insistimus.

140 3878 172 3934 si
192 3875 270 3932 enim
290 3876 386 3930 Tellus
407 3884 539 3942 moretur,
561 3879 774 3932 demonstratum
796 3883 848 3942 est,
871 3895 932 3934 eam
953 3881 1032 3950 leges
1053 3879 1205 3936 celeritatis
1226 3886 1257 3934 ει
1276 3873 1417 3936 tarditatis

68 3975 128 4012 ruse
148 3958 281 4028 accipere
298 3975 341 4030 ,ex
362 3957 475 4027 musmo,
491 3975 618 4014 accessus
648 3956 692 4030 sui
718 3959 753 4012 ad
774 3959 866 4014 Solem
885 3967 915 4015 et
935 3977 1059 4016 recessus
1080 3963 1240 4017 abeodem.
1281 3959 1367 4031 Atqui
1388 3967 1418 4014 ει

66 4039 173 4111 reliquis
195 4037 324 4109 planetis
343 4036 415 4092 idem
436 4038 537 4102 evenit,
558 4045 647 4094 uter
667 4038 719 4091 boc
739 4054 853 4094 accessu
874 4057 892 4094 s
911 4040 975 4094 Sole
996 4041 1143 4096 incitentur
1164 4041 1210 4096 rel
1230 4039 1413 4096 inhibeantur.

67 4119 275 4176 &nomentio
296 4118 396 4174 harum
415 4135 506 4174 rerum
525 4125 570 4174 est
589 4117 759 4190 geometrica
778 4119 921 4190 bectenus.

137 4203 186 4256 Ex
207 4199 266 4255 bac
285 4198 442 4254 certissime
461 4199 693 4256 demonstratione
716 4198 777 4267 jum
803 4217 854 4270 per
881 4199 1067 4270 conjecturam
1096 4200 1241 4272 physicum
1265 4198 1414 4272 colligitur,

67 4281 163 4338 iontem
185 4280 479 4350 motuvplenetarun
501 4280 617 4351 quinque
638 4279 665 4333 in
685 4278 745 4350 ipsc
765 4281 850 4335 Sole
871 4298 941 4336 esse.
983 4282 1071 4336 Valde
1099 4282 1184 4353 igitur
1204 4279 1341 4336 versimile
1361 4286 1413 4342 est,

67 4361 100 4415 ibi
118 4381 180 4418 esse
202 4363 311 4416 iontem
331 4367 423 4415 motus
437 4360 563 4438 Telluriq‚
585 4357 632 4414 ubi
652 4367 696 4414 est
716 4359 777 4416 fons
797 4368 886 4418 nouis
906 4362 1073 4432 reliquorum
1087 4363 1205 4434 quinque
1222 4361 1413 4432 planetarum:

68 4443 167 4498 seilicet
186 4442 282 4498 itidem
304 4441 332 4496 in
354 4441 448 4496 Sole.
488 4441 599 4496 Turrem
629 4438 715 4512 igitur
743 4442 845 4496 moveri
874 4441 1010 4499 versimile
1039 4449 1097 4507 est,
1127 4442 1228 4513 quippe
1259 4445 1412 4510 appetente

68 4523 200 4578 rensimili
220 4538 313 4578 cause
331 4520 394 4592 ejus
417 4527 516 4576 motus.
980 4563 983 4570 .

138 4606 164 4660 E
185 4602 346 4667 mntrurio,
367 4600 480 4656 Solem
500 4601 648 4656 consistere
668 4601 729 4658 loco
750 4619 800 4656 suc
820 4601 848 4656 in
868 4603 957 4658 mundi
980 4609 1088 4668 cernuo,
1119 4619 1178 4658 cum
1205 4618 1256 4673 per
1277 4600 1412 4657 elisium

147 4790 173 4856 Ἴ
190 4793 267 4858 Gutus
283 4785 495 4842 moestissimum
513 4790 538 4836 ot
555 4788 719 4852 gradssiruam
737 4787 791 4836 fieri
813 4788 963 4838 mentionem
981 4794 1008 4838 st
1025 4785 1219 4838 recordationem
1238 4785 1411 4852 aeqffium

72 4870 115 4928 ιη
198 4871 279 4919 tutum
291 4865 345 4916 boe
364 4857 509 4912 uuirdon
520 4872 592 4925 super
603 4863 656 4926 slus
672 4859 748 4910 iuudo
761 4865 893 4922 exituum,
912 4861 1041 4914 muudum
1054 4856 1085 4910 ub
1096 4858 1149 4922 ipso
1162 4871 1260 4912 omnum
1276 4861 1410 4912 nocuus
