3640 5538
354 307 421 382 482
769 311 1274 368 indommmtariademcdbuehiartir

349 494 659 546 rstuclnsreairsthsuc
668 495 836 560 quaestorem
845 495 937 561 aliquot
946 495 1017 546 annis
1027 499 1090 559 post
1098 494 1173 559 plane
1182 493 1271 544 oblitus
1282 491 1440 556 haerpricra·
1451 489 1484 541 D.
1496 487 1538 540 12.
1549 487 1607 541 Oct
1617 485 1685 540 Μ

329 566 332 575 ’
349 567 449 618 scribit:
468 565 629 631 cheruicum
645 567 766 618 hactenru
778 582 852 631 parce
870 566 927 632 legi,
945 565 1010 630 quod
1027 567 1141 618 obscurus
1159 571 1186 616 et
1203 564 1314 615 mucisus
1332 568 1406 622 emet,
1425 567 1451 613 et
1463 561 1588 627 exemplar
1604 577 1685 616 meum

348 637 486 688 Basilienee
505 635 558 700 (sd.
577 639 636 689 anni
655 634 734 698 1566)
752 639 895 690 mendosum
913 644 986 688 esset
1024 639 1057 686 Δι
1081 652 1146 687 nunc
1163 637 1243 702 magis
1265 636 1324 686 mihi
1342 635 1428 699 incipit
1445 633 1552 685 arridere
1569 639 1596 683 et
1620 633 1685 684 eolus

348 715 428 760 motus
446 709 537 769 Terrae
554 724 594 760 me
612 709 780 774 prohibetque
798 710 877 760 minus
894 724 924 760 ex
941 715 993 758 toto
1011 723 1098 758 manns
1116 709 1161 773 ipsi
1178 707 1285 758 nondum
1303 707 1433 772 porrigam.
1462 705 1517 755 Hor
1534 719 1626 762 verum,
1643 719 1685 768 per

347 779 492 844 hypothesin
505 779 631 846 copernici
643 780 818 844 simplicissime
831 789 857 830 et
874 779 1067 832 commodissime
1079 785 1158 828 motus
1171 780 1331 829 demonstrari
1348 792 1426 842 posse.
1442 805 1474 815 -
1487 775 1583 827 Deinde
1602 775 1682 826 addit:

349 849 476 912 Quomodo
495 859 524 901 tu
542 859 712 917 argumentum
730 851 852 916 Tychouis
870 859 957 902 contra
973 859 1066 900 motum
1093 851 1205 900 diurnum
1224 865 1253 900 ex
1271 850 1386 899 tormenti
1413 849 1485 914 globo
1503 849 1609 898 refutare
1627 845 1684 898 vis?

346 921 401 974 Hoc
419 930 498 974 totam
511 921 638 988 copemiei
654 922 799 987 hypothesin
817 923 931 988 explodit.
962 922 1060 987 Inquiro
1077 923 1151 987 igitur
1168 923 1231 972 tales
1248 921 1403 984 hypotheses,
1423 933 1486 984 qnae
1504 920 1581 969 cmulr
1600 917 1684 970 absur-

347 993 432 1044 ditatis
451 1001 477 1044 et
494 996 626 1060 implicitae
646 994 846 1047 centradictionis
865 1001 976 1059 expertes
994 995 1052 1052 sint,
1071 996 1107 1044 sic
1124 994 1169 1043 tibi
1187 1000 1213 1043 et
1231 993 1278 1042 arti
1296 993 1375 1058 magis
1392 990 1514 1042 consue.

437 1066 511 1116 Aliud
529 1075 699 1131 argumentum
717 1071 805 1116 tenua
817 1066 991 1130 Gopernicum:
1011 1069 1031 1114 si
1049 1065 1127 1115 Terra
1144 1065 1190 1114 tali
1207 1071 1275 1114 motu
1291 1069 1408 1120 moretur,
1426 1075 1528 1113 necent
1545 1069 1584 1114 est
1602 1075 1687 1112 omues

347 1135 374 1186 in
393 1137 480 1187 eodem
497 1137 613 1201 parallelo
631 1138 772 1190 habitantes
790 1139 887 1202 saepius
904 1153 980 1188 unum
998 1137 1089 1188 habere
1106 1144 1222 1190 venmm.
1246 1135 1382 1185 nubilosum
1410 1133 1563 1184 tutelarum
1581 1133 1685 1195 eoelum

347 1221 403 1258 cnm
421 1207 485 1260 baec
501 1209 558 1260 loca
575 1209 663 1330 dulus
680 1209 829 1262 remlut'ons
847 1209 892 1260 snb
910 1209 996 1258 iisdem
1014 1209 1118 1260 nubibus
1136 1217 1163 1258 et
1181 1215 1307 1260 senarum
1324 1207 1387 1258 flatu
1405 1206 1543 1258 desumant.
1578 1209 1614 1256 Δι
1638 1205 1687 1258 hoo

345 1279 446 1330 minime
463 1280 499 1332 lit.
536 1281 600 1346 Ergo
639 1297 663 1332 c.

434 1359 618 1426 Keplerue
645 1362 708 1412 haec
726 1357 761 1424 (d.
785 1359 824 1413 ld.
843 1361 904 1413 Nos.
925 1358 1005 1424 1608)
1024 1361 1167 1426 respondit:
1195 1353 1278 1424 Cupie
1299 1352 1350 1406 tibi
1369 1351 1503 1408 declarari
1522 1351 1685 1408 solutionem

347 1435 503 1506 argumenti
516 1435 662 1505 Tychonici
684 1443 779 1491 contra
798 1444 899 1492 motum
912 1437 1023 1490 Terrae.
1058 1437 1119 1489 Non
1133 1442 1177 1489 est
1190 1433 1230 1488 ita
1242 1432 1381 1498 horribile,
1402 1439 1435 1487 ut
1454 1433 1527 1488 illins
1542 1431 1685 1488 machinae

346 1515 425 1572 ictus.
465 1512 552 1568 Plane
573 1515 698 1570 coincidit
718 1534 777 1572 cum
797 1517 848 1572 illa
868 1515 1030 1586 objectione,
1053 1533 1100 1570 cur
1120 1515 1220 1587 globus
1241 1531 1348 1568 sursum
1367 1514 1464 1568 murus
1485 1515 1520 1567 ad
1539 1513 1684 1584 perpendi·

346 1596 436 1652 culum
456 1595 561 1649 renidet
576 1595 604 1649 in
625 1597 712 1650 locum
732 1598 858 1660 eundem,
880 1597 904 1651 si
923 1599 1010 1652 Terra
1030 1596 1136 1652 iuterim
1156 1596 1224 1650 abit.
1264 1596 1489 1665 Respondendum
1518 1594 1602 1658 enim,
1632 1611 1687 1650 uon

345 1683 453 1732 tantum
474 1676 587 1730 Terram
608 1676 715 1730 interim
735 1677 827 1740 abire,
859 1680 982 1742 seduna
1002 1693 1061 1731 cum
1082 1677 1169 1730 Terra
1189 1676 1272 1730 etiam
1294 1682 1409 1729 catenas
1430 1675 1493 1730 illas
1514 1673 1684 1746 magneticas

345 1754 465 1810 infinitas
486 1763 517 1810 et
536 1755 702 1820 invisibiles,
733 1757 836 1827 quibus
860 1757 930 1828 lepis
958 1755 1093 1828 alligatus
1114 1758 1211 1812 estad
1240 1763 1336 1826 partes
1357 1755 1458 1810 Terrae
1485 1754 1625 1825 subjectas
1656 1761 1687 1808 et

345 1835 552 1892 circumstantes
573 1836 699 1906 undique,
721 1837 872 1908 quibusque
901 1837 1052 1892 retrahitur
1071 1837 1199 1906 proxima
1218 1836 1245 1890 id
1265 1842 1309 1890 est
1335 1835 1554 1906 perpendiculari
1583 1835 1631 1889 via
1649 1835 1686 1890 ed

345 1917 466 1970 Terram
517 1917 746 1978 Quemadmodum
774 1918 860 1990 igitur
887 1918 933 1972 hic
960 1917 1001 1970 vis
1030 1916 1147 1974 infertur
1175 1916 1280 1971 catenis
1315 1915 1369 1969 iliis
1404 1930 1422 1969 a
1453 1923 1527 1970 motu
1563 1915 1685 1970 violente

345 2012 459 2060 ameum,
481 2013 533 2068 quo
553 1997 585 2050 iit
603 2004 636 2050 ut
649 2015 741 2052 omnes
761 1998 828 2052 illae
848 1998 1002 2070 aequaliter
1022 1997 1100 2069 quasi
1113 2000 1306 2060 extendantur,
1327 1995 1367 2052 ita
1380 2012 1487 2067 quoque
1506 1996 1548 2049 vis
1569 1995 1687 2052 infertur

344 2076 449 2132 catenis
470 2076 693 2142 occidentalibus,
715 2095 775 2134 cum
794 2080 895 2150 globus
914 2079 942 2132 vi
962 2076 1091 2134 tormenti
1109 2077 1138 2134 iu
1159 2077 1290 2134 orientem
1311 2075 1437 2144 truditur,
1457 2082 1487 2131 et
1506 2075 1547 2130 vis
1569 2075 1688 2132 infertur

343 2156 531 2223 orientalibus,
554 2173 614 2212 cum
633 2175 721 2229 vapor
734 2160 846 2232 globum
865 2158 1002 2230 protrudit
1022 2159 1050 2212 iu
1064 2158 1238 2214 occidentem.
1273 2155 1349 2212 Nihil
1369 2175 1419 2211 nec
1439 2155 1551 2226 impedit
1569 2155 1615 2212 hic
1635 2173 1686 2212 nec

344 2235 403 2292 illio
421 2245 566 2307 promovet
585 2247 674 2294 motus
694 2239 856 2296 universalis
877 2239 994 2295 Telluris
1015 2246 1045 2293 et
1064 2246 1223 2295 catenarum
1244 2237 1367 2292 omnium
1407 2237 1477 2292 Nam
1506 2237 1576 2292 haee
1595 2243 1686 2292 metus

342 2316 483 2382 violentie,
504 2334 575 2388 quae
587 2319 701 2390 globum
714 2319 831 2390 projicit,
853 2327 981 2376 vereatur
993 2319 1066 2374 intus
1086 2320 1115 2374 in
1128 2320 1273 2389 complexu
1288 2323 1446 2373 catenuum
1465 2316 1592 2382 omnium,
1613 2332 1686 2388 quae

342 2401 401 2454 tem
422 2406 486 2452 suut
505 2399 606 2464 fortes,
635 2407 667 2454 ut
693 2416 792 2469 parum
811 2407 906 2456 contra
932 2401 995 2456 illas
1024 2401 1113 2470 possit
1140 2400 1225 2455 etiam
1244 2405 1342 2454 veuurs
1368 2398 1547 2454 validissimus
1577 2403 1684 2452 ιοιιιιι-

342 2476 407 2542 rius,
428 2479 526 2533 nedum
546 2495 616 2533 aura
635 2480 729 2552 quieta
748 2487 778 2536 et
798 2499 857 2536 cum
877 2482 987 2536 Tellure
1007 2480 1173 2536 circumiens.

429 2557 459 2611 si
479 2575 543 2612 vern
557 2559 651 2614 nullae
672 2561 744 2614 tales
758 2569 852 2616 errent
872 2569 996 2625 catenae,
1017 2568 1172 2617 remaneret
1192 2577 1259 2616 sane
1280 2559 1351 2630 lapis
1365 2560 1392 2614 in
1413 2559 1526 2614 aethere
1546 2560 1687 2630 pendulus

342 2638 463 2692 abeunte
483 2638 583 2702 Terra,
605 2657 655 2694 nec
674 2641 808 2697 renideret
828 2643 886 2697 nlla
906 2642 1022 2696 radone.
1064 2642 1142 2697 Facit
1162 2643 1198 2695 ad
1218 2641 1290 2695 hano
1310 2639 1553 2696 considerationem
1572 2646 1603 2695 et
1622 2641 1685 2706 hnc,

342 2719 413 2787 quod
433 2717 524 2772 nudus
541 2718 645 2788 jactus,
666 2737 753 2792 neque
774 2725 862 2793 quoad
883 2722 973 2777 lineae
994 2722 1191 2793 longitudinem
1211 2719 1348 2776 sensibilis
1369 2726 1413 2774 est
1432 2721 1468 2773 ad
1486 2719 1603 2774 Telluris
1625 2721 1684 2776 dia

341 2805 465 2862 metrum,
486 2815 575 2869 neque
596 2803 685 2871 quoad
705 2809 793 2856 motus
814 2802 1004 2872 pernicitatem
1025 2802 1142 2858 Telluris
1167 2809 1380 2872 catenarumque
1400 2817 1450 2856 seu
1469 2799 1579 2854 virtutis
1603 2818 1685 2872 mag-

340 2876 456 2934 neticae.
496 2877 542 2934 Sic
561 2879 648 2952 igitur
667 2899 727 2936 cum
746 2882 853 2938 habeat
872 2883 924 2936 hoc
948 2883 1089 2955 negotium
1109 2889 1139 2938 et
1159 2881 1241 2938 animi
1269 2881 1321 2936 mei
1341 2881 1493 2944 sententia,
1523 2881 1581 2936 noli
1600 2897 1620 2935 a
1639 2899 1684 2936 me

340 2965 445 3028 petere,
466 2965 499 3012 ut
518 2959 663 3016 veritatem
683 2964 797 3032 prodam
818 2966 852 3017 ad
873 2965 1080 3034 comparandum
1101 2963 1179 3034 vulgi
1199 2963 1328 3020 favorem.
1368 2961 1397 3015 Si
1418 2959 1524 3014 consuli
1553 2961 1609 3015 arti
1629 2979 1686 3016 uon

338 3044 433 3110 potest
452 3038 505 3093 uisi
534 3057 584 3109 per
605 3041 729 3106 fraudes,
759 3050 857 3114 pereat
886 3059 965 3098 sane:
995 3043 1141 3099 reviviscet
1161 3060 1270 3113 nemper
1298 3057 1349 3095 nec
1378 3040 1473 3111 procul
1493 3039 1579 3094 oculis
1608 3059 1685 3112 ponc

338 3119 467 3189 exempla
487 3121 639 3175 seculorum
659 3122 835 3193 superiorum,
858 3140 917 3178 curn
936 3124 1111 3180 Aristarchus
1132 3124 1203 3176 hanc
1217 3119 1367 3176 doctrinam
1388 3119 1500 3175 tradidit
1519 3138 1683 3192 oppressus·

339 3215 391 3270 que
412 3207 457 3254 est
476 3199 648 3256 multitudine
669 3209 766 3259 contra
786 3203 975 3268 sentientium,
1008 3205 1053 3275 qui
1073 3203 1210 3258 destinas
1230 3201 1384 3272 opinionem
1412 3200 1465 3255 sibi
1484 3203 1558 3272 apud
1578 3203 1684 3275 vulgus

338 3288 574 3348 comparaverant.
617 3281 743 3338 Seculum
764 3290 826 3338 erat
846 3283 1039 3340 crudissimum.
1075 3281 1210 3338 Occubuit
1228 3282 1337 3354 quidem
1357 3281 1482 3336 tuuoSol
1502 3281 1555 3336 iste
1577 3282 1683 3340 verita·

337 3359 373 3413 tis
404 3359 566 3431 delituitque
585 3378 657 3431 pene
678 3366 730 3417 duo
760 3363 847 3418 millia
867 3381 1011 3419 annorum:
1042 3370 1073 3419 at
1101 3364 1129 3417 id
1157 3381 1211 3417 non
1231 3363 1283 3418 soli
1312 3361 1375 3422 huic
1399 3361 1538 3417 doctrinae
1570 3363 1681 3420 accidit.

336 3439 489 3494 Communis
509 3439 651 3496 literarum
672 3443 814 3498 calanutas
842 3461 893 3514 per
921 3444 1060 3499 interitum
1087 3443 1172 3514 primo
1194 3443 1343 3507 Graeciae,
1374 3449 1437 3512 post
1465 3441 1548 3498 etiam
1568 3443 1681 3507 Italiae,

336 3525 417 3574 unco
437 3519 526 3593 magis
556 3522 657 3592 pressit
675 3523 877 3588 Aristarchum,
908 3531 1010 3595 quanto
1030 3524 1053 3578 is
1074 3531 1137 3579 eret
1156 3523 1490 3592 absurdiora0professus.
1531 3526 1572 3578 At
1600 3523 1683 3580 simul

336 3596 436 3654 literae
456 3607 571 3656 renatae
601 3611 666 3658 suut
685 3603 763 3658 nobis
783 3604 811 3657 in
831 3605 987 3670 Germania,
1009 3605 1088 3660 simul
1107 3604 1284 3660 Aristarchus
1306 3603 1419 3668 revixit,
1441 3621 1495 3658 uon
1515 3602 1624 3675 quidem
1644 3623 1684 3660 ex

335 3679 390 3734 hac
411 3678 489 3734 arida
508 3681 613 3751 stipula
640 3680 756 3738 nominis
782 3684 880 3754 hujus,
910 3687 957 3739 sed
978 3703 1015 3739 ex
1043 3685 1104 3756 ipso
1133 3683 1277 3740 immortali
1306 3683 1406 3738 semine
1436 3683 1576 3747 veritatis,
1608 3702 1682 3756 quae

336 3759 358 3814 G
366 3758 533 3829 opernico
553 3760 592 3816 sic
606 3763 717 3833 aperuit
728 3764 826 3819 mentis
842 3766 956 3830 oculum,
981 3771 1014 3820 ut
1027 3765 1090 3820 clim
1103 3764 1326 3827 Aristarcho,
1347 3763 1455 3834 utrique
1469 3763 1528 3818 siue
1541 3766 1683 3836 exemplo.

337 3839 433 3910 ltaque
454 3840 594 3897 consilium
614 3849 691 3898 tuum
711 3861 811 3917 sequar
824 3844 931 3916 quidem
952 3848 1000 3900 sed
1019 3848 1200 3900 emendatum.
1235 3843 1298 3899 arti
1317 3843 1465 3907 consulam,
1487 3845 1535 3900 sed
1554 3861 1612 3904 non
1630 3863 1684 3917 per

336 3919 593 3978 commendationem
613 3920 740 3996 αἰεχνιας
764 3942 867 3996 perque
881 3926 1065 3996 captationem
1080 3942 1165 3980 auree
1185 3924 1334 3996 popularis.
1367 3923 1398 3978 Si
1417 3923 1485 3979 nihil
1502 3930 1546 3978 est
1567 3927 1682 3982 uaden-

336 4001 398 4057 dnm
417 4000 469 4054 nisi
490 4004 560 4073 quod
580 4003 666 4074 vulgo
686 4005 788 4076 placet,
810 4023 857 4060 cur
877 4005 1070 4061 astronomiam
1090 4006 1253 4069 universam,
1276 4022 1323 4059 cur
1336 4004 1516 4076 geometriam
1536 4005 1682 4073 unimus,

335 4080 528 4137 remotissimae
550 4083 664 4155 evulgi
694 4093 778 4154 captu
806 4085 949 4158 laudisque
978 4086 1038 4141 ideo
1059 4091 1184 4158 egenaei
1212 4086 1282 4150 Quin
1312 4084 1404 4156 petius
1433 4083 1486 4138 boo
1505 4100 1608 4158 agam,
1638 4087 1684 4142 ita

335 4160 513 4230 Ceperuicum
531 4163 560 4218 in
578 4166 752 4220 emendatam
772 4166 964 4222 astronomiam
983 4166 1107 4222 intexam
1127 4165 1237 4237 penitus
1264 4173 1293 4220 et
1321 4165 1478 4236 implectam
1506 4167 1630 4238 adeoque
1648 4174 1684 4224 et

334 4239 362 4294 in
381 4241 532 4312 physicam,
553 4250 585 4299 ut
605 4245 651 4298 vel
670 4243 784 4316 utrique¹
799 4246 879 4302 simul
903 4249 1069 4317 pereundum
1095 4246 1132 4302 sit
1151 4247 1197 4301 rel
1221 4245 1455 4317 supervivendum.
1497 4245 1680 4319 Quamquam,

334 4319 359 4374 si
378 4321 453 4378 locus
467 4331 511 4380 est
524 4323 661 4388 vaticinio,
675 4323 751 4395 prius
772 4325 912 4398 ingentem
932 4327 1007 4382 illam
1020 4327 1118 4383 molem
1132 4327 1262 4382 librorum
1276 4325 1468 4397 pcle'miecrum
1483 4341 1543 4382 cum
1557 4328 1681 4383 aucuri-

333 4402 401 4467 hus,
430 4419 491 4457 cum
520 4403 638 4476 ingeniis
659 4404 757 4460 criticis
789 4407 940 4476 perituram
968 4407 1110 4474 existimo,
1141 4423 1234 4480 quam.
1252 4406 1430 4462 Aristamhus
1459 4411 1489 4462 et
1509 4407 1680 4477 Cepernieur

335 4485 507 4539 deserantur.

421 4563 546 4635 Objectic
565 4569 625 4620 tua
651 4581 670 4620 a
697 4564 787 4620 ventis
814 4567 898 4637 plane
926 4573 1068 4624 ventorum
1097 4575 1223 4624 naturam
1252 4566 1391 4630 imitatur,
1420 4565 1489 4622 nibil
1508 4567 1595 4624 efficit
1625 4567 1683 4626 nisi

332 4643 486 4712 strepitum.
528 4643 661 4716 Quidquid
679 4664 706 4702 u.
727 4647 760 4700 de
779 4645 870 4701 ventis
899 4653 958 4702 tute
987 4648 1047 4719 ipse
1063 4647 1173 4718 judicas
1198 4655 1229 4701 et
1248 4663 1303 4718 ego
1319 4645 1427 4716 judicor
1458 4646 1481 4700 si
1501 4647 1597 4704 Tellus
1626 4666 1681 4720 per

330 4721 459 4794 rapidum
479 4729 571 4780 aerem
591 4733 753 4789 moveretur,
771 4725 835 4796 jure
855 4725 987 4795 objiceres
1007 4735 1149 4782 ventorum
1169 4727 1378 4798 experientiam.
1419 4730 1459 4782 At
1482 4743 1554 4784 auno
1578 4746 1680 4800 vapor,

331 4801 448 4858 materia
467 4811 621 4878 scepturum,
643 4806 769 4862 consistit
788 4806 861 4862 intra
879 4809 1051 4879 complexum
1075 4807 1184 4863 virtutis
1204 4807 1379 4878 magneticae
1399 4807 1531 4871 Telluris;
1562 4825 1683 4882 numque

284 4957 290 4970 ·
335 4881 373 4940 sit
392 4883 565 4940 subrustice
585 4885 927 4956 conduceremus
947 4888 1099 4951 attrahitur
1119 4890 1155 4953 td
1177 4889 1305 4954 Terram,
1333 4886 1372 4946 sic
1399 4887 1480 4948 heile
1508 4890 1683 4954 uenerem
