3606 5562
723 317 763 372 Da
781 319 861 372 Luca
1398 307 1461 382 687

123 495 216 562 GAD
239 495 414 560 diminutum
437 497 483 574 iri,
507 517 541 561 ac
564 496 686 577 proinde
714 497 950 560 accelerationes
973 494 1004 558 in
1028 500 1094 557 toto
1121 494 1174 560 illo
1201 495 1327 558 semisse
1350 462 1464 558 mensis

7 633 8 636 η
122 583 309 667 (inchoando
333 605 352 648 a
375 587 522 667 quadris),
545 586 573 649 in
599 605 654 668 quo
678 587 824 667 reperitur
852 603 1017 667 apogaeum
1040 584 1159 660 Lunae,
1184 585 1247 646 lore
1270 584 1408 657 minores,
1433 583 1463 644 id
1504 657 1516 668 .

7 693 8 732 r
120 676 203 758 qnod
226 693 316 754 snpra
339 676 369 738 in
392 676 544 738 schemate
568 673 616 742 16.
640 675 904 756 praestititnobis
925 682 1067 756 punctum
1091 674 1115 739 C
1139 674 1297 755 aequantia
1320 672 1463 736 menstrui

7 781 8 816 t
121 764 247 844 ejusque
271 763 479 827 eccentricitas
502 764 567 828 AO.
959 769 968 796 ⁴

7 873 8 882 ¹
157 877 163 884 ·
212 851 254 915 Et
276 853 350 918 haec
374 862 459 930 sunt,
491 874 565 935 qnae
589 851 706 917 adhoc
739 873 831 935 usque
856 862 974 932 tempus
997 850 1026 912 in
1051 852 1145 916 lucem
1169 869 1271 914 eruere
1299 848 1401 929 potui:
1431 855 1465 910 at

6 977 7 998 r
120 941 153 1004 in
179 942 347 1022 quantitate
372 942 524 1024 utriusque
547 943 589 1007 rei
614 941 801 1006 concilianda
830 943 992 1006 etiamnum
1021 940 1142 1004 haereo.
1187 941 1266 1004 Nam
1290 939 1314 1000 ei
1339 943 1464 1018 utraque
1546 1003 1547 1008 ,

120 1031 264 1112 aequatio
288 1041 335 1094 cst
358 1032 524 1094 abeodem
548 1034 643 1107 sonte,
676 1033 849 1111 prosnensls
873 1031 999 1112 quidem·
1013 1030 1180 1092 Ptolemaei
1212 1030 1348 1092 ellectum
1373 1027 1465 1090 habet
1582 1087 1592 1108 ,

120 1119 283 1188 maximnm
307 1121 441 1200 (quando
473 1123 637 1203 apogaeum
661 1121 763 1184 Lunae
787 1130 835 1183 est
863 1119 891 1183 in
915 1119 1043 1201 copulis,
1074 1120 1160 1182 Luna
1182 1119 1251 1199 ipsa
1273 1117 1302 1180 in
1326 1116 1464 1198 quadris)

86 1204 91 1213 “
121 1206 243 1290 2⁰30‘,
267 1229 304 1272 ex
327 1210 382 1272 hac
405 1229 475 1274 vero
499 1212 667 1292 quantitate
692 1210 823 1274 nascitur
844 1211 905 1292 jam
928 1209 1029 1291 aliqua
1051 1209 1140 1272 etiam
1164 1206 1342 1271 variationis
1366 1225 1463 1286 qnan-

122 1299 201 1361 titaa
224 1298 415 1374 necessaria,
447 1300 500 1361 sed
524 1319 600 1382 qnae
632 1299 781 1376 nonnullis
811 1298 957 1381 scrupulis
988 1301 1060 1372 (non
1093 1307 1192 1362 tamen
1225 1296 1313 1360 valde
1345 1295 1464 1366 multis)

121 1388 221 1450 distat
243 1395 305 1449 tarn
329 1410 348 1450 a
370 1388 501 1451 maxima
527 1389 693 1452 variatione
716 1387 903 1470 Tychcnica,
935 1407 1022 1470 qnam
1047 1388 1084 1450 ab
1107 1407 1145 1448 ea
1167 1385 1349 1468 quantitate,
1376 1403 1464 1464 qnam

122 1485 210 1540 meus
233 1477 325 1540 efficit
347 1479 480 1540 calculus
503 1487 535 1541 et
557 1477 703 1541 assumtio
727 1478 901 1559 appendicis
923 1477 1004 1540 illius
1035 1473 1114 1540 132ο
1139 1473 1192 1540 45’
1217 1475 1255 1536 ad
1280 1471 1320 1538 12
1343 1475 1464 1536 revolu-

5 1591 7 1632 r
123 1567 224 1628 tiones
248 1565 277 1628 iu
294 1586 350 1628 nno
370 1586 457 1629 anno.
496 1565 596 1640 Quare
616 1567 758 1628 vitandae
781 1567 990 1649 perplexitatis
1010 1585 1102 1628 cansa
1116 1565 1217 1630 finiam
1236 1563 1284 1625 hic
1297 1563 1463 1626 discursum

5 1665 6 1668 ’
121 1674 216 1736 super
238 1674 333 1719 causa
356 1656 508 1738 utriusque
537 1656 679 1740 physica,
712 1665 743 1717 et
764 1675 811 1719 me
835 1665 1005 1720 convertam
1030 1656 1067 1718 ad
1091 1651 1376 1718 demonstrationem
1399 1651 1465 1713 cal·
1601 1729 1606 1742 ι

121 1744 193 1820 culi,
217 1763 293 1826 qnae
317 1745 409 1808 habet
432 1745 547 1826 aliquot
565 1746 699 1826 jucunda
721 1746 909 1808 theoremata
928 1755 960 1808 et
974 1745 1111 1808 ellectum
1133 1741 1327 1823 inopinatum.
1364 1740 1465 1802 Dimi-

121 1833 247 1896 nntions
280 1833 358 1896 enim
390 1835 468 1896 iacta
501 1837 538 1897 de
567 1834 711 1915 gradibus
742 1834 869 1916 singulis
901 1835 1063 1898 distantiae
1087 1833 1238 1896 Lunae¹a
1260 1829 1332 1894 Sole
1364 1829 1464 1902 vst00

120 1923 215 1994 Solis,
239 1922 372 1986 vicissim
396 1923 432 1984 iis
447 1943 619 1986 accrescere
637 1923 702 1986 dico
723 1923 952 1986 accelerationis
976 1922 1183 2005 proportiones
1206 1939 1258 1984 sen
1282 1917 1467 1982 incrementa

119 2013 331 2074 decrescentia
353 2012 383 2074 in
407 2032 444 2076 ea
470 2014 679 2094 proportione,
711 2031 798 2093 quam
826 2021 949 2076 serrant
978 2013 1125 2096 quadrata
1154 2009 1269 2074 sinuum
1302 2007 1466 2070 distantiae

119 2101 227 2164 Lunae
251 2121 270 2162 a
293 2101 434 2182 quadris:
468 2102 546 2166 sicut
576 2104 653 2164 enirn
689 2101 916 2166 accelerationis
940 2103 1025 2184 vigor
1047 2109 1095 2164 est
1117 2100 1146 2164 in
1170 2097 1286 2180 copulis
1309 2097 1466 2170 maximus,

2 2223 7 2264 5
120 2189 170 2251 sic
194 2189 286 2252 etiam
309 2190 391 2254 sinus
415 2189 578 2254 distantiae
602 2193 726 2272 copulae
742 2213 760 2254 a
775 2193 899 2273 quadra,
922 2193 1015 2255 idest
1038 2189 1224 2272 quadrantis,
1248 2194 1297 2250 est
1318 2185 1466 2250 maximus

119 2287 156 2340 et
178 2272 271 2342 totns.
317 2279 411 2341 Porro
436 2281 513 2360 qnod
544 2281 592 2343 hic
626 2281 691 2342 dico
719 2281 797 2343 idem
822 2289 871 2344 est
898 2301 964 2344 cnm
987 2301 1022 2345 eo
1046 2280 1124 2363 qnod
1152 2275 1341 2360 supradixi,
1369 2276 1466 2339 sinum

119 2368 250 2450 primurn
273 2367 436 2432 distantiae
450 2370 554 2432 Lunae
569 2390 588 2433 a
606 2371 721 2451 copulis
736 2379 768 2432 et
785 2371 968 2434 incrementa
989 2369 1177 2452 sequentinm
1197 2366 1297 2430 omnia
1319 2367 1467 2447 quadrata

121 2475 191 2520 esse
220 2457 330 2546 debere
362 2477 517 2522 mensuras
550 2459 798 2522 incrementomm
831 2459 1059 2524 accelerationis
1090 2455 1337 2522 decrescentium.
1386 2455 1466 2517 Nam

121 2545 221 2608 diviso
244 2546 409 2628 quadrante
432 2549 462 2610 in
485 2557 589 2629 partes
612 2550 754 2630 aequales
777 2550 925 2629 minimas,
949 2559 983 2614 nt
1005 2550 1052 2613 hic
1075 2547 1240 2630 quadrante
1257 2543 1326 2622 GN,
1351 2561 1467 2607 enorme

120 2635 240 2698 sinuum
262 2635 302 2698 ad
325 2636 488 2700 divisiones
512 2639 653 2720 aequales
680 2638 814 2718 proxime
838 2649 886 2702 est

120 2725 152 2786 in
166 2723 358 2805 proportione
377 2726 508 2806 sagittae
530 2727 673 2809 cujusque
693 2747 780 2790 arcus
803 2729 885 2792 sinus

1 2821 2 2824 ’
120 2814 192 2877 illos
217 2813 414 2876 continentis:
439 2816 516 2878 sicut
538 2817 616 2878 enim
634 2835 750 2879 summa
767 2817 882 2880 sinuum

121 2923 161 2966 ex
184 2903 228 2975 H,
252 2904 281 2978 Ι,
305 2902 334 2964 K
361 2905 401 2966 ad
430 2905 575 2984 sagittam
600 2903 673 2980 GD,
701 2905 744 2966 sic
768 2925 884 2968 summa

122 2993 244 3054 ainnnm
268 3010 303 3052 ex
326 2993 365 3067 H,
381 2995 404 3069 1,
420 2993 458 3067 K,
475 2994 560 3072 ΒΜ
584 2995 622 3056 ad
646 2994 791 3074 sagittam
815 2991 881 3058 ΟΒ.

1 3155 2 3162 ¹
121 3081 223 3162 Hujus
245 3098 341 3161 prope
357 3083 420 3145 veri
442 3083 639 3146 theorematis
663 3082 886 3146 fundamentum

122 3177 174 3233 est
193 3169 267 3232 illud
285 3170 381 3252 Pappi
404 3172 558 3235 theorema
581 3171 757 3254 simpliciter
774 3191 886 3248 rernm,

122 3258 203 3340 qnod
233 3269 390 3340 segmenta
421 3261 586 3342 superficiei
618 3261 793 3342 sphaericae
825 3263 887 3324 sint

122 3349 153 3412 in
177 3347 369 3432 proportione
393 3369 511 3412 suarum
533 3351 606 3412 exis
637 3350 807 3432 portionum
834 3371 887 3414 seu

123 3438 306 3518 sagittarum
331 3436 398 3514 GD,
424 3433 480 3502 ΘΒ
504 3441 557 3502 hc.
601 3439 705 3502 Posito
737 3441 829 3519 igitur
857 3441 887 3504 N

1 3575 2 3612 ;
124 3527 193 3590 loco
217 3525 320 3588 Lunae
350 3528 379 3588 in
403 3528 533 3608 copulis,
558 3527 588 3591 G
612 3529 677 3592 loco
701 3529 834 3610 ejusdem
857 3531 888 3592 in

1 3677 2 3684 ,
124 3615 259 3697 quadris,
274 3616 300 3678 si
310 3615 449 3696 colligam
464 3618 615 3697 portiones
630 3621 888 3694 incrementomm‚

123 3703 361 3768 accelerationes
376 3697 625 3784 decrescentium,
645 3717 802 3772 servantes
817 3727 889 3789 pro-

122 3792 293 3874 portionem
317 3794 529 3874 quadratorum
552 3799 588 3860 de
612 3799 683 3872 NA,
705 3799 766 3860 ΜΒ
790 3799 853 3874 hc,
877 3816 993 3860 summa
1015 3803 1144 3868 omniunt
1167 3806 1260 3870 totius
1290 3809 1467 3888 quadrantis

123 3882 233 3946 eadem
247 3883 314 3958 erit,
339 3902 414 3964 quae
432 3885 594 3966 colligitur,
619 3887 645 3949 si
659 3887 826 3967 incipiendo
841 3889 880 3949 ab
895 3887 999 3948 eadem
1021 3893 1158 3972 portione
1180 3895 1277 3976 prima
1300 3915 1467 3979 comparem
1574 3901 1579 3910 “

123 3972 210 4036 illam
234 3973 380 4053 quadrato
403 3973 497 4054 ipsine
520 3975 591 4050 AB,
623 3976 705 4038 sinus
729 3995 816 4038 arcus
838 3977 916 4045 ΝΜ,
941 3975 1047 4042 deinde
1075 3983 1206 4065 reliquas
1232 3985 1387 4065 portiones
1409 3990 1466 4051 ad-

124 4060 236 4126 metiar
259 4061 287 4123 iu
311 4063 502 4142 proportione
525 4062 589 4140 Bc,
614 4062 669 4128 01)
692 4065 746 4128 hc.
777 4065 998 4146 quadretomm.
1046 4070 1121 4134 Onm
1153 4081 1253 4137 antem
1285 4065 1373 4137 dethr
1395 4077 1468 4142 mihi

124 4169 244 4214 summa
266 4151 390 4214 effectus
413 4152 507 4214 totins
530 4153 757 4218 accelerationis
779 4171 835 4235 per
857 4162 953 4216 totum
977 4159 1189 4236 quadrantem,
1213 4172 1247 4226 ut
1270 4183 1306 4225 ea
1329 4164 1466 4230 distribui

125 4240 186 4304 rite
209 4239 320 4318 possit,
354 4259 428 4320 opus
458 4241 530 4304 mihi
553 4252 601 4305 est
623 4263 738 4306 summa
770 4242 981 4324 quadratorum
1004 4248 1052 4311 vel
1074 4249 1143 4326 NA,
1167 4251 1227 4315 ΜΒ
1250 4254 1304 4315 hc.
1327 4255 1377 4316 rel
1399 4255 1466 4333 AB,

124 4326 181 4393 BG
205 4329 259 4390 hc.
283 4336 315 4392 et
337 4327 367 4390 in
390 4330 481 4410 priori
513 4331 631 4412 quidem
654 4351 722 4394 mea
752 4332 862 4396 vitiosa
891 4334 986 4396 forma
1017 4337 1141 4417 calculi,
1173 4343 1289 4420 quando
1314 4343 1385 4406 mihi
1407 4364 1467 4408 nou

125 4417 185 4482 init
209 4435 282 4498 opus
306 4419 461 4498 quadratis
492 4418 622 4498 ipsorum
645 4421 711 4498 AB,
734 4419 803 4496 BC,
828 4421 881 4483 sed
904 4421 979 4500 ipsis
1001 4427 1068 4502 AB,
1091 4425 1155 4498 BG,
1186 4448 1243 4493 non
1266 4433 1354 4495 valde
1377 4434 1465 4496 labo·

125 4505 254 4572 randum
277 4507 335 4569 fuit
358 4508 395 4569 de
419 4527 534 4570 summa
557 4509 685 4572 omnium
709 4510 775 4585 AB,
798 4508 862 4573 BC.
908 4511 986 4576 Nam
1011 4516 1093 4578 sinus
1115 4517 1179 4596 ipse
1202 4523 1284 4582 totns
1306 4520 1368 4584 AG
1391 4542 1465 4586 con-

125 4595 247 4660 tinebat
276 4604 379 4676 partes
409 4615 481 4660 suas
512 4617 623 4660 omnes.
670 4601 774 4681 Itaque
805 4619 949 4663 summam
979 4605 1225 4682 accelerationis,
1258 4603 1390 4673 debitam
1416 4611 1466 4675 nni

124 4683 189 4750 NG
213 4685 380 4766 quadranti,
403 4688 610 4750 tantummodo
626 4687 795 4769 comparavi
816 4688 895 4752 sinui
913 4692 969 4754 toti
983 4692 1053 4769 AG,
1078 4713 1222 4760 summam
1241 4715 1312 4760 vero
1335 4700 1466 4764 debitam

126 4774 210 4837 arcui
224 4773 271 4837 Nl
295 4776 486 4858 aequiparari
510 4776 575 4855 ejus
599 4776 676 4840 sinui
690 4775 756 4841 ΔΕ.
793 4777 839 4841 At
861 4780 929 4860 qnia
947 4782 1011 4863 jam
1034 4783 1120 4848 nobis
1142 4803 1216 4865 opus
1240 4794 1288 4849 est
1310 4789 1465 4870 quadratis

90 4905 96 4911 -
126 4865 261 4955 ipsomm
284 4862 350 4940 AB,
374 4864 428 4933 BG
452 4867 518 4943 tec,
541 4865 614 4932 nihil
637 4865 722 4932 nobie
745 4867 869 4951 prodest
890 4869 983 4937 totins
1005 4871 1068 4940 AG
1090 4876 1276 4962 quadratum,
1301 4879 1371 4966 qnia
1392 4879 1465 4952 illud
