3604 5534
282 331 349 400 234
765 331 929 386 ιιιιιιιιιι
948 331 1042 387 sauss
1059 332 1148 386 ιιιιι

369 511 447 576 Hinc
468 511 582 589 videas,
605 511 717 575 nnllam
730 512 848 576 omnino
861 511 892 576 in
911 511 1024 576 usitato
1038 512 1153 580 calculo
1173 514 1263 595 (puta
1279 511 1434 596 irnbiagini
1447 508 1630 594 premeri-

283 603 385 678 dibus)
409 601 591 683 'contingere
615 602 853 684 conjunctionem
875 602 985 666 Martis
1008 609 1041 666 et
1063 601 1160 680 Solis,
1185 623 1261 686 qnae
1284 622 1341 666 nou
1366 605 1406 667 sit
1429 602 1488 678 (uti
1510 603 1632 677 dicunt)

281 710 336 774 per
359 710 476 772 corpus.
522 689 660 762 Quod
635 711 661 754 sr
684 711 785 756 vemm
809 692 860 769 eit,
885 693 998 755 irustra
1020 699 1128 755 natura
1152 701 1421 776 temperamentum
1436 689 1633 756 latitudinum

283 780 466 852 confinxerit,
490 800 527 842 ne
542 780 746 861 corporalibus
761 782 1015 862 conjunctionibus
1030 782 1134 846 crebro
1148 781 1432 865 contingentibus
1404 782 1511 846 nimiae
1526 785 1635 844 essent

282 871 502 954 exagitationss
524 870 727 934 sublunarium
749 871 903 934 virtutum.

371 958 564 1042 Oopemicus,
589 959 788 1024 divitiamm'
782 979 903 1026 suarum
925 962 990 1044 ipse
1011 962 1144 1045 ignarus,
1166 963 1373 1026 Ptolemaeum
1387 961 1444 1025 sibi
1458 960 1634 1042 exprimen-

283 1051 352 1116 dum
374 1049 492 1117 omuino
516 1049 641 1126 sumsit,
665 1069 724 1114 uon
746 1069 844 1114 rernm
866 1058 1021 1128 naturam,
1045 1054 1085 1116 ad
1108 1071 1196 1134 quarn
1219 1060 1320 1116 tamen
1344 1051 1472 1115 omnium
1495 1049 1633 1132 proxime

282 1148 463 1206 accesserat.
500 1136 570 1211 Qua
591 1139 628 1201 de
651 1158 683 1201 ro
706 1139 773 1222 lage
795 1140 957 1204 Rheticum
978 1143 1009 1204 in
1034 1141 1245 1219 „.Narratione
1252 1141 1267 1172 “
1300 1140 1432 1205 Gavisus
1455 1141 1544 1215 enim,
1569 1138 1634 1202 suis

284 1228 623 1313 appropinquationibus
646 1229 775 1293 Telluris
798 1229 837 1292 ad
859 1231 959 1294 sidera
977 1231 1167 1294 latitudinum
1188 1231 1305 1313 species
1321 1231 1433 1312 augeri,
1457 1237 1634 1292 nontamen

282 1339 373 1384 ausus
397 1325 474 1398 ιιι,
496 1317 618 1382 residua
640 1317 831 1382 latitudinum
862 1327 1024 1400 augmenta
1045 1321 1233 1384 Ptolemaiou
1255 1323 1347 1404 (quae
1369 1322 1445 1383 baec
1467 1318 1635 1402 appropin-

283 1401 391 1492 quatio'
409 1408 538 1470 Telluris
553 1427 611 1470 non
631 1411 857 1490 assequeretur)
871 1409 1006 1491 rejicere,
1031 1411 1086 1474 sed
1104 1412 1153 1484 (ut
1168 1419 1200 1474 et
1216 1411 1272 1474 illa
1285 1410 1480 1492 exprimeret)
1493 1409 1635 1471 libratio

283 1519 337 1563 nes
366 1498 523 1580 planorum
555 1499 789 1561 ecoentricomm
818 1500 979 1574 confinxit,
1003 1500 1108 1581 quibus
1130 1499 1334 1564 inclinationis
1358 1499 1484 1581 angulus
1509 1498 1634 1573 (Ptole-

284 1607 370 1652 maeo
394 1593 536 1650 constans
565 1594 596 1648 et
618 1582 914 1668 fixus)·variaretur,
944 1597 1034 1670 atque
1058 1590 1087 1652 is
1109 1591 1201 1672 (qnod
1225 1591 1349 1654 monstri
1373 1589 1470 1655 simile
1493 1589 1549 1662 sit)
1573 1605 1634 1649 non

283 1678 323 1742 ad
345 1678 430 1757 leges
452 1683 584 1738 motuum
608 1677 917 1762 ecoentrici'proprii,
947 1680 1001 1743 sed
1023 1679 1152 1743 Telluris
1182 1678 1263 1744 orbis
1290 1681 1388 1762 plane,
1405 1677 1511 1742 alieni·
1551 1675 1636 1762 Vide
1706 1677 1709 1682 “

282 1766 481 1851 Copamicum
504 1764 570 1829 libr.
595 1767 652 1829 VI.
677 1784 742 1846 cap.
770 1767 798 1832 1.

371 1855 447 1920 Cum
469 1855 526 1917 hac
548 1854 750 1937 impertinenti
774 1856 959 1920 diversomm
982 1855 1096 1919 orbium
1119 1854 1310 1938 colligatione
1334 1875 1428 1919 causa
1450 1861 1550 1918 motus
1569 1853 1637 1928 (in-

283 1945 462 2010 credulitate
477 1962 544 2007 msa
558 1948 708 2021 armatus)
729 1965 847 2027 semper
860 1946 999 2027 pugnavi,
1023 1946 1152 2013 nondum
1167 1947 1258 2008 etiarn
1280 1946 1354 2009 visis
1375 1943 1637 2011 observationibus

283 2035 443 2122 Tychonis.
487 2033 587 2107 Quo
579 2035 741 2116 impensius
765 2035 836 2097 mihi
859 2036 1008 2116 gratulor,
1032 2036 1259 2136 observationes
1283 2055 1399 2099 mecum
1422 2043 1520 2144 stare,
1546 2040 1581 2097 ut
1604 2033 1638 2138 in

283 2125 385 2190 multis
408 2124 476 2188 aliis
497 2124 726 2206 praeconceptis
749 2124 948 2206 opinionibus.

371 2213 434 2280 Sed
457 2233 493 2276 ne
517 2213 582 2296 quis
605 2215 643 2278 ob
660 2213 748 2277 boc
740 2229 836 2295 rpsum
858 2214 930 2278 mihi
953 2215 1041 2277 fidem
1065 2215 1205 2296 deroget.
1230 2215 1308 2296 quod
1323 2214 1551 2278 observationes
1568 2229 1638 2275 cnm

210 2304 217 2315 ‘
283 2303 466 2388 praejudicio
489 2311 627 2380 tractem,
651 2321 689 2365 en
707 2303 771 2384 J'arn
795 2303 975 2366 solidissime
999 2305 1219 2381 demonstravi,
1253 2303 1430 2368 librationes
1457 2303 1637 2366 inclinatio-

283 2413 354 2459 num
385 2393 516 2457 ecceutri
544 2391 643 2456 nullae
671 2411 748 2455 esse.
805 2392 912 2456 Tribus
945 2394 1023 2456 enim
1055 2395 1151 2458 modis
1172 2393 1402 2474 investigandae
1425 2391 1636 2456 inclinationis

284 2483 431 2546 maximas
457 2481 638 2563 propositis,
670 2482 701 2545 in
728 2481 823 2563 primo
847 2481 900 2545 Sol
928 2489 995 2545 erat
1020 2484 1100 2547 circa
1129 2485 1252 2548 sextiles
1281 2491 1313 2546 et
1344 2483 1484 2565 quintiles
1508 2481 1633 2556 Martis,

282 2575 340 2636 hoc
363 2578 412 2634 est
424 2578 487 2633 tam
502 2571 683 2652 propinquus
699 2571 899 2652 conjunctioni
912 2572 1033 2649 Martis,
1056 2593 1144 2655 quarn
1160 2592 1253 2655 prope
1268 2573 1352 2635 Mars
1366 2573 1461 2635 videri
1476 2581 1507 2636 et
1522 2571 1634 2635 obser-

185 2658 188 2666 ’
282 2663 346 2726 vari
370 2659 508 2742 expedite
531 2667 648 2741 potest3
671 2661 702 2723 in
725 2659 856 2723 secundo
880 2669 946 2724 erat
967 2663 998 2725 in
1022 2664 1168 2743 quadrato
1191 2663 1292 2738 Mars;
1320 2661 1350 2724 iu
1374 2663 1464 2725 tertio
1487 2663 1577 2744 plana
1601 2661 1634 2724 in

283 2749 420 2834 opposito
444 2749 518 2830 ejus.
564 2750 610 2813 At
631 2750 661 2811 iu
685 2750 821 2812 omnibus
843 2749 939 2813 tribus
962 2749 1038 2814 locis
1062 2750 1133 2815 Sola
1156 2759 1313 2827 versante,
1347 2751 1426 2822 diu
1450 2753 1555 2814 eodem
1580 2769 1635 2814 eo-

284 2839 409 2904 centrici
431 2839 477 2902 sui
500 2839 565 2901 loco
589 2839 770 2916 consistens,
807 2859 895 2903 nnanr
925 2847 955 2902 ιι
978 2841 1103 2904 eandem
1126 2841 1348 2905 inclinationem
1371 2841 1476 2904 limitis
1499 2836 1554 2917 (¹⁰
1578 2837 1637 2904 50¹

218 2966 221 2978 ·
284 2931 418 3004 circiter)
450 2927 479 2990 iu
508 2927 639 3004 boream,
671 2935 702 2990 et
728 2929 758 2990 in
788 2930 928 3010 opposito
960 2931 1026 2994 loco
1055 2931 1232 2994 tantundem
1264 2929 1293 2992 in
1318 2937 1451 2993 austmm
1474 2929 1635 3012 prodebat.

285 3015 337 3084 Sic
359 3018 458 3099 capite
481 3017 553 3081 XII.
578 3019 678 3080 Marte
700 3025 782 3080 motu
807 3019 972 3082 eccentrico
996 3020 1025 3082 in
1050 3021 1136 3083 nodis
1159 3027 1301 3082 versante
1325 3019 1475 3101 apparuit,
1499 3039 1636 3101 quocun-

285 3127 341 3193 que
363 3109 429 3171 loco
453 3107 499 3170 sui
521 3107 601 3171 orbis
625 3106 679 3170 Sol
702 3107 892 3171 constitisset
915 3111 984 3183 (sen
1006 3111 1158 3191 proximus
1173 3110 1267 3172 Marti
1290 3128 1344 3172 seu
1368 3109 1406 3172 ab
1430 3129 1465 3172 eo
1488 3111 1637 3183 remotus)

283 3199 395 3263 nnllam
417 3214 547 3278 unquam
570 3197 667 3260 visam
688 3216 755 3260 esse
772 3197 881 3260 Martis
895 3199 1094 3262 latitudinem.
1131 3199 1173 3262 Et
1185 3199 1264 3260 inira
1278 3206 1364 3279 parte
1383 3199 1487 3281 quinta
1501 3198 1637 3281 pluribus

284 3287 468 3371 probabitur,
483 3293 672 3350 constantem
682 3306 748 3349 esse
759 3288 988 3350 declinationem
999 3289 1103 3376 cuique
1114 3289 1178 3350 loco
1190 3288 1306 3350 orbitae
1312 3289 1421 3350 Martis
1432 3289 1470 3351 ab
1481 3289 1634 3370 ecliptica

372 3379 479 3458 ltaque
513 3376 569 3438 hoc
600 3377 769 3439 firmissime
793 3379 1022 3454 concludamus,
1054 3377 1277 3440 inclinationem
1307 3377 1462 3458 planorum
1486 3377 1650 3443 eccentri-·

286 3484 387 3528 comm
415 3465 455 3526 ad
483 3465 653 3546 eclipticam
676 3467 743 3540 (cur
767 3465 844 3528 enirn
867 3485 925 3528 nou
947 3467 977 3529 in
1000 3485 1109 3548 genere
1132 3466 1323 3541 concludam,
1348 3465 1424 3548 qnod
1448 3475 1482 3530 nt
1504 3467 1554 3530 uni
1577 3469 1638 3532 soli

285 3555 427 3636 planetae
450 3552 537 3630 insit,
562 3573 684 3618 causam
706 3555 818 3617 nullam
841 3556 957 3618 habet?
987 3556 1121 3638 quamvis
1144 3555 1223 3618 idern
1247 3564 1278 3619 et
1301 3555 1330 3617 in
1353 3557 1473 3619 Venere
1497 3565 1529 3620 ἰι
1551 3559 1639 3622 Mer-

286 3644 368 3707 curio
406 3663 443 3705 ex
474 3642 732 3707 observationibus
764 3644 1002 3710 demonstratum
1034 3645 1175 3720 babeam)
1202 3645 1292 3726 plane
1319 3645 1395 3716 nihil
1421 3646 1542 3710 variari.
1594 3647 1639 3710 Et

287 3733 336 3814 qui
359 3733 563 3796 Ptolemaeum
587 3733 729 3816 seqnitur,
753 3731 779 3793 is
802 3734 870 3796 binc
894 3733 1000 3810 discat,
1025 3736 1146 3816 planum
1170 3734 1295 3817 epicycli
1319 3734 1484 3815 parallelon
1509 3755 1577 3799 essa
1597 3737 1638 3798 ad

285 3823 406 3904 planum
429 3821 586 3901 eclipticas
609 3831 761 3904 perpetuo.
794 3821 873 3885 Nam
896 3822 927 3885 id
945 3824 974 3885 iu
997 3823 1141 3888 limitibus
1160 3832 1263 3887 centro
1278 3831 1418 3886 versante
1428 3825 1492 3906 jam
1509 3827 1639 3888 demon-

286 3909 415 3975 stiatum
445 3918 511 3972 est:
544 3911 573 3974 in
597 3913 683 3974 nodis
706 3931 776 3974 vero
800 3920 941 3974 versante
965 3921 1082 3990 centro,
1111 3913 1275 3996 epicyclum
1297 3913 1387 3997 plane
1411 3914 1440 3975 in
1465 3915 1636 3997 eclipticam

286 4001 422 4066 omnibus
442 4000 579 4082 partibus
602 4009 771 4082 competere
795 4014 892 4082 supra·
907 4021 973 4081 cap.
997 4002 1069 4066 XlI.
1094 4002 1252 4084 probatum
1276 4011 1331 4066 est.
1647 4007 1648 4012 ’

374 4089 444 4152 Jam
467 4090 537 4171 quis
556 4090 629 4152 mibi
651 4092 762 4153 iontem
785 4090 919 4171 porriget
941 4090 1143 4164 lacrimarum,
1176 4093 1281 4176 quibus
1310 4110 1348 4154 ex
1369 4091 1476 4154 merito
1500 4111 1554 4155 sno
1577 4095 1648 4158 de-‘

286 4182 399 4265 plorem
421 4178 621 4243 miserabilein
644 4180 801 4261 Apiani
825 4181 1012 4258 industriam,
1036 4182 1087 4263 qui
1109 4182 1138 4243 in
1156 4201 1209 4245 sno
1233 4181 1357 4260 Opere
1382 4179 1636 4259 ansareo¹')

288 4267 455 4334 Ptolemaei
476 4270 564 4332 fidem
587 4278 707 4332 secutus
731 4277 777 4332 tot
799 4271 894 4333 bonas
917 4271 1005 4334 horas
1029 4269 1187 4350 impendit,
1219 4278 1266 4333 tot
1288 4271 1546 4351 ingeniosissimos
1567 4293 1637 4335 rne-

286 4360 450 4434 ditaticnes
472 4357 618 4442 perdidit,
647 4366 681 4420 ut
713 4358 802 4439 spiris
831 4367 863 4421 et
886 4360 1005 4423 corollis
1029 4368 1061 4422 ιι
1083 4359 1227 4423 belicibus
1251 4359 1286 4422 ιι
1305 4359 1415 4423 volutis
1438 4369 1471 4423 ιι
1492 4361 1634 4426 universo

286 4449 338 4513 illo
360 4448 651 4512 intricatissimorum
674 4447 803 4509 flexuum
825 4449 994 4532 labyrintho
1019 4451 1162 4530 figmenta
1180 4449 1328 4512 bominum
1344 4449 1533 4528 exprimeret,
1558 4447 1635 4535 quae

287 4546 396 4602 natura
421 4557 519 4601 rerum
541 4555 595 4618 pro
612 4536 675 4600 suis
698 4536 787 4617 plane
811 4555 868 4598 non
893 4539 1055 4618 agnoscit?
1094 4537 1155 4602 Sed
1178 4537 1311 4602 ostendit
1333 4538 1420 4600 nobis
1431 4535 1488 4601 'vir
1510 4540 1577 4617 ille,
1603 4561 1636 4605 ιι

288 4627 397 4691 divinis
425 4626 538 4708 ingenii
567 4623 817 4710 perspicacissimi
851 4627 971 4692 dotibus
1001 4629 1090 4692 facile
1118 4636 1242 4691 naturae
1266 4645 1369 4708 parem
1392 4646 1459 4690 esse
1482 4631 1635 4710 potuisse:

288 4717 325 4779 de
348 4723 448 4780 cetero
473 4717 601 4780 animum
625 4713 789 4779 oblectavit
811 4734 896 4778 suurn
917 4718 1090 4800 praestigiis
1104 4717 1186 4780 hisce
1201 4717 1245 4791 (in
1261 4715 1365 4798 quibus
1380 4724 1519 4782 naturam
1533 4719 1633 4800 ipsam

169 4849 172 4854 -
288 4807 519 4886 provocaverat)
542 4805 704 4870 fortissime
728 4803 879 4886 superatis
903 4814 935 4868 et
956 4808 987 4869 in
1010 4809 1167 4870 schemata
1184 4804 1339 4886 conjectis,
1361 4805 1549 4890 palmamque
1564 4809 1633 4872 inde

290 4895 389 4959 sanae
412 4893 551 4976 perennio
574 4901 624 4958 ιιι
646 4895 790 4975 adeptus,
820 4890 958 4976 quicquid
981 4895 1120 4979 operibns
1144 4895 1217 4978 ipsis
1237 4890 1356 4958 iortuna
1378 4893 1438 4957 ists
1461 4896 1635 4962 detrimenti
