3674 5532
324 299 389 370 320
744 271 747 278 ’
801 301 841 356 ne
860 303 967 355 ureae.
986 300 1079 354 sena
1096 301 1185 354 uun

324 481 415 546 etiarn
439 483 613 563 repelleret:
638 483 715 564 quod
737 489 851 564 pugnat
874 501 940 547 cmn
962 481 1158 564 simplicitate
1180 480 1298 546 Solaria
1321 481 1464 563 corporis.
1512 479 1573 555 Qui
1595 497 1668 543 vero

324 570 467 651 peculiari
491 571 619 652 quadam
642 571 757 635 ratione
781 572 859 636 banc
882 573 1111 636 translationem
1142 571 1171 634 in
1195 590 1372 634 consensum
1396 579 1530 635 mutuum
1553 569 1670 651 corpori

324 659 406 724 Solle
430 668 461 723 et
482 661 624 742 planetae
648 663 755 736 refert,
789 661 815 722 is
838 669 935 725 totam
957 663 1044 742 hujus
1072 661 1180 742 capitis
1203 661 1359 728 materiam
1388 660 1491 723 aliter'
1505 661 1669 724 informat:

231 753 241 774 “
324 769 417 832 eoque
441 749 559 813 nomine
582 751 755 831 deputatum
780 759 828 812 est
849 751 929 814 inira
951 751 1017 814 buic
1040 751 1082 814 rei
1105 751 1255 831 peculiare
1280 757 1370 831 capot
1391 749 1491 813 LVII.

412 840 509 902 Vides
541 839 637 902 lector
668 839 857 903 considerate
880 849 912 903 et
934 839 1103 920 ingeniose,
1135 841 1214 921 quod
1242 840 1316 902 baec
1339 839 1439 920 opinio
1468 840 1505 902 de
1533 839 1670 921 perfecto

324 929 435 992 circulo
467 929 635 992 eccentrico
665 929 783 992 itineris
813 930 974 1011 planetarii
1006 931 1101 993 multa
1133 928 1320 993 incredibilia
1351 930 1380 990 in
1413 928 1670 1009 speculationibus

324 1017 457 1101 physicis
480 1019 630 1093 involvat3
654 1038 713 1080 non
732 1019 850 1099 quidem
873 1020 951 1100 quod
974 1017 1057 1083 Solis
1081 1019 1259 1082 diametrum
1281 1017 1372 1080 menti
1395 1017 1583 1099 planetariae
1615 1035 1671 1100 pro

324 1107 409 1188 signo
439 1107 539 1188 ponit:
573 1107 665 1170 faciet
694 1108 772 1171 euim
803 1108 833 1170 id
862 1109 989 1172 forsitan
1018 1109 1084 1188 ipsa
1111 1108 1203 1170 etiarn
1232 1107 1390 1170 verissima
1418 1108 1584 1183 seutentia3
1617 1106 1672 1170 sed

325 1195 403 1278 quod
424 1196 612 1260 incredibilia
634 1198 834 1261 transscribat
857 1206 888 1260 et
909 1199 1002 1262 menti
1025 1207 1057 1260 et
1080 1198 1196 1260 animae
1220 1197 1345 1261 matrici.

410 1287 457 1349 At
478 1306 542 1362 nos,
567 1287 616 1367 qui
639 1305 710 1349 vero
728 1288 886 1370 propinqui
908 1307 1020 1364 sumus,
1039 1289 1103 1369 jam
1126 1305 1215 1369 porro
1239 1287 1459 1369 speculationes
1482 1285 1570 1357 istas,
1592 1303 1670 1348 non·
1729 1284 1737 1306 ⁸

326 1376 397 1438 dum
419 1375 491 1438 licet
514 1375 641 1456 undique
663 1377 825 1457 periectas,
846 1377 971 1441 idoneas
995 1387 1096 1441 tamen
1119 1377 1249 1440 motibus
1265 1375 1358 1450 Solis,
1380 1376 1410 1438 in
1434 1393 1573 1438 numeros
1595 1394 1671 1438 con-

319 1465 413 1547 jicere
443 1464 602 1528 discemus.
647 1466 786 1532 Proderit
817 1467 939 1531 tandmu
969 1467 1008 1530 ad
1039 1467 1221 1530 exactiorem
1252 1465 1315 1528 veri
1345 1464 1563 1543 inventionem,
1595 1483 1671 1548 quaa

323 1561 493 1620 reservatur
515 1554 545 1618 in
568 1563 661 1638 caput
681 1556 782 1632 LVII,
806 1575 862 1622 nos
884 1557 934 1620 bic
958 1557 1051 1623 inisse
1073 1556 1156 1644 prius
1179 1555 1372 1621 exercitatos.

899 1787 1091 1802 Μ

862 1913 1000 2067 'Caput
1032 1965 1113 2045 XL.

326 2123 495 2192 Metbodua
516 2128 710 2214 imperfecto,
735 2125 937 2210 ceqrmdoraee
960 2147 1000 2192 ca
1009 2128 1147 2213 physica
1169 2125 1333 2212 bppctbcri
1355 2123 1568 2211 compectnradi,
1591 2143 1674 2210 qnae

633 2225 738 2282 tomen
759 2216 870 2300 aspicit
890 2217 1030 2280 theorice
1053 2215 1140 2280 Solis
1161 2215 1209 2281 cel
1232 2217 1362 2280 Tenue.

380 2409 382 2416 ,
415 2359 491 2422 Tam
522 2360 641 2441 prolixa
668 2337 871 2439 disputatione
894 2375 969 2438 opus
999 2358 1070 2432 fuit,
1103 2365 1137 2420 ut
1164 2361 1216 2422 via
1242 2364 1407 2421 strueretur
1435 2356 1473 2418 ad
1506 2355 1674 2419 naturalem

327 2449 535 2530 aequationem
558 2450 695 2525 formam,
719 2449 756 2510 de
779 2467 838 2530 qna
857 2457 944 2528 parte
968 2455 1076 2529 quarta
1097 2448 1185 2528 plura
1207 2467 1272 2512 sum
1295 2455 1426 2512 acturus.
1472 2445 1559 2508 Nunc
1582 2444 1672 2507 rede-

326 2538 437 2602 undum
470 2537 726 2621 adaequationes
757 2537 888 2599 eccentri
911 2537 992 2604 Solis
1024 2536 1055 2598 in
1079 2537 1192 2618 specie,
1225 2555 1301 2619 quae
1323 2535 1483 2617 potissima
1504 2541 1553 2598 est
1583 2534 1673 2614 hujus

327 2627 423 2708 partis
453 2627 562 2690 tertiae
581 2627 731 2702 ,materia
764 2633 795 2689 et
817 2626 900 2708 cujus
932 2626 1033 2708 gratia
1054 2627 1222 2707 praemissa
1253 2635 1323 2690 sunt
1354 2623 1507 2706 generalia
1537 2623 1592 2687 illa
1618 2642 1674 2705 per

328 2716 430 2799 capita
452 2715 474 2782 8
496 2717 716 2799 praecedentia.

414 2806 532 2870 Primus
555 2823 638 2870 mens
661 2825 744 2870 error
767 2805 840 2880 luit,
860 2805 943 2867 viam
965 2805 1105 2886 planetae
1128 2805 1294 2885 perfectum
1318 2823 1386 2867 essa
1410 2802 1561 2876 circulum,
1585 2807 1673 2864 tanto

328 2896 484 2963 nocentior
498 2898 643 2978 temporis
666 2897 722 2972 fur,
746 2902 858 2978 quanto
873 2901 941 2957 erat
954 2895 991 2957 ab
1008 2892 1188 2958 auctoritate
1203 2895 1330 2958 omnium
1352 2890 1599 2974 philosophorum
1623 2890 1673 2953 in-

329 2985 471 3051 structior
498 2995 531 3049 et
557 2986 781 3070 metaphysicae
813 2985 843 3047 in
871 2983 970 3065 specie
993 2982 1225 3047 convenientior.
1270 2983 1321 3046 Sit
1351 3001 1422 3063 ergo
1452 2981 1503 3043 via
1532 2981 1674 3062 planetae

327 3077 479 3162 perlectus
503 3076 702 3140 eccentricna:
727 3093 796 3138 nam
819 3073 960 3138 insensile
984 3080 1033 3136 eat
1053 3073 1083 3136 in
1106 3073 1222 3136 theoria
1245 3069 1336 3149 Solis,
1360 3079 1502 3154 quantum
1524 3070 1552 3132 el
1575 3069 1673 3132 avalia

329 3165 432 3230 forma'
446 3165 586 3229 detrahit
627 3163 712 3236 Quae
735 3183 805 3228 vero
827 3171 949 3245 prepter
971 3163 1049 3225 banc
1065 3161 1265 3226 deviationem
1286 3169 1357 3225 sunt
1379 3160 1551 3224 necessaria
1573 3159 1674 3222 futura

233 3251 241 3264 ‘
329 3255 359 3319 in
383 3256 514 3335 planetis
537 3255 657 3331 ceteris,
680 3254 761 3318 inira
784 3260 945 3334 sequentur
968 3271 1034 3334 cap.
1057 3251 1133 3315 LIX
1146 3260 1178 3314 et
1197 3251 1264 3318 LX.
1303 3250 1380 3317 Cum
1402 3269 1474 3332 ergo
1488 3250 1550 3312 sint
1571 3267 1674 3312 morae

328 3346 469 3426 planetae
496 3343 528 3406 iu
557 3343 733 3424 aequalibus
756 3343 886 3406 eccentri
908 3341 1047 3425 partibus
1070 3342 1108 3403 ad
1135 3341 1262 3404 invicem
1284 3340 1315 3404 in
1338 3359 1375 3402 ea
1403 3339 1611 3423 proportione,
1643 3338 1674 3399 in
1726 3369 1731 3380 ·

330 3451 390 3511 qua
411 3437 482 3493 anot
503 3431 588 3510 ipsae
611 3433 740 3511 partium
761 3432 881 3496 illarum
904 3431 1084 3506 distantiae,
1106 3437 1141 3492 at
1160 3438 1272 3512 puncta
1294 3429 1413 3511 singula
1435 3431 1466 3491 in
1488 3435 1554 3491 toto
1578 3425 1673 3490 semi-

330 3518 440 3582 circulo
464 3519 594 3581 eccentri
618 3519 794 3582 distantiam
817 3529 949 3596 mutent,
980 3539 1039 3584 non
1061 3521 1156 3582 levem
1180 3537 1300 3600 operam
1323 3519 1394 3582 mihi
1417 3518 1527 3592 sumai,
1558 3527 1593 3580 ut
1623 3516 1674 3578 in-

331 3606 486 3686 quirerem,
511 3605 656 3684 quomodo
680 3607 862 3686 singularum
886 3609 1095 3672 distantiarum
1118 3627 1250 3672 summae
1279 3608 1384 3672 baberi
1415 3614 1549 3690 possem
1593 3605 1674 3669 Nam

332 3694 390 3758 nisi
407 3711 553 3756 summam
567 3693 705 3770 omnium,
729 3713 805 3776 quae
829 3703 900 3757 aunt
922 3707 1022 3761 tamen
1038 3699 1180 3776 infinitae,
1204 3697 1403 3775 babuerimus,
1428 3717 1487 3760 non
1509 3695 1675 3778 poterimus

331 3782 447 3857 dicere,
465 3790 578 3865 quanta
593 3782 635 3845 sit
656 3784 797 3865 cujusque
822 3800 919 3846 mora:
945 3805 1037 3867 qnare
1051 3789 1189 3869 aequatio
1211 3787 1406 3869 ignorabitur.
1442 3787 1486 3850 Ut
1507 3785 1584 3848 enim
1606 3791 1676 3848 tota

330 3891 447 3936 summa
460 3872 670 3936 distantiarum
684 3873 784 3936 estad
799 3879 917 3953 tempus
935 3881 1032 3937 totum
1050 3878 1242 3958 periodicnm,
1258 3876 1301 3940 sic
1316 3896 1388 3958 pars
1404 3894 1537 3939 summae
1554 3873 1674 3936 distau-

330 3963 440 4028 ciarum
454 3963 620 4043 quotalibet
635 3962 673 4023 ad
688 3981 772 4026 auum
789 3970 916 4042 tempus.
947 3963 1043 4044 Igitur
1056 3967 1142 4029 initio
1157 3975 1326 4030 eccentrum
1341 3965 1421 4028 secui
1435 3965 1466 4027 in
1479 3971 1582 4046 partes
1599 3959 1675 4038 360,

333 4052 419 4133 quasi
442 4052 499 4114 bae
522 4058 625 4114 esseut
647 4051 786 4117 minimae
808 4052 989 4133 particulae,
1012 4061 1044 4115 et
1065 4057 1168 4134 posui,
1192 4057 1269 4139 qnod
1292 4055 1372 4118 intra
1394 4071 1483 4117 unam
1505 4051 1675 4133 hujusmodi

328 4149 445 4223 partem
476 4141 625 4205 distantia
656 4141 730 4204 nihil
761 4147 899 4204 mutetur.
945 4141 1117 4207 Distantias
1148 4145 1241 4226 igitur
1273 4145 1311 4206 ad
1342 4143 1429 4206 initia
1458 4141 1588 4224 partium
1621 4159 1676 4204 seu

328 4232 474 4330 gradnmn
495 4230 637 4295 methodo
661 4229 770 4312 capitis
785 4229 904 4295 XXIX.
920 4230 1109 4312 investigavi,
1134 4254 1244 4317 easque
1267 4234 1296 4297 in
1320 4253 1408 4297 unam
1432 4249 1575 4296 summam
1599 4247 1675 4293 con·-

327 4321 399 4401 jeci.
444 4320 558 4383 Postea
580 4321 706 4401 tempori
729 4320 920 4397 revolutcrio,
946 4323 1081 4402 quamvis
1105 4324 1256 4387 definitum
1280 4331 1362 4387 esset
1384 4317 1448 4388 365
1472 4323 1576 4385 diebus
1599 4327 1632 4382 et
1654 4314 1675 4381 6

328 4410 421 4484 horis,
444 4409 524 4473 aliud
548 4417 581 4473 et
602 4409 760 4472 rotundum
782 4427 888 4472 nomen
910 4411 1007 4492 posui,
1030 4411 1151 4493 dixique
1169 4413 1248 4476 'illud
1270 4413 1371 4476 valere
1397 4413 1510 4493 gradus
1533 4405 1598 4476 360
1621 4431 1676 4474 eeu

329 4499 477 4580 integrum
490 4499 641 4575 circulum,
664 4501 714 4582 qui
736 4507 784 4562 est
797 4500 875 4581 apud
890 4509 1079 4564 astronomos
1098 4502 1249 4564 anomalia
1269 4501 1379 4565 media.
1415 4503 1459 4566 Ut
1474 4520 1545 4583 ergo
1560 4519 1676 4564 summa

331 4589 541 4652 distantimum
564 4589 601 4652 ad
625 4607 769 4652 summam
791 4590 948 4670 temporis,
971 4591 1014 4654 sic
1037 4592 1148 4654 babere
1171 4591 1229 4654 ieci
1252 4591 1416 4674 quamlibet
1438 4589 1613 4654 distantiam
1636 4591 1676 4654 ad

332 4698 417 4743 suum
441 4685 568 4762 tempus.
605 4678 742 4762 Denique
764 4686 901 4759 tempora
923 4699 977 4760 per
1000 4677 1134 4762 singulos
1148 4681 1259 4762 gradem
1283 4680 1477 4757 accumulavi,
1495 4681 1675 4764 collatisque

329 4767 377 4830 bis
406 4768 605 4849 temporibus,
639 4788 691 4832 seu
719 4767 861 4848 gradibus
894 4769 1060 4832 anomaliae
1092 4770 1208 4832 mediae
1238 4787 1304 4832 cum
1331 4768 1473 4849 gradibus
1505 4771 1675 4834 anomaliae

331 4857 477 4933 accentui,
511 4877 564 4920 seu
590 4877 657 4922 cum
689 4875 810 4922 numero
837 4858 983 4938 partium,
1017 4858 1056 4921 ad
1079 4879 1154 4942 quas
1180 4877 1273 4944 usque
1296 4857 1496 4940 quaerebatur
1518 4859 1675 4937 distantia,
