3552 5562
335 305 380 386 ιθ
710 367 714 375 ,
752 305 853 370 thcrss
870 315 972 382 Keplsrt
991 315 1140 384 altorumque
1157 319 1259 368 mutuas

214 571 218 581 Ι
334 496 419 560 illem
443 516 608 577 φαηιισιαι
630 493 668 556 de
691 493 811 576 gemino
844 495 952 558 stellae
979 497 1124 578 perigaeo
1147 495 1248 560 causis
1272 489 1341 565 aliis
1364 492 1611 558 concurrentibus
1628 491 1680 552 ad-

328 585 436 666 juvare
458 591 569 667 potest.
616 583 721 648 Simile
743 583 792 646 his
816 592 918 648 estet
934 587 1040 667 procul
1058 585 1148 650 duhio
1164 603 1202 648 ex
1218 585 1323 648 eadem
1339 603 1433 646 causa
1447 601 1585 658 manans,
1607 580 1681 684 quod

331 668 525 740 Ptolemaeus
548 673 671 756 ejusque
693 674 743 736 hic
766 671 931 737 imitator'
923 694 953 737 ιι
982 675 1043 739 ιιιι
1065 673 1233 758 hypothesi
1264 673 1450 755 Gopemicns
1467 677 1536 742 (ub.
1557 670 1643 739 Vl)
1636 691 1679 731 m-

333 763 512 828 clinationes
534 762 722 843 planorum
711 783 745 824 m
768 761 899 843 planetis
923 763 1084 830 libratione
1108 765 1218 846 aliqua,
1242 783 1318 846 quae
1342 764 1384 826 sit
1405 758 1585 825 revolutioni
1603 757 1680 822 Solis

334 851 486 932 ἀιαλογος,
508 851 669 914 instabiles
690 851 828 914 reddunt.
875 853 911 914 Id
933 854 1007 916 mihi
1030 871 1148 934 semper
1170 854 1301 917 alienum
1324 873 1343 913 a
1365 859 1473 916 ιιιιιιι
1494 849 1603 923 visum,
1626 847 1681 910 etsi

333 942 451 1025 quidem
474 941 690 1004 latitudinum
680 960 713 1003 ru
728 959 794 1004 meo
813 940 918 1004 libello
933 963 992 1006 non
1008 943 1066 1006 feci
1080 943 1271 1019 mentionem,
1292 949 1324 1004 at
1339 939 1546 1022 deprehendi
1538 959 1570 1000 m
1584 939 1679 1000 blarte

331 1029 556 1096 inclinationem
587 1030 671 1110 plani
702 1031 995 1108 constantissimam,
1026 1033 1145 1115 quoties
1174 1032 1205 1094 in
1227 1032 1364 1094 eundem
1396 1029 1493 1094 locum
1524 1025 1679 1094 eccentrici

328 1120 475 1194 recurrit,
499 1139 738 1204 quommcunque
763 1121 858 1182 Terra
880 1121 1058 1184 recesserit
1088 1123 1173 1186 Idem
1195 1121 1226 1186 in
1241 1121 1361 1184 Venere
1385 1125 1417 1181 et
1430 1118 1581 1184 Mercurio
1604 1117 1681 1180 circa

330 1211 428 1274 nodos
452 1227 555 1272 eorum
578 1208 767 1290 exploratum
788 1209 897 1272 haheo.

418 1300 503 1362 Haec
536 1298 563 1362 si
584 1297 708 1378 Magire
741 1297 942 1362 solertissime
975 1298 1068 1362 fueris
1099 1299 1186 1363 unico
1216 1297 1328 1362 mentis
1361 1297 1469 1361 intuitu
1500 1295 1680 1377 compleras,

327 1407 444 1452 mecum
467 1387 605 1468 equidem
628 1395 754 1463 statues,
779 1389 909 1452 omniurn
932 1388 1173 1464 itbeoriarum,
1203 1388 1286 1470 qnod
1308 1395 1408 1450 motus
1432 1386 1563 1450 siderum
1586 1383 1681 1448 reales

329 1478 450 1552 attinet,
473 1477 600 1540 sormam
619 1494 687 1540 esse
711 1477 802 1558 plane
821 1479 948 1550 eandem
969 1497 1095 1560 samque
1116 1477 1388 1559 simplicissimam
1411 1475 1540 1557 quilibet
1557 1474 1634 1539 enim
1652 1473 1683 1534 in

328 1586 389 1630 una
419 1566 604 1629 revolutione
626 1566 904 1632 constantissimum
928 1566 1215 1650 exactissimomque
1237 1567 1380 1630 circulum
1402 1565 1544 1640 decurrit,
1567 1562 1683 1632 tardius

320 1671 431 1738 snpra,
447 1655 582 1719 velocius
599 1656 679 1720 inira
692 1656 722 1719 h.
738 1675 764 1718 e.
779 1675 872 1738 prope
887 1657 999 1732 Solem,
1017 1657 1107 1738 idque
1123 1677 1183 1720 non
1196 1676 1251 1738 per
1268 1655 1460 1737 phantasiam
1480 1655 1533 1718 sed
1546 1672 1578 1716 re
1600 1671 1680 1740 vera.

328 1747 407 1810 Nam
423 1745 526 1828 Tycho
550 1746 642 1809 etiam
663 1746 695 1806 in
708 1747 796 1808 Luna
811 1754 990 1828 aequantem
1003 1746 1149 1809 adhibuit.
1188 1747 1238 1808 Ex
1254 1765 1315 1828 qua
1336 1744 1538 1809 concinnitate
1554 1750 1585 1804 et
1607 1741 1683 1802 sim-

328 1834 466 1916 plicitate
497 1835 527 1897 h.
552 1853 578 1896 e.
601 1835 785 1915 perfectione
818 1843 952 1899 motuum
983 1835 1159 1898 coelestium
1192 1843 1335 1917 quantum
1368 1834 1535 1914 Copernico
1556 1831 1684 1896 roboris

329 1925 469 1999 accedat,
489 1923 579 1986 facile
601 1924 759 2006 perspicis.
805 1925 885 1988 Nam
908 1925 967 1989 etsi
989 1925 1092 2006 ‘lycho
1117 1925 1316 2005 Coparnieum
1339 1943 1428 2005 quam
1450 1923 1585 2004 proxime
1604 1921 1684 1982 -imi-

329 2021 411 2078 tatur
434 2020 467 2075 et
487 2021 697 2118 repraesentat
719 2021 839 2089 retenta
860 2013 987 2077 Terra'
978 2032 1009 2076 ιι
1032 2013 1130 2076 medio
1154 2013 1315 2089 immobili,
1341 2013 1424 2076 illnd
1452 2021 1553 2076 tannen
1576 2025 1683 2074 cavere

330 2121 390 2166 uon
411 2111 535 2183 potest,
558 2103 629 2184 quin
652 2105 730 2178 vias,
752 2122 807 2206 per
830 2123 905 2186 quas
928 2104 1101 2189 planetae
1092 2124 1122 2166 m
1147 2061 1348 2184 liquidissimo
1371 2102 1503 2178 aethere,
1527 2100 1632 2184 quod
1624 2099 1685 2182 rpsi

329 2191 418 2254 facile
442 2193 549 2267 credo,
579 2200 738 2275 gyrantem
762 2193 794 2254 in
817 2193 916 2274 spiras
939 2180 1138 2275 inaequaliter
1161 2187 1338 2275 semperque
1361 2191 1453 2254 aliter
1476 2195 1683 2272 contorqueat.

327 2283 372 2344 At
396 2301 455 2345 non
478 2281 547 2344 ideo
571 2279 689 2345 facilior
712 2283 764 2362 liet
786 2282 928 2345 calculus'.
975 2283 1045 2344 Jmo
1068 2290 1180 2362 quanto
1210 2289 1301 2384 captu
1329 2282 1449 2383 planior
1474 2281 1551 2344 haec
1579 2287 1685 2342 astro-

328 2370 446 2434 nomiae
470 2371 576 2448 forma,
599 2378 686 2434 tanto
709 2343 882 2452 cbmputatu
905 2371 1095 2447 laboriosior,
1119 2373 1242 2434 inventu
1265 2362 1443 2435 intricatior.

357 2459 507 2532 Quod
530 2461 570 2522 ad
592 2460 795 2522 inventionem
819 2459 944 2535 attinet,
967 2419 1163 2540 periculdm'
1155 2479 1190 2526 m
1208 2462 1335 2524 Marte
1359 2460 1432 2536 leci;
1456 2461 1534 2522 unde
1557 2459 1688 2522 demon-

328 2549 509 2613 strationum
532 2549 650 2612 initium
672 2551 804 2612 iacerem
826 2570 886 2614 non
908 2543 1016 2625 habui,
1047 2557 1134 2612 erant
1163 2551 1265 2613 omnia
1293 2551 1452 2612 incerta..
1466 2547 1583 2620 Quodsi
1616 2547 1688 2628 qnia

322 2639 480 2702 ,fortunam
502 2637 668 2720 periclitari
692 2647 724 2702 et
745 2657 986 2742 praesupponere
1010 2638 1112 2722 aliqua
1133 2659 1193 2704 ceu
1212 2643 1296 2704 certa
1327 2639 1417 2714 velit,
1446 2657 1542 2720 eaque
1559 2655 1688 2717 suppo-

328 2727 438 2792 sitione
461 2727 624 2806 identidem
645 2729 766 2793 ιιιιιιι
788 2731 875 2811 quasi
897 2748 951 2809 per
974 2729 1110 2810 regulam
1133 2728 1204 2792 salsi
1226 2729 1373 2822 paulatim
1396 2728 1435 2790 ad
1458 2747 1548 2790 veras
1564 2726 1688 2790 dimen-
1727 2753 1732 2764 ·

328 2808 430 2880 siches
454 2818 649 2892 contendere,
682 2818 758 2880 illi'
750 2837 781 2881 m
812 2825 897 2880 tanto
925 2837 1049 2882 numero
1071 2810 1313 2901 quaerendorum
1337 2837 1397 2882 non
1428 2818 1516 2882 lacile
1545 2825 1687 2898 apparet,

328 2927 387 2990 qna
409 2906 441 2969 in
462 2915 550 2988 parte
580 2907 677 2970 lateat
704 2926 802 2984 error;
834 2925 995 2988 processus
1028 2928 1099 2971 vero
1132 2909 1242 2989 singuli
1274 2908 1312 2970 ab
1344 2907 1431 2972 initio
1464 2906 1688 2990 suppositionis

327 3015 423 3078 usque
453 2997 493 3058 ad
524 2999 613 3060 finem
641 3015 720 3078 pene
752 2957 885 3060 inlinitae
918 2997 1162 3100 lopgitudinis.
1188 3001 1294 3081 Itaque
1326 2997 1427 3060 divino
1458 3015 1506 3062 me
1537 2996 1689 3060 beneflcio

327 3085 450 3166 Magine
473 3079 736 3168 praestantissime
760 3087 908 3162 afficeres,
932 3085 958 3148 si
981 3107 1029 3150 me
1053 3089 1177 3150 doceres
1200 3088 1250 3150 via
1273 3087 1434 3150 faciliori'
1426 3085 1575 3167 roquirere
1599 3103 1690 3147 com-

326 3178 444 3257 positas
466 3177 599 3240 eccentri
629 3176 834 3260 aequationes.
880 3135 959 3239 liam
988 3177 1109 3259 quidem
1137 3196 1173 3238 eo
1192 3177 1338 3280 perduxi,
1372 3183 1408 3240 ut
1435 3175 1510 3240 mihi
1529 3193 1592 3237 non
1613 3175 1691 3275 plns

326 3265 443 3328 duabus
465 3266 767 3348 multiplicationibus
791 3285 866 3347 opus
890 3267 940 3328 sit
985 3268 1031 3329 At
1052 3267 1123 3330 dum
1144 3266 1238 3329 nimia
1255 3265 1419 3348 cupiditate
1439 3265 1543 3328 feror'
1534 3284 1565 3326 m
1581 3263 1691 3346 inqui-

327 3354 469 3419 sitionem
491 3356 718 3420 verissimarum
741 3355 977 3437 proportionum,
999 3356 1121 3420 tabulas
1139 3357 1350 3438 aequationem
1366 3354 1466 3418 nullas
1484 3354 1590 3428 condo,
1614 3354 1692 3434 qni-

328 3442 384 3506 hus
407 3443 613 3526 inoperando
637 3446 792 3508 sublever:
817 3464 884 3508 cum
906 3464 966 3508 uon
989 3445 1034 3508 ita
1055 3464 1181 3526 magnus
1205 3463 1278 3508 sane
1301 3445 1387 3509 labor
1410 3444 1466 3520 sit,
1488 3439 1555 3507 360
1576 3443 1693 3506 multi-

328 3532 508 3612 plicationes
530 3547 586 3614 pro
613 3529 694 3597 180⁰
715 3535 874 3614 perticere3
907 3534 1010 3610 labor,
1042 3535 1178 3618 inquam,
1211 3554 1270 3598 non
1301 3535 1345 3597 ita
1366 3553 1508 3616 magnus,
1539 3533 1566 3595 si
1589 3533 1694 3596 semel

327 3621 540 3703 susciperetur.
572 3623 618 3686 At
639 3623 732 3684 toties
755 3640 863 3686 novam
887 3581 1015 3688 ιιιιιιι
1038 3625 1182 3699 tabulam,
1205 3624 1324 3706 quoties
1346 3631 1485 3690 assumta
1507 3622 1695 3705 symmetria

328 3710 408 3773 talea
421 3711 663 3792 deprehenditur,
688 3711 720 3774 id
733 3730 806 3773 vero
822 3712 1038 3793 permolestum
1052 3723 1084 3776 et
1097 3713 1322 3796 praestabilius,
1345 3723 1398 3778 ιιιο
1413 3712 1542 3796 mystico
1558 3729 1693 3776 numero

325 3799 372 3862 uti
395 3799 434 3862 ad
458 3818 510 3864 eas
535 3801 618 3863 solas
641 3801 837 3884 aequationes
861 3801 1034 3878 eliciendas,
1058 3805 1164 3885 quibas
1186 3824 1242 3886 pro
1265 3823 1298 3866 re
1321 3813 1395 3868 nata
1417 3822 1493 3885 opus
1515 3809 1576 3864 est.
1584 3795 1611 3876 i)

416 3887 492 3952 Cum
506 3890 607 3972 itaque
623 3890 674 3953 diu
688 3891 875 3953 laborassem
891 3891 1035 3972 variaque
1048 3893 1335 3957 demonstrationum
1351 3891 1534 3956 adminicula
1546 3891 1694 3954 ediuxis-

327 3998 405 4054 ιιιι,
439 3978 592 4043 tandem
583 3999 614 4043 ιι
636 3981 712 4042 ιιιιι
736 3981 793 4042 duo
815 3980 1005 4068 problemata
1026 3981 1135 4058 incidi,
1168 4003 1244 4064 quae
1272 3984 1311 4045 ad
1341 4003 1405 4046 rem
1427 3982 1556 4044 maxime
1581 3981 1695 4044 facere

324 4077 415 4152 puto:
440 4087 565 4150 quornm
587 4069 715 4132 alterum
737 4070 806 4151 plus
829 4070 1029 4145 certitudinis,
1053 4072 1182 4135 alterum
1202 4073 1273 4154 plus
1290 4072 1403 4155 ingenii
1420 4071 1531 4134 babere
1550 4070 1694 4133 videtur.

366 4196 370 4208 ·
414 4159 513 4223 Detur
535 4159 663 4239 angulus
685 4167 785 4223 motus
808 4157 898 4222 medii
921 4158 1064 4240 planetae
1079 4161 1209 4243 itemque
1224 4164 1307 4226 Solis
1322 4163 1403 4224 circa
1417 4170 1529 4242 puncta
1544 4179 1694 4242 aequan-

325 4256 389 4312 tum
412 4249 452 4310 ad
482 4248 628 4330 temporis
660 4248 817 4331 quodlibet
847 4250 978 4331 spatium
1009 4249 1247 4317 determinatum.
1293 4255 1390 4316 Detur
1422 4259 1453 4314 et
1480 4251 1566 4317 locus
1596 4249 1695 4314 Solis

325 4357 415 4401 verus
438 4338 478 4401 ad
499 4346 682 4400 momentum
706 4339 870 4420 quodlibet,
894 4358 961 4402 cum
984 4357 1042 4420 qno
1065 4340 1153 4402 datur
1168 4351 1201 4404 et
1215 4347 1428 4423 apogaeumst
1442 4340 1695 4404 eccentricitatie

325 4428 511 4510 compositae
532 4424 583 4489 ιιι
595 4428 697 4490 orbem
720 4429 883 4508 proportio.
929 4429 1096 4492 Nesciatur‘
1116 4450 1187 4494 vero
1211 4427 1365 4512 longitudo
1389 4430 1518 4511 sinplcx
1533 4431 1695 4512 planetae

325 4519 411 4592 (nam
433 4527 465 4580 et
487 4518 567 4580 circa
585 4518 663 4580 hanc
678 4517 887 4597 corrigendam
902 4517 1034 4582 artifices
1052 4522 1259 4602 occupantur),
1282 4522 1434 4598 nesciatur
1449 4521 1533 4582 locus
1549 4519 1696 4602 apogaei

329 4607 445 4686 (potius
468 4607 607 4687 ἀφηιιιι)
630 4607 782 4690 planetae,
805 4609 957 4680 nesciatur
979 4611 1135 4689 proportio
1159 4610 1273 4672 orbium
1295 4612 1408 4674 Terrae
1432 4612 1500 4685 (seu
1523 4609 1627 4682 Solis)
1657 4619 1699 4672 et

324 4694 475 4774 planetae,
497 4697 651 4781 nesciatur
664 4697 818 4779 proportio
833 4697 1067 4760 eccentricitatis
1081 4699 1221 4780 planetae
1236 4700 1275 4761 ad
1290 4700 1392 4762 orbem
1407 4719 1501 4776 suum,
1520 4701 1698 4762 nesciatur

325 4785 479 4864 proportio
501 4787 633 4868 partium
654 4787 744 4870 hujus
767 4787 1012 4863 eccentricitatis,
1034 4791 1187 4852 nesciatur
1208 4790 1300 4852 etiam
1318 4791 1348 4852 in
1370 4789 1490 4853 theoria
1504 4789 1695 4864 Solis.(vel

325 4872 454 4946 Terrae)
474 4877 629 4957 proportio
651 4878 781 4958 partium
805 4877 1039 4940 eccentricitatis
1053 4879 1253 4959 compositae.
1295 4881 1413 4944 Dentur
1431 4882 1494 4961 jam
1517 4888 1582 4942 tras
1607 4879 1694 4962 pla—
