3672 5538
303 311 368 384 302
781 319 821 372 De
838 280 946 370 Motibus
965 317 1057 372 Stellae
1075 316 1164 372 resecr

300 501 389 577 prout
414 494 536 576 propior
566 497 616 558 vel
647 497 789 560 remotior
811 519 830 560 a
852 498 946 562 Terra
969 499 1074 574 inerit,
1106 505 1138 561 et
1169 497 1213 560 sic
1236 493 1340 570 Solem
1366 518 1386 560 a
1407 499 1504 561 Terra
1531 497 1646 560 moveri

301 591 482 666 sequeretur.
520 583 575 648 Sin
599 593 698 649 autem
712 588 805 650 Terra
823 596 968 666 movetur,
992 609 1011 651 a
1034 589 1106 662 Sole
1129 587 1250 669 etipsa
1272 607 1388 670 quoque
1410 585 1589 662 movebitur,
1613 594 1645 649 et

303 672 334 735 id
357 674 484 736 celerius
507 675 556 736 vel
575 676 701 752 tardius,
724 669 812 758 prout
833 678 861 740 ei
880 679 1002 762 propior
1024 685 1078 740 aut
1099 678 1187 740 abeo
1210 677 1352 740 remotior
1374 676 1483 740 fuerit:
1506 683 1646 739 manente

301 761 332 824 iu
356 781 479 844 corpore
499 763 581 826 Solis
604 763 714 827 virtute
737 775 880 849 perpetuo
904 775 1071 832 constante.
1108 767 1214 849 Itaque
1237 765 1315 828 iuter
1332 765 1391 827 duo
1405 767 1470 848 jam
1491 765 1648 848 proposita

299 852 428 916 medium
450 853 561 915 nullum
585 861 641 915 est.

386 942 453 1021 Ego
477 941 507 1004 iu
524 940 690 1024 Copemico
712 946 881 1027 acquiesco,
906 956 936 1011 et
951 947 1101 1010 Tellurem
1124 965 1213 1009 unam
1236 963 1273 1006 ex
1291 942 1422 1023 planetis
1445 961 1513 1004 esse
1535 941 1645 1024 patior.

299 1033 348 1095 Ac
371 1031 430 1094 etsi
453 1031 489 1092 dc
517 1032 604 1094 Luna
631 1033 709 1096 idem
735 1041 837 1116 potest
858 1036 948 1118 objici
972 1035 1154 1117 (ioperuico,
1187 1033 1267 1116 quod
1287 1032 1325 1095 de
1353 1032 1481 1114 quinque
1512 1031 1646 1112 planetis

302 1139 357 1200 ego
391 1119 488 1202 objeci
515 1121 665 1203 Tycboui,
697 1125 776 1205 quod
808 1123 926 1188 scilicet
956 1125 1119 1188 absurdum
1150 1123 1304 1198 videatur,
1335 1123 1452 1184 Lunam
1478 1140 1498 1182 a
1525 1121 1646 1184 Tellure

301 1209 430 1284 moveri,
453 1219 666 1292 praetereaque
689 1212 734 1274 illi
757 1215 948 1280 concatenari
971 1223 1002 1278 et
1023 1213 1173 1296 copulari,
1202 1211 1246 1276 sic
1268 1219 1303 1274 ut
1324 1209 1502 1274 secundario
1524 1217 1555 1272 ct
1577 1208 1646 1292 ipsa

300 1299 379 1362 circa
402 1299 506 1362 Solem
528 1320 548 1361 a
569 1299 641 1363 Sole
665 1301 815 1382 rapiatur:
849 1306 930 1367 malo
952 1311 1053 1367 tumen
1076 1323 1166 1367 unam
1188 1303 1316 1376 Lunam,
1338 1298 1644 1380 Telluri'coguatam‚

299 1387 495 1471 dispositione
519 1390 652 1470 corporis
675 1391 777 1466 (utin
800 1391 918 1473 Opticis
941 1392 1159 1466 demonstravi)
1182 1389 1360 1454 movendam
1382 1388 1556 1470 permittere
1578 1388 1644 1450 vir-

296 1479 356 1541 tuti
377 1478 408 1540 iu
431 1479 525 1540 Terra
549 1479 682 1556 sedenti,
715 1489 857 1543 extensae
880 1502 952 1546 vero
980 1501 1086 1545 versus
1109 1481 1226 1558 Solem,
1258 1487 1294 1544 ut
1318 1480 1409 1562 paulo
1435 1484 1507 1559 post
1528 1477 1645 1540 dicetur

298 1567 397 1649 capite
411 1568 579 1643 XXXVII,
600 1588 689 1650 quam
711 1570 807 1633 eidem
830 1573 942 1636 Terrae
965 1572 1057 1639 etiarn
1072 1571 1155 1636 Solis
1178 1571 1264 1654 eique
1285 1569 1492 1650 copulatomm
1514 1567 1644 1630 omnium

296 1657 484 1740 planetarum
506 1664 605 1720 motus
624 1659 850 1732 bansscribere.

385 1745 447 1808 Sed
469 1764 629 1827 pergamus
651 1748 682 1810 in
705 1749 958 1831 contemplatione
981 1749 1067 1832 hujus
1089 1749 1121 1812 iu
1139 1747 1212 1813 Sole
1235 1745 1396 1810 residentis
1420 1741 1556 1808 metricis
1578 1745 1644 1807 vir-

297 1835 381 1909 tutis,
406 1843 437 1898 et
455 1836 520 1916 jam
534 1855 624 1916 porro
647 1836 802 1902 videamus
826 1839 1027 1903 arctissimam
1050 1839 1116 1919 ejus
1139 1857 1205 1901 cum
1220 1836 1287 1901 luce
1310 1835 1530 1916 cognationem.
1563 1834 1644 1897 Nam

297 1925 367 2007 quia
393 1926 554 2005 figurarum
583 1927 765 2007 regularium
798 1928 938 1992 similium
971 1931 1104 2012 adeoque
1128 1935 1160 1990 et
1182 1926 1360 1990 circulorum
1391 1920 1545 2005 perimetri
1574 1930 1646 1986 sunt

298 2015 337 2076 ad
351 2014 487 2089 Invicem,
513 2015 557 2077 uti
573 2034 675 2078 earum
690 2017 924 2093 semidiametri;
947 2037 1018 2100 ergo
1033 2027 1068 2082 ut
1090 2023 1134 2082 od
1152 2016 1191 2080 ad
1213 2039 1254 2079 or
1281 2021 1346 2091 (Pir-
1365 2019 1423 2086 85),
1446 2014 1490 2076 sic
1513 2011 1644 2076 ambitus

297 2103 402 2166 clrculi
423 2123 477 2185 per
500 2109 518 2167 t
540 2125 577 2167 ex
601 2128 621 2168 a
644 2106 812 2188 descriptus
836 2107 876 2169 ad
898 2109 1042 2172 ambitum
1066 2107 1169 2171 citculi
1192 2125 1247 2188 per
1265 2128 1280 2167 e
1302 2122 1340 2165 ex
1363 2104 1467 2166 eodem
1483 2123 1504 2164 α
1527 2101 1643 2183 scripti.

297 2193 340 2257 Ut
363 2201 461 2256 autern
484 2199 529 2257 ord
550 2194 589 2256 ad
611 2216 669 2270 ae,
694 2196 736 2258 sic
765 2196 910 2260 fortitudo
933 2198 1053 2261 virtutis
1077 2199 1107 2259 in
1131 2219 1144 2258 r
1168 2196 1207 2258 ad
1234 2193 1440 2257 fortitudinem
1467 2191 1590 2255 virtutis
1612 2191 1644 2252 iu

297 2287 315 2345 d
337 2283 504 2345 conversim
532 2302 586 2364 per
614 2283 820 2348 demonstrata
847 2287 955 2367 capitis
977 2285 1114 2351 XXXII.
1160 2283 1242 2366 Ergo
1264 2289 1299 2345 ut
1326 2282 1454 2344 circulut
1478 2287 1496 2343 d
1517 2280 1556 2342 ad
1580 2280 1642 2342 cir-

297 2370 425 2434 culumo
447 2372 660 2450 augustiorem,
684 2374 728 2434 ita
750 2375 879 2438 virtues
903 2377 943 2438 ad
965 2376 1138 2440 virtutemt
1161 2372 1346 2436 conversim:
1368 2371 1426 2434 hoc
1448 2378 1506 2447 εει,
1530 2377 1643 2451 quanto

297 2460 431 2543 speretur
454 2461 560 2536 vlrtus,
585 2468 669 2524 tauto
692 2463 889 2528 imbecillior:
914 2473 946 2527 et
964 2473 1069 2528 contra
1092 2470 1205 2546 quanto
1229 2461 1395 2536 collectior,
1417 2467 1503 2523 tauto
1527 2459 1642 2521 fortior.

296 2549 376 2612 Hinc
398 2548 605 2630 intelligimus,
628 2553 805 2615 tantundem
827 2554 949 2617 virtutis
967 2575 1042 2618 εεεε
1065 2554 1096 2616 iu
1110 2553 1251 2616 universo
1274 2550 1388 2614 ambitu
1411 2547 1515 2612 circuli
1537 2566 1591 2630 per
1614 2553 1642 2624 t,

298 2639 491 2720 quantumin
515 2638 629 2701 ambitu
656 2642 840 2722 augustioris
867 2644 971 2706 circuli
998 2663 1052 2725 per
1075 2661 1108 2717 ες
1136 2641 1216 2725 qnod
1242 2641 1274 2702 in
1297 2639 1408 2720 Optica
1430 2637 1643 2701 Astrouomiae

298 2733 385 2808 parte
408 2726 506 2808 capite
534 2727 630 2809 primo
658 2729 747 2810 plane
771 2731 801 2793 iu
825 2733 950 2796 eundem
979 2733 1098 2796 modum
1122 2739 1153 2793 et
1176 2732 1212 2794 de
1235 2731 1301 2793 luce
1325 2730 1560 2791 demonstratum
1584 2734 1640 2789 est.

294 2817 376 2896 Ergo
399 2817 588 2899 undiquaque
612 2819 787 2900 conspirant
810 2823 947 2885 omuibus
970 2819 1124 2886 attributis
1140 2822 1191 2883 lux
1211 2828 1244 2883 et
1259 2818 1355 2882 virtus
1378 2817 1490 2880 mutrix
1505 2836 1543 2878 ex
1558 2814 1641 2879 Sole.

382 2905 424 2968 Et
446 2907 582 2988 quamvis
603 2907 679 2970 baec
702 2909 785 2974 Solis
808 2910 860 2973 lux
882 2911 980 2976 virtus
1006 2912 1076 2993 ipsa
1101 2930 1226 3004 movens
1250 2926 1318 2971 osse
1340 2910 1485 2989 nequeat,
1517 2905 1642 2969 videant

295 3003 395 3058 tarmu
418 2996 487 3072 alii,
520 3003 619 3059 utrum
641 3015 709 3060 sese
731 2999 844 3062 habeat
866 3001 918 3063 lux
941 3002 1038 3065 instar
1066 2998 1256 3064 instrumenti
1279 3005 1332 3061 aut
1352 2996 1482 3059 vehiculi
1511 2996 1642 3058 fortasse

295 3085 461 3166 cujusdam,
484 3105 542 3168 quo
565 3085 661 3148 virtus
684 3107 807 3151 movens
830 3096 941 3154 utatur.

386 3174 601 3239 Contradicere
634 3174 753 3257 quidem
783 3178 858 3240 haec
890 3180 1049 3242 videntur:
1084 3177 1211 3260 primum
1244 3175 1297 3237 lux
1328 3173 1429 3255 opacis
1465 3172 1641 3253 impeditur;

296 3284 387 3347 quare
411 3265 437 3326 si
460 3265 556 3327 lucem
585 3265 682 3328 virtus
704 3285 828 3329 movens
855 3269 983 3331 baberet
1004 3287 1058 3349 pro
1080 3267 1235 3341 vehiculo,
1267 3263 1407 3326 tenebrae
1435 3262 1642 3344 insequeretur

296 3354 381 3435 quies
404 3353 573 3416 mobilium:
598 3372 715 3417 rursum
738 3355 791 3418 lux
813 3359 905 3420 rectis
928 3358 1021 3421 effluit
1045 3355 1261 3429 orbiculariter,
1284 3353 1380 3416 virtus
1402 3371 1526 3416 movens
1549 3352 1641 3416 rectis

296 3443 423 3523 quidem,
448 3443 501 3504 sed
524 3442 724 3518 circulariter,
747 3445 803 3507 hoc
827 3448 928 3510 estin
950 3467 1041 3510 unam
1063 3453 1179 3509 tautum
1201 3444 1323 3526 plagam
1346 3441 1447 3504 mundi
1470 3441 1508 3504 ab
1532 3461 1641 3506 occasu

298 3529 329 3592 iu
353 3539 449 3599 ortum
471 3532 591 3611 pititur,
625 3552 684 3594 nou
709 3541 829 3612 contra,
860 3557 922 3599 uon
945 3537 984 3600 ad
1005 3536 1093 3618 polos
1117 3543 1173 3598 etc.
1220 3533 1282 3597 Sed
1303 3530 1486 3612 respondere
1510 3532 1641 3595 fortasse

296 3619 460 3702 poterimus
483 3621 522 3682 ad
544 3620 600 3682 bas
617 3622 807 3703 ,objectiones
829 3624 964 3705 proxime
988 3624 1182 3708 sequentibus
1205 3616 1364 3704 capitibus.

378 3697 519 3791 ‘Denique
552 3729 618 3771 cum
648 3713 822 3775 tantundem
854 3714 977 3780 virtutis
1010 3715 1051 3778 sit
1082 3715 1111 3777 iu
1143 3713 1243 3794 amplo
1274 3719 1305 3773 et
1336 3709 1488 3774 remotiori
1520 3710 1641 3786 circulo,

298 3805 440 3880 quantum
471 3798 503 3861 in
523 3796 699 3880 “augustiori
723 3809 753 3863 et
783 3803 960 3885 propinquo,
992 3803 1068 3866 nibil
1096 3804 1186 3884 Igitur
1214 3801 1305 3884 periit
1326 3801 1363 3862 de
1385 3800 1443 3862 bac
1472 3800 1582 3884 virtute
1610 3800 1642 3862 iu

296 3887 403 3952 itinere
427 3904 465 3963 ex
488 3889 569 3950 fonte
593 3907 662 3964 suo,
695 3891 771 3953 nibil
794 3893 871 3956 iuter
894 3894 1007 3956 iontem
1030 3901 1061 3955 et
1083 3892 1191 3955 mobile
1215 3892 1383 3974 dispersum
1405 3896 1461 3951 est.
1507 3889 1641 3951 Effluxus

295 3977 403 4058 igitur,
436 3977 683 4059 quemadmodum
706 3989 737 4042 et
766 3982 856 4057 lucie,
890 3983 1109 4046 immateriatue
1132 3989 1194 4058 cst3
1226 4000 1285 4043 uou
1309 3979 1406 4062 qualis
1429 3977 1552 4042 odorum
1575 3997 1642 4040 curu

298 4065 492 4130 diminutione
516 4067 714 4142 substantiae,
738 4089 797 4133 uon
819 4071 916 4153 qualis
939 4071 1048 4136 caloris
1072 4072 1109 4133 ab
1133 4077 1289 4136 aestuante
1313 4071 1444 4143 fornace,
1467 4075 1499 4130 et
1521 4067 1548 4130 si
1571 4067 1641 4148 quid

296 4165 345 4217 est
368 4156 480 4232 simile,
514 4152 620 4238 quibus
643 4157 743 4220 media
765 4159 934 4241 implentur.
981 4160 1171 4243 Relinquitur
1197 4161 1302 4240 igitur,
1334 4167 1368 4220 ut
1395 4157 1640 4240 quemadmodum

295 4245 348 4307 lux
371 4245 471 4308 omnia
492 4253 613 4307 terrena
635 4245 792 4310 illustrans
815 4252 932 4331 species
956 4258 1004 4314 εει
1025 4250 1227 4312 immateriata
1249 4248 1328 4350 igqis
1350 4247 1442 4322 illius,
1466 4247 1516 4329 qui
1538 4254 1587 4309 cst
1608 4248 1640 4309 in

297 4353 420 4416 corpore
443 4333 542 4398 Solis:
568 4334 612 4395 ita
634 4334 729 4397 virtus
752 4337 837 4415 haec,
861 4341 1050 4421 planetarum
1073 4359 1199 4419 corpora
1222 4338 1378 4418 complexa
1400 4345 1431 4398 et
1452 4337 1574 4411 vebeus,
1599 4337 1640 4398 sit
1672 4345 1679 4370 '

298 4426 414 4504 species
437 4423 638 4486 Immateriata
660 4424 726 4504 eJns
749 4425 889 4504 virtutis,
913 4449 988 4511 quae
1009 4430 1040 4490 in
1063 4430 1128 4511 ipso
1152 4429 1223 4492 Sole
1246 4427 1377 4502 residet,
1410 4425 1639 4490 inaestImabilis

296 4513 424 4592 vigoris,
458 4513 592 4594 adeoque
622 4521 708 4576 actus
737 4515 850 4595 primus
874 4520 969 4580 omnis
991 4528 1090 4581 motus
1119 4515 1268 4581 mundani.
1317 4515 1392 4580 (lum
1425 4534 1495 4597 ergo
1523 4515 1639 4596 species

192 4605 196 4614 '
296 4602 370 4664 baec
397 4601 518 4665 virtutis
541 4601 630 4682 plane
653 4610 686 4665 ut
716 4605 832 4684 species
865 4605 940 4669 lucis
964 4609 1097 4689 (dequo
1126 4608 1156 4669 iu
1178 4605 1392 4669 Astroucmiae
1419 4611 1505 4686 parte
1529 4603 1641 4684 Optica

297 4709 361 4771 cap.
386 4692 427 4765 1.)
450 4710 509 4753 uou
532 4692 630 4771 possit
648 4693 830 4755 considerari
848 4701 882 4756 ut
903 4713 956 4776 per
980 4696 1110 4776 spatium
1133 4693 1340 4757 iutermedium
1356 4693 1502 4775 dispersa,
1527 4695 1639 4756 iontem

299 4779 376 4842 inter
398 4787 430 4842 et
457 4798 564 4860 corpus
593 4781 719 4858 mobile,
753 4783 805 4844 sed
829 4790 863 4845 nt
885 4784 1014 4846 collecta
1041 4785 1071 4846 in
1098 4783 1217 4860 mobili,
1250 4789 1392 4865 quantum
1419 4783 1456 4844 de
1485 4783 1639 4846 ambitua

299 4869 401 4931 mobili
424 4875 599 4947 occupatur:
632 4871 773 4935 nouerit
799 4871 890 4953 igitur
911 4874 1008 4937 virtus
1037 4874 1112 4936 baec
1135 4875 1205 4948 (seu
1233 4871 1364 4953 species)
1387 4873 1508 4956 aitquod
1531 4891 1638 4954 corpus
