<?xml version="1.0" encoding="UTF-8"?>
<!DOCTYPE html PUBLIC "-//W3C//DTD XHTML 1.0 Transitional//EN"
    "http://www.w3.org/TR/xhtml1/DTD/xhtml1-transitional.dtd">
<html xmlns="http://www.w3.org/1999/xhtml" xml:lang="en" lang="en">
 <head>
  <title>
</title>
<meta http-equiv="Content-Type" content="text/html;charset=utf-8" />
  <meta name='ocr-system' content='tesseract 3.04.00' />
  <meta name='ocr-capabilities' content='ocr_page ocr_carea ocr_par ocr_line ocrx_word'/>
</head>
<body>
  <div class='ocr_page' id='page_1' title='image "./joanniskepleria28frisgoog_0097.png"; bbox 0 0 3582 5558; ppageno 0'>
   <div class='ocr_carea' id='block_1_1' title="bbox 258 299 1182 406">
    <p class='ocr_par' dir='ltr' id='par_1_1' title="bbox 258 299 1182 406">
     <span class='ocr_line' id='line_1_1' title="bbox 258 299 1182 406; baseline 0.004 -53"><span class='ocrx_word' id='word_1_1' title='bbox 258 303 301 372; x_wconf 74' lang='lat'><strong>78</strong></span> <span class='ocrx_word' id='word_1_2' title='bbox 678 302 777 354; x_wconf 82' lang='lat' dir='ltr'><strong>hitsras</strong></span> <span class='ocrx_word' id='word_1_3' title='bbox 796 299 896 368; x_wconf 67' lang='grc' dir='ltr'><strong>Κφιιιι</strong></span> <span class='ocrx_word' id='word_1_4' title='bbox 914 300 1064 406; x_wconf 77' lang='lat' dir='ltr'><strong>aliorumque</strong></span> <span class='ocrx_word' id='word_1_5' title='bbox 1081 305 1182 357; x_wconf 63' lang='lat' dir='ltr'><strong>mmm</strong></span> 
     </span>
    </p>
   </div>
   <div class='ocr_carea' id='block_1_2' title="bbox 163 473 1644 921">
    <p class='ocr_par' dir='ltr' id='par_1_2' title="bbox 163 473 1644 921">
     <span class='ocr_line' id='line_1_2' title="bbox 257 473 1606 567; baseline -0.004 -19"><span class='ocrx_word' id='word_1_6' title='bbox 257 485 372 567; x_wconf 91' lang='lat' dir='ltr'><strong>quales,</strong></span> <span class='ocrx_word' id='word_1_7' title='bbox 396 485 428 547; x_wconf 87' lang='lat' dir='ltr'><strong>&#39;et</strong></span> <span class='ocrx_word' id='word_1_8' title='bbox 445 483 542 546; x_wconf 87' lang='lat' dir='ltr'><strong>lineae</strong></span> <span class='ocrx_word' id='word_1_9' title='bbox 556 477 627 556; x_wconf 84' lang='lat' dir='ltr'><strong>HG,</strong></span> <span class='ocrx_word' id='word_1_10' title='bbox 643 473 695 544; x_wconf 82' lang='lat' dir='ltr'><strong>TF</strong></span> <span class='ocrx_word' id='word_1_11' title='bbox 708 479 763 543; x_wconf 83' lang='lat' dir='ltr'><strong>iro.</strong></span> <span class='ocrx_word' id='word_1_12' title='bbox 788 481 938 562; x_wconf 79' lang='lat' dir='ltr'><strong>aequales,</strong></span> <span class='ocrx_word' id='word_1_13' title='bbox 963 479 1127 561; x_wconf 88' lang='lat' dir='ltr'><strong>ubicunqne</strong></span> <span class='ocrx_word' id='word_1_14' title='bbox 1143 477 1199 544; x_wconf 84' lang='lat' dir='ltr'><strong>sor</strong></span> <span class='ocrx_word' id='word_1_15' title='bbox 1212 477 1285 544; x_wconf 85' lang='lat' dir='ltr'><strong>sive</strong></span> <span class='ocrx_word' id='word_1_16' title='bbox 1293 477 1411 542; x_wconf 83' lang='lat' dir='ltr'><strong>&#39;Ferre&#39;</strong></span> <span class='ocrx_word' id='word_1_17' title='bbox 1401 497 1439 542; x_wconf 90' lang='grc' dir='ltr'><strong>ιι</strong></span> <span class='ocrx_word' id='word_1_18' title='bbox 1455 491 1510 542; x_wconf 85' lang='grc' dir='ltr'><strong>ιιι</strong></span> <span class='ocrx_word' id='word_1_19' title='bbox 1533 477 1606 542; x_wconf 90' lang='lat' dir='ltr'><strong>orbe</strong></span> 
     </span>
     <span class='ocr_line' id='line_1_3' title="bbox 258 544 1607 656; baseline -0.006 -18"><span class='ocrx_word' id='word_1_20' title='bbox 258 574 391 638; x_wconf 88' lang='lat' dir='ltr'><strong>consitat</strong></span> <span class='ocrx_word' id='word_1_21' title='bbox 412 573 500 652; x_wconf 90' lang='lat' dir='ltr'><strong>longe</strong></span> <span class='ocrx_word' id='word_1_22' title='bbox 524 571 572 633; x_wconf 82' lang='grc' dir='ltr'><strong>ιιι</strong></span> <span class='ocrx_word' id='word_1_23' title='bbox 593 589 699 656; x_wconf 83' lang='lat' dir='ltr'><strong>prope</strong></span> <span class='ocrx_word' id='word_1_24' title='bbox 746 568 824 632; x_wconf 88' lang='lat' dir='ltr'><strong>Sdot</strong></span> <span class='ocrx_word' id='word_1_25' title='bbox 848 578 950 642; x_wconf 85' lang='lat' dir='ltr'><strong>autem</strong></span> <span class='ocrx_word' id='word_1_26' title='bbox 972 567 1039 644; x_wconf 86' lang='lat' dir='ltr'><strong>HL,</strong></span> <span class='ocrx_word' id='word_1_27' title='bbox 1058 570 1111 632; x_wconf 77' lang='lat' dir='ltr'><strong>Tu</strong></span> <span class='ocrx_word' id='word_1_28' title='bbox 1131 571 1185 632; x_wconf 80' lang='lat' dir='ltr'><strong>dne.</strong></span> <span class='ocrx_word' id='word_1_29' title='bbox 1210 587 1313 635; x_wconf 89' lang='lat' dir='ltr'><strong>omnes</strong></span> <span class='ocrx_word' id='word_1_30' title='bbox 1335 544 1510 652; x_wconf 83' lang='lat' dir='ltr'><strong>parallelae,</strong></span> <span class='ocrx_word' id='word_1_31' title='bbox 1535 566 1607 650; x_wconf 91' lang='lat' dir='ltr'><strong>quia</strong></span> 
     </span>
     <span class='ocr_line' id='line_1_4' title="bbox 255 647 1607 761; baseline -0.002 -35"><span class='ocrx_word' id='word_1_32' title='bbox 255 682 421 746; x_wconf 76' lang='lat' dir='ltr'><strong>apogaeum</strong></span> <span class='ocrx_word' id='word_1_33' title='bbox 444 658 659 727; x_wconf 78' lang='lat' dir='ltr'>insensibiliter</span> <span class='ocrx_word' id='word_1_34' title='bbox 680 659 798 722; x_wconf 87' lang='lat' dir='ltr'><strong>interea</strong></span> <span class='ocrx_word' id='word_1_35' title='bbox 820 659 965 739; x_wconf 74' lang='lat' dir='ltr'>procedit.</span> <span class='ocrx_word' id='word_1_36' title='bbox 1011 657 1131 761; x_wconf 85' lang='lat' dir='ltr'><strong>Neque</strong></span> <span class='ocrx_word' id='word_1_37' title='bbox 1141 666 1257 722; x_wconf 85' lang='lat' dir='ltr'><strong>tautmn</strong></span> <span class='ocrx_word' id='word_1_38' title='bbox 1274 656 1343 733; x_wconf 86' lang='lat' dir='ltr'><strong>GH,</strong></span> <span class='ocrx_word' id='word_1_39' title='bbox 1363 659 1417 720; x_wconf 87' lang='lat' dir='ltr'><strong>FT</strong></span> <span class='ocrx_word' id='word_1_40' title='bbox 1427 657 1480 721; x_wconf 79' lang='lat' dir='ltr'><strong>irc.</strong></span> <span class='ocrx_word' id='word_1_41' title='bbox 1504 647 1607 732; x_wconf 81' lang='lat' dir='ltr'><strong>lineae</strong></span> 
     </span>
     <span class='ocr_line' id='line_1_5' title="bbox 163 745 1644 834; baseline -0.004 -18"><span class='ocrx_word' id='word_1_42' title='bbox 163 815 166 822; x_wconf 78' lang='grc'><strong>,</strong></span> <span class='ocrx_word' id='word_1_43' title='bbox 255 753 379 834; x_wconf 77' lang='lat' dir='ltr'><strong>aquales</strong></span> <span class='ocrx_word' id='word_1_44' title='bbox 403 755 503 825; x_wconf 90' lang='lat' dir='ltr'><strong>erunt,</strong></span> <span class='ocrx_word' id='word_1_45' title='bbox 536 749 611 811; x_wconf 89' lang='lat' dir='ltr'><strong>sed</strong></span> <span class='ocrx_word' id='word_1_46' title='bbox 618 748 728 810; x_wconf 85' lang='lat' dir='ltr'><strong>etiarn</strong></span> <span class='ocrx_word' id='word_1_47' title='bbox 732 749 759 810; x_wconf 93' lang='lat' dir='ltr'><strong>si</strong></span> <span class='ocrx_word' id='word_1_48' title='bbox 782 767 827 810; x_wconf 83' lang='lat' dir='ltr'><strong>ex</strong></span> <span class='ocrx_word' id='word_1_49' title='bbox 841 749 951 812; x_wconf 90' lang='lat' dir='ltr'><strong>Martis</strong></span> <span class='ocrx_word' id='word_1_50' title='bbox 973 748 1081 810; x_wconf 87' lang='lat' dir='ltr'><strong>·&#39;locis</strong></span> <span class='ocrx_word' id='word_1_51' title='bbox 1073 767 1117 809; x_wconf 90' lang='lat' dir='ltr'><strong>ru</strong></span> <span class='ocrx_word' id='word_1_52' title='bbox 1127 749 1256 814; x_wconf 88' lang='lat' dir='ltr'><strong>medium</strong></span> <span class='ocrx_word' id='word_1_53' title='bbox 1280 745 1362 810; x_wconf 84' lang='lat' dir='ltr'><strong>Solis</strong></span> <span class='ocrx_word' id='word_1_54' title='bbox 1384 747 1495 810; x_wconf 88' lang='lat' dir='ltr'><strong>locum</strong></span> <span class='ocrx_word' id='word_1_55' title='bbox 1506 746 1605 810; x_wconf 88' lang='lat' dir='ltr'><strong>lineae</strong></span> <span class='ocrx_word' id='word_1_56' title='bbox 1636 785 1644 800; x_wconf 84' lang='lat'><strong>·</strong></span> 
     </span>
     <span class='ocr_line' id='line_1_6' title="bbox 255 835 1625 921; baseline -0.004 -17"><span class='ocrx_word' id='word_1_57' title='bbox 255 843 448 914; x_wconf 88' lang='lat' dir='ltr'><strong>ducerentur;</strong></span> <span class='ocrx_word' id='word_1_58' title='bbox 472 839 551 921; x_wconf 86' lang='lat' dir='ltr'><strong>quod</strong></span> <span class='ocrx_word' id='word_1_59' title='bbox 573 837 667 913; x_wconf 92' lang='lat' dir='ltr'><strong>addo,</strong></span> <span class='ocrx_word' id='word_1_60' title='bbox 700 857 738 900; x_wconf 91' lang='lat' dir='ltr'><strong>ne</strong></span> <span class='ocrx_word' id='word_1_61' title='bbox 763 837 817 899; x_wconf 90' lang='lat' dir='ltr'><strong>tibi</strong></span> <span class='ocrx_word' id='word_1_62' title='bbox 841 838 1040 919; x_wconf 83' lang='lat' dir='ltr'><strong>suspicionem</strong></span> <span class='ocrx_word' id='word_1_63' title='bbox 1064 843 1201 916; x_wconf 90' lang='lat' dir='ltr'><strong>moveat,</strong></span> <span class='ocrx_word' id='word_1_64' title='bbox 1234 836 1370 920; x_wconf 88' lang='lat' dir='ltr'><strong>quamvis</strong></span> <span class='ocrx_word' id='word_1_65' title='bbox 1391 835 1468 900; x_wconf 90' lang='lat' dir='ltr'><strong>haec</strong></span> <span class='ocrx_word' id='word_1_66' title='bbox 1491 837 1625 905; x_wconf 88' lang='lat' dir='ltr'><strong>mentio-</strong></span> 
     </span>
    </p>
   </div>
   <div class='ocr_carea' id='block_1_3' title="bbox 131 923 1605 1010">
    <p class='ocr_par' dir='ltr' id='par_1_3' title="bbox 131 923 1605 1010">
     <span class='ocr_line' id='line_1_7' title="bbox 131 923 1605 1010; baseline 0 -20"><span class='ocrx_word' id='word_1_67' title='bbox 131 976 138 990; x_wconf 92' lang='lat'><strong>.</strong></span> <span class='ocrx_word' id='word_1_68' title='bbox 255 951 321 994; x_wconf 92' lang='lat' dir='ltr'><strong>meo</strong></span> <span class='ocrx_word' id='word_1_69' title='bbox 344 929 485 1002; x_wconf 75' lang='lat' dir='ltr'><strong>instituto</strong></span> <span class='ocrx_word' id='word_1_70' title='bbox 507 928 633 1002; x_wconf 87' lang='lat' dir='ltr'><strong>nonsit</strong></span> <span class='ocrx_word' id='word_1_71' title='bbox 655 927 838 990; x_wconf 91' lang='lat' dir='ltr'><strong>necessaria.</strong></span> <span class='ocrx_word' id='word_1_72' title='bbox 886 927 989 990; x_wconf 87' lang='lat' dir='ltr'><strong>Tertio</strong></span> <span class='ocrx_word' id='word_1_73' title='bbox 1014 947 1052 990; x_wconf 86' lang='lat' dir='ltr'><strong>ex</strong></span> <span class='ocrx_word' id='word_1_74' title='bbox 1082 927 1197 997; x_wconf 85' lang='lat' dir='ltr'><strong>calculo</strong></span> <span class='ocrx_word' id='word_1_75' title='bbox 1220 926 1371 1008; x_wconf 86' lang='lat' dir='ltr'><strong>Tychonis</strong></span> <span class='ocrx_word' id='word_1_76' title='bbox 1400 923 1509 1010; x_wconf 79' lang='lat' dir='ltr'><strong>dantur</strong></span> <span class='ocrx_word' id='word_1_77' title='bbox 1531 945 1605 990; x_wconf 87' lang='lat' dir='ltr'><strong>vera</strong></span> 
     </span>
    </p>
   </div>
   <div class='ocr_carea' id='block_1_4' title="bbox 247 1015 1658 4945">
    <p class='ocr_par' dir='ltr' id='par_1_4' title="bbox 253 1015 1605 1813">
     <span class='ocr_line' id='line_1_8' title="bbox 254 1015 1605 1113; baseline -0.003 -29"><span class='ocrx_word' id='word_1_78' title='bbox 254 1021 322 1084; x_wconf 89' lang='lat' dir='ltr'><strong>loca</strong></span> <span class='ocrx_word' id='word_1_79' title='bbox 345 1021 490 1103; x_wconf 84' lang='lat' dir='ltr'><strong>linearum</strong></span> <span class='ocrx_word' id='word_1_80' title='bbox 510 1019 580 1092; x_wconf 89' lang='grc' dir='ltr'><strong>ΑΗ,</strong></span> <span class='ocrx_word' id='word_1_81' title='bbox 605 1016 661 1079; x_wconf 82' lang='lat' dir='ltr'><strong>Ar</strong></span> <span class='ocrx_word' id='word_1_82' title='bbox 685 1015 739 1080; x_wconf 79' lang='lat' dir='ltr'><strong>&amp;a</strong></span> <span class='ocrx_word' id='word_1_83' title='bbox 764 1017 819 1078; x_wconf 89' lang='lat' dir='ltr'><strong>sub</strong></span> <span class='ocrx_word' id='word_1_84' title='bbox 842 1017 918 1094; x_wconf 86' lang='lat' dir='ltr'><strong>fixis,</strong></span> <span class='ocrx_word' id='word_1_85' title='bbox 944 1035 1035 1097; x_wconf 88' lang='lat' dir='ltr'><strong>quare</strong></span> <span class='ocrx_word' id='word_1_86' title='bbox 1059 1023 1090 1078; x_wconf 89' lang='lat' dir='ltr'><strong>et</strong></span> <span class='ocrx_word' id='word_1_87' title='bbox 1113 1017 1216 1113; x_wconf 80' lang='lat' dir='ltr'><strong>auguli</strong></span> <span class='ocrx_word' id='word_1_88' title='bbox 1238 1015 1339 1092; x_wconf 83' lang='lat' dir='ltr'><strong>HAT,</strong></span> <span class='ocrx_word' id='word_1_89' title='bbox 1368 1015 1451 1078; x_wconf 83' lang='lat' dir='ltr'><strong>TAE</strong></span> <span class='ocrx_word' id='word_1_90' title='bbox 1475 1015 1530 1082; x_wconf 74' lang='lat' dir='ltr'><strong>irc.</strong></span> <span class='ocrx_word' id='word_1_91' title='bbox 1554 1017 1605 1080; x_wconf 91' lang='lat' dir='ltr'><strong>vel</strong></span> 
     </span>
     <span class='ocr_line' id='line_1_9' title="bbox 254 1093 1604 1190; baseline -0.004 -16"><span class='ocrx_word' id='word_1_92' title='bbox 254 1110 285 1174; x_wconf 93' lang='lat' dir='ltr'><strong>in</strong></span> <span class='ocrx_word' id='word_1_93' title='bbox 317 1093 483 1190; x_wconf 84' lang='lat' dir='ltr'><strong>quarnico</strong></span> <span class='ocrx_word' id='word_1_94' title='bbox 514 1112 609 1184; x_wconf 78' lang='lat' dir='ltr'><strong>dap,</strong></span> <span class='ocrx_word' id='word_1_95' title='bbox 639 1129 706 1182; x_wconf 80' lang='grc' dir='ltr'><strong>ηαι</strong></span> <span class='ocrx_word' id='word_1_96' title='bbox 736 1106 789 1168; x_wconf 81' lang='lat' dir='ltr'><strong>dre.</strong></span> <span class='ocrx_word' id='word_1_97' title='bbox 820 1111 874 1180; x_wconf 80' lang='lat' dir='ltr'><strong>(fig.</strong></span> <span class='ocrx_word' id='word_1_98' title='bbox 888 1114 995 1179; x_wconf 74' lang='lat' dir='ltr'><strong>ardep</strong></span> <span class='ocrx_word' id='word_1_99' title='bbox 1008 1101 1152 1178; x_wconf 79' lang='grc' dir='ltr'>ΧΧΝ..)’</span> <span class='ocrx_word' id='word_1_100' title='bbox 1176 1105 1293 1178; x_wconf 82' lang='lat' dir='ltr'><strong>Quarto</strong></span> <span class='ocrx_word' id='word_1_101' title='bbox 1325 1123 1363 1166; x_wconf 82' lang='lat' dir='ltr'><strong>ex</strong></span> <span class='ocrx_word' id='word_1_102' title='bbox 1392 1104 1604 1169; x_wconf 88' lang='lat' dir='ltr'><strong>observatione</strong></span> 
     </span>
     <span class='ocr_line' id='line_1_10' title="bbox 256 1171 1603 1270; baseline -0.004 -8"><span class='ocrx_word' id='word_1_103' title='bbox 256 1200 365 1262; x_wconf 89' lang='lat' dir='ltr'><strong>dantur</strong></span> <span class='ocrx_word' id='word_1_104' title='bbox 387 1196 557 1260; x_wconf 88' lang='lat' dir='ltr'><strong>certissima</strong></span> <span class='ocrx_word' id='word_1_105' title='bbox 579 1196 646 1258; x_wconf 90' lang='lat' dir='ltr'><strong>loca</strong></span> <span class='ocrx_word' id='word_1_106' title='bbox 669 1194 815 1258; x_wconf 89' lang='lat' dir='ltr'><strong>linearum</strong></span> <span class='ocrx_word' id='word_1_107' title='bbox 834 1195 906 1270; x_wconf 87' lang='lat' dir='ltr'><strong>AG,</strong></span> <span class='ocrx_word' id='word_1_108' title='bbox 925 1196 1050 1258; x_wconf 80' lang='lat' dir='ltr'><strong>AFdso.</strong></span> <span class='ocrx_word' id='word_1_109' title='bbox 1075 1196 1130 1258; x_wconf 89' lang='lat' dir='ltr'><strong>sub</strong></span> <span class='ocrx_word' id='word_1_110' title='bbox 1154 1195 1222 1258; x_wconf 85' lang='lat' dir='ltr'><strong>lixis</strong></span> <span class='ocrx_word' id='word_1_111' title='bbox 1241 1193 1406 1260; x_wconf 87' lang='lat' dir='ltr'><strong>adomnia</strong></span> <span class='ocrx_word' id='word_1_112' title='bbox 1428 1171 1603 1258; x_wconf 82' lang='lat' dir='ltr'><strong>looaSolis</strong></span> 
     </span>
     <span class='ocr_line' id='line_1_11' title="bbox 255 1273 1604 1388; baseline -0.002 -37"><span class='ocrx_word' id='word_1_113' title='bbox 255 1286 425 1362; x_wconf 78' lang='lat' dir='ltr'><strong>Quintod,</strong></span> <span class='ocrx_word' id='word_1_114' title='bbox 449 1309 475 1364; x_wconf 82' lang='lat' dir='ltr'><strong>q,</strong></span> <span class='ocrx_word' id='word_1_115' title='bbox 501 1309 524 1359; x_wconf 82' lang='lat' dir='ltr'><strong>s,</strong></span> <span class='ocrx_word' id='word_1_116' title='bbox 548 1281 696 1360; x_wconf 79' lang='grc' dir='ltr'><strong>ζνιιΗ,</strong></span> <span class='ocrx_word' id='word_1_117' title='bbox 721 1285 757 1361; x_wconf 98' lang='grc' dir='ltr'><strong>Τ,</strong></span> <span class='ocrx_word' id='word_1_118' title='bbox 780 1285 817 1361; x_wconf 85' lang='grc' dir='ltr'><strong>Ε,</strong></span> <span class='ocrx_word' id='word_1_119' title='bbox 842 1285 865 1348; x_wconf 89' lang='lat' dir='ltr'>S</span> <span class='ocrx_word' id='word_1_120' title='bbox 896 1284 1128 1388; x_wconf 65' lang='lat' dir='ltr'><strong>praesuppositis</strong></span> <span class='ocrx_word' id='word_1_121' title='bbox 1158 1292 1229 1348; x_wconf 91' lang='lat' dir='ltr'><strong>suut</strong></span> <span class='ocrx_word' id='word_1_122' title='bbox 1260 1273 1328 1348; x_wconf 85' lang='lat' dir='ltr'><strong>esse</strong></span> <span class='ocrx_word' id='word_1_123' title='bbox 1338 1283 1581 1347; x_wconf 86' lang='lat' dir='ltr'><strong>sensibiliter</strong></span> <span class='ocrx_word' id='word_1_124' title='bbox 1572 1305 1604 1348; x_wconf 88' lang='grc' dir='ltr'><strong>ιι</strong></span> 
     </span>
     <span class='ocr_line' id='line_1_12' title="bbox 253 1333 1602 1455; baseline -0.005 -13"><span class='ocrx_word' id='word_1_125' title='bbox 253 1396 311 1442; x_wconf 89' lang='lat' dir='ltr'><strong>uno</strong></span> <span class='ocrx_word' id='word_1_126' title='bbox 335 1375 456 1440; x_wconf 84' lang='lat' dir='ltr'><strong>circulo.</strong></span> <span class='ocrx_word' id='word_1_127' title='bbox 494 1333 595 1446; x_wconf 84' lang='lat' dir='ltr'><strong>Quare</strong></span> <span class='ocrx_word' id='word_1_128' title='bbox 614 1373 661 1436; x_wconf 91' lang='lat' dir='ltr'><strong>his</strong></span> <span class='ocrx_word' id='word_1_129' title='bbox 675 1376 764 1454; x_wconf 91' lang='lat' dir='ltr'><strong>plane</strong></span> <span class='ocrx_word' id='word_1_130' title='bbox 783 1374 939 1449; x_wconf 87' lang='lat' dir='ltr'><strong>assumtis,</strong></span> <span class='ocrx_word' id='word_1_131' title='bbox 963 1393 1022 1437; x_wconf 92' lang='lat' dir='ltr'><strong>non</strong></span> <span class='ocrx_word' id='word_1_132' title='bbox 1037 1373 1170 1454; x_wconf 91' lang='lat' dir='ltr'><strong>pluribus</strong></span> <span class='ocrx_word' id='word_1_133' title='bbox 1194 1392 1252 1436; x_wconf 94' lang='lat' dir='ltr'><strong>uon</strong></span> <span class='ocrx_word' id='word_1_134' title='bbox 1267 1372 1468 1455; x_wconf 75' lang='lat' dir='ltr'><strong>paucioribus,</strong></span> <span class='ocrx_word' id='word_1_135' title='bbox 1492 1393 1602 1436; x_wconf 88' lang='lat' dir='ltr'><strong>ueces-</strong></span> 
     </span>
     <span class='ocr_line' id='line_1_13' title="bbox 253 1461 1604 1544; baseline -0.001 -16"><span class='ocrx_word' id='word_1_136' title='bbox 253 1467 346 1530; x_wconf 89' lang='lat' dir='ltr'><strong>sitate</strong></span> <span class='ocrx_word' id='word_1_137' title='bbox 370 1463 548 1544; x_wconf 86' lang='lat' dir='ltr'><strong>triangulari</strong></span> <span class='ocrx_word' id='word_1_138' title='bbox 571 1465 660 1526; x_wconf 90' lang='lat' dir='ltr'><strong>datur</strong></span> <span class='ocrx_word' id='word_1_139' title='bbox 682 1463 835 1544; x_wconf 91' lang='lat' dir='ltr'><strong>proportio</strong></span> <span class='ocrx_word' id='word_1_140' title='bbox 859 1464 989 1526; x_wconf 91' lang='lat' dir='ltr'><strong>omnium</strong></span> <span class='ocrx_word' id='word_1_141' title='bbox 1007 1463 1076 1538; x_wconf 84' lang='grc' dir='ltr'><strong>ΑΗ,</strong></span> <span class='ocrx_word' id='word_1_142' title='bbox 1096 1463 1152 1528; x_wconf 78' lang='grc' dir='ltr'><strong>ΔΤ</strong></span> <span class='ocrx_word' id='word_1_143' title='bbox 1167 1464 1219 1526; x_wconf 80' lang='lat' dir='ltr'><strong>dcc.</strong></span> <span class='ocrx_word' id='word_1_144' title='bbox 1244 1465 1283 1534; x_wconf 92' lang='lat' dir='ltr'><strong>ad</strong></span> <span class='ocrx_word' id='word_1_145' title='bbox 1305 1461 1390 1542; x_wconf 83' lang='lat' dir='ltr'><strong>HG,</strong></span> <span class='ocrx_word' id='word_1_146' title='bbox 1400 1463 1452 1525; x_wconf 88' lang='lat' dir='ltr'><strong>TF</strong></span> <span class='ocrx_word' id='word_1_147' title='bbox 1474 1463 1532 1526; x_wconf 77' lang='lat' dir='ltr'><strong>uc</strong></span> <span class='ocrx_word' id='word_1_148' title='bbox 1566 1465 1604 1528; x_wconf 93' lang='lat' dir='ltr'><strong>Id</strong></span> 
     </span>
     <span class='ocr_line' id='line_1_14' title="bbox 254 1550 1602 1630; baseline -0.002 -12"><span class='ocrx_word' id='word_1_149' title='bbox 254 1557 346 1620; x_wconf 89' lang='lat' dir='ltr'><strong>etiam</strong></span> <span class='ocrx_word' id='word_1_150' title='bbox 368 1553 485 1617; x_wconf 85' lang='lat' dir='ltr'><strong>tentavi</strong></span> <span class='ocrx_word' id='word_1_151' title='bbox 510 1552 607 1616; x_wconf 90' lang='lat' dir='ltr'><strong>ductis</strong></span> <span class='ocrx_word' id='word_1_152' title='bbox 629 1554 721 1616; x_wconf 88' lang='lat' dir='ltr'><strong>rectis</strong></span> <span class='ocrx_word' id='word_1_153' title='bbox 745 1573 783 1614; x_wconf 85' lang='lat' dir='ltr'><strong>ex</strong></span> <span class='ocrx_word' id='word_1_154' title='bbox 806 1562 831 1624; x_wconf 74' lang='lat' dir='ltr'>d</span> <span class='ocrx_word' id='word_1_155' title='bbox 854 1552 885 1616; x_wconf 90' lang='lat' dir='ltr'><strong>in</strong></span> <span class='ocrx_word' id='word_1_156' title='bbox 909 1554 1015 1616; x_wconf 90' lang='lat' dir='ltr'><strong>locum</strong></span> <span class='ocrx_word' id='word_1_157' title='bbox 1027 1551 1110 1626; x_wconf 78' lang='lat' dir='ltr'><strong>Solis</strong></span> <span class='ocrx_word' id='word_1_158' title='bbox 1134 1551 1279 1628; x_wconf 90' lang='lat' dir='ltr'><strong>medium,</strong></span> <span class='ocrx_word' id='word_1_159' title='bbox 1304 1550 1471 1619; x_wconf 78' lang='lat' dir='ltr'><strong>seeundum</strong></span> <span class='ocrx_word' id='word_1_160' title='bbox 1493 1571 1602 1630; x_wconf 87' lang='lat' dir='ltr'><strong>eccep-</strong></span> 
     </span>
     <span class='ocr_line' id='line_1_15' title="bbox 255 1637 1604 1752; baseline -0.002 -44"><span class='ocrx_word' id='word_1_161' title='bbox 255 1645 420 1710; x_wconf 86' lang='lat' dir='ltr'><strong>tricitatem</strong></span> <span class='ocrx_word' id='word_1_162' title='bbox 444 1637 541 1706; x_wconf 81' lang='lat'>3600</span> <span class='ocrx_word' id='word_1_163' title='bbox 574 1641 668 1704; x_wconf 88' lang='lat' dir='ltr'><strong>Nam</strong></span> <span class='ocrx_word' id='word_1_164' title='bbox 691 1643 831 1705; x_wconf 82' lang='lat' dir='ltr'><strong>inventus</strong></span> <span class='ocrx_word' id='word_1_165' title='bbox 863 1652 912 1705; x_wconf 89' lang='lat' dir='ltr'><strong>est</strong></span> <span class='ocrx_word' id='word_1_166' title='bbox 934 1644 984 1714; x_wconf 80' lang='lat' dir='ltr'><strong>ille</strong></span> <span class='ocrx_word' id='word_1_167' title='bbox 1008 1642 1123 1706; x_wconf 89' lang='lat' dir='ltr'><strong>medius</strong></span> <span class='ocrx_word' id='word_1_168' title='bbox 1147 1641 1202 1705; x_wconf 90' lang='lat' dir='ltr'><strong>Sol</strong></span> <span class='ocrx_word' id='word_1_169' title='bbox 1225 1641 1423 1724; x_wconf 78' lang='lat' dir='ltr'><strong>inaequaliter</strong></span> <span class='ocrx_word' id='word_1_170' title='bbox 1446 1641 1604 1752; x_wconf 84' lang='lat' dir='ltr'><strong>distarea</strong></span> 
     </span>
     <span class='ocr_line' id='line_1_16' title="bbox 256 1727 1476 1813; baseline -0.002 -17"><span class='ocrx_word' id='word_1_171' title='bbox 256 1733 350 1803; x_wconf 81' lang='lat' dir='ltr'><strong>Terra</strong></span> <span class='ocrx_word' id='word_1_172' title='bbox 372 1732 497 1813; x_wconf 85' lang='lat' dir='ltr'><strong>ideoque</strong></span> <span class='ocrx_word' id='word_1_173' title='bbox 521 1750 580 1794; x_wconf 92' lang='lat' dir='ltr'><strong>nou</strong></span> <span class='ocrx_word' id='word_1_174' title='bbox 603 1749 673 1794; x_wconf 87' lang='lat' dir='ltr'><strong>rere</strong></span> <span class='ocrx_word' id='word_1_175' title='bbox 698 1751 765 1796; x_wconf 82' lang='lat' dir='ltr'><strong>esse</strong></span> <span class='ocrx_word' id='word_1_176' title='bbox 783 1727 903 1798; x_wconf 92' lang='lat' dir='ltr'><strong>medius</strong></span> <span class='ocrx_word' id='word_1_177' title='bbox 927 1730 991 1795; x_wconf 88' lang='lat' dir='ltr'><strong>Sol.</strong></span> <span class='ocrx_word' id='word_1_178' title='bbox 1473 1772 1476 1782; x_wconf 89' lang='lat'><em>·</em></span> 
     </span>
    </p>

    <p class='ocr_par' dir='ltr' id='par_1_5' title="bbox 247 1797 1658 3850">
     <span class='ocr_line' id='line_1_17' title="bbox 338 1797 1650 1908; baseline -0.006 -22"><span class='ocrx_word' id='word_1_179' title='bbox 338 1821 432 1908; x_wconf 80' lang='lat' dir='ltr'><strong>Porro</strong></span> <span class='ocrx_word' id='word_1_180' title='bbox 455 1839 493 1883; x_wconf 85' lang='lat' dir='ltr'><strong>ex</strong></span> <span class='ocrx_word' id='word_1_181' title='bbox 516 1819 596 1882; x_wconf 87' lang='lat' dir='ltr'><strong>datis</strong></span> <span class='ocrx_word' id='word_1_182' title='bbox 620 1820 855 1901; x_wconf 81' lang='lat' dir='ltr'><strong>longitudinibus</strong></span> <span class='ocrx_word' id='word_1_183' title='bbox 868 1822 937 1896; x_wconf 82' lang='grc' dir='ltr'><strong>ΑΗ,</strong></span> <span class='ocrx_word' id='word_1_184' title='bbox 953 1821 1010 1885; x_wconf 80' lang='grc' dir='ltr'><strong>ΔΤ</strong></span> <span class='ocrx_word' id='word_1_185' title='bbox 1023 1822 1077 1884; x_wconf 79' lang='lat' dir='ltr'><strong>&amp;c</strong></span> <span class='ocrx_word' id='word_1_186' title='bbox 1097 1821 1141 1884; x_wconf 93' lang='lat' dir='ltr'><strong>sic</strong></span> <span class='ocrx_word' id='word_1_187' title='bbox 1157 1819 1363 1902; x_wconf 84' lang='lat' dir='ltr'><strong>ordinatarum</strong></span> <span class='ocrx_word' id='word_1_188' title='bbox 1377 1799 1467 1902; x_wconf 82' lang='lat' dir='ltr'><strong>plane</strong></span> <span class='ocrx_word' id='word_1_189' title='bbox 1491 1797 1601 1884; x_wconf 83' lang='grc' dir='ltr'><strong>ιιιιι-</strong></span> <span class='ocrx_word' id='word_1_190' title='bbox 1645 1873 1650 1878; x_wconf 92' lang='grc'>.</span> 
     </span>
     <span class='ocr_line' id='line_1_18' title="bbox 251 1897 1604 2014; baseline -0.004 -37"><span class='ocrx_word' id='word_1_191' title='bbox 251 1911 332 1977; x_wconf 88' lang='lat' dir='ltr'><strong>sario</strong></span> <span class='ocrx_word' id='word_1_192' title='bbox 356 1897 489 1995; x_wconf 82' lang='lat' dir='ltr'><strong>sequitur</strong></span> <span class='ocrx_word' id='word_1_193' title='bbox 512 1911 601 1972; x_wconf 86' lang='lat' dir='ltr'><strong>certa</strong></span> <span class='ocrx_word' id='word_1_194' title='bbox 620 1910 720 1992; x_wconf 91' lang='lat' dir='ltr'><strong>aliqua</strong></span> <span class='ocrx_word' id='word_1_195' title='bbox 743 1911 954 1974; x_wconf 87' lang='lat' dir='ltr'><strong>eccentricitas</strong></span> <span class='ocrx_word' id='word_1_196' title='bbox 986 1930 1080 2014; x_wconf 85' lang='lat' dir='ltr'><strong>eaque</strong></span> <span class='ocrx_word' id='word_1_197' title='bbox 1107 1906 1193 1974; x_wconf 84' lang='lat'>1800</span> <span class='ocrx_word' id='word_1_198' title='bbox 1223 1909 1367 1989; x_wconf 81' lang='lat' dir='ltr'><strong>proxime,</strong></span> <span class='ocrx_word' id='word_1_199' title='bbox 1388 1909 1481 1989; x_wconf 83' lang='lat' dir='ltr'><strong>plane</strong></span> <span class='ocrx_word' id='word_1_200' title='bbox 1503 1917 1539 1971; x_wconf 90' lang='lat' dir='ltr'><strong>nt</strong></span> <span class='ocrx_word' id='word_1_201' title='bbox 1571 1917 1604 1972; x_wconf 92' lang='lat' dir='ltr'><strong>et</strong></span> 
     </span>
     <span class='ocr_line' id='line_1_19' title="bbox 254 1996 1601 2081; baseline -0.004 -16"><span class='ocrx_word' id='word_1_202' title='bbox 254 2001 330 2066; x_wconf 86' lang='lat' dir='ltr'><strong>ratio</strong></span> <span class='ocrx_word' id='word_1_203' title='bbox 354 1999 501 2070; x_wconf 85' lang='lat' dir='ltr'><strong>naturalis</strong></span> <span class='ocrx_word' id='word_1_204' title='bbox 524 1999 642 2062; x_wconf 89' lang='lat' dir='ltr'><strong>suadet.</strong></span> <span class='ocrx_word' id='word_1_205' title='bbox 673 2001 747 2062; x_wconf 86' lang='lat' dir='ltr'><strong>Hic</strong></span> <span class='ocrx_word' id='word_1_206' title='bbox 769 2007 811 2075; x_wconf 85' lang='lat' dir='ltr'><strong>te,</strong></span> <span class='ocrx_word' id='word_1_207' title='bbox 828 2001 970 2076; x_wconf 83' lang='lat' dir='ltr'><strong>Fabrici,</strong></span> <span class='ocrx_word' id='word_1_208' title='bbox 1001 2000 1095 2062; x_wconf 91' lang='lat' dir='ltr'><strong>virum</strong></span> <span class='ocrx_word' id='word_1_209' title='bbox 1117 2008 1242 2081; x_wconf 86' lang='lat' dir='ltr'><strong>praesta</strong></span> <span class='ocrx_word' id='word_1_210' title='bbox 1266 2005 1298 2061; x_wconf 91' lang='lat' dir='ltr'><strong>et</strong></span> <span class='ocrx_word' id='word_1_211' title='bbox 1320 2017 1378 2059; x_wconf 92' lang='lat' dir='ltr'><strong>non</strong></span> <span class='ocrx_word' id='word_1_212' title='bbox 1401 1997 1454 2060; x_wconf 87' lang='lat' dir='ltr'><strong>illa</strong></span> <span class='ocrx_word' id='word_1_213' title='bbox 1478 1996 1601 2062; x_wconf 79' lang='lat' dir='ltr'><strong>Christ-</strong></span> 
     </span>
     <span class='ocr_line' id='line_1_20' title="bbox 249 2087 1600 2172; baseline -0.002 -18"><span class='ocrx_word' id='word_1_214' title='bbox 249 2091 410 2154; x_wconf 89' lang='lat' dir='ltr'><strong>manuiaua</strong></span> <span class='ocrx_word' id='word_1_215' title='bbox 426 2089 653 2170; x_wconf 85' lang='lat' dir='ltr'><strong>argumentandi</strong></span> <span class='ocrx_word' id='word_1_216' title='bbox 674 2089 770 2154; x_wconf 80' lang='lat' dir='ltr'><strong>torma</strong></span> <span class='ocrx_word' id='word_1_217' title='bbox 783 2109 829 2152; x_wconf 92' lang='lat' dir='ltr'><strong>me</strong></span> <span class='ocrx_word' id='word_1_218' title='bbox 846 2107 1000 2172; x_wconf 79' lang='lat' dir='ltr'><strong>oppugnes</strong></span> <span class='ocrx_word' id='word_1_219' title='bbox 1015 2095 1106 2163; x_wconf 75' lang='lat' dir='ltr'><strong>(comp.</strong></span> <span class='ocrx_word' id='word_1_220' title='bbox 1124 2097 1180 2153; x_wconf 81' lang='lat' dir='ltr'><strong>vol.</strong></span> <span class='ocrx_word' id='word_1_221' title='bbox 1194 2095 1228 2156; x_wconf 87' lang='grc' dir='ltr'><strong>ιι,</strong></span> <span class='ocrx_word' id='word_1_222' title='bbox 1247 2087 1305 2163; x_wconf 73' lang='lat' dir='ltr'><strong>pag.</strong></span> <span class='ocrx_word' id='word_1_223' title='bbox 1325 2092 1400 2164; x_wconf 83' lang='grc' dir='ltr'><strong>ιιι),</strong></span> <span class='ocrx_word' id='word_1_224' title='bbox 1425 2100 1492 2150; x_wconf 84' lang='lat' dir='ltr'><strong>cuni</strong></span> <span class='ocrx_word' id='word_1_225' title='bbox 1514 2089 1600 2169; x_wconf 85' lang='lat' dir='ltr'><strong>prin-¹</strong></span> 
     </span>
     <span class='ocr_line' id='line_1_21' title="bbox 251 2173 1600 2282; baseline -0.001 -38"><span class='ocrx_word' id='word_1_226' title='bbox 251 2180 340 2262; x_wconf 86' lang='lat' dir='ltr'><strong>sipia·</strong></span> <span class='ocrx_word' id='word_1_227' title='bbox 352 2179 457 2242; x_wconf 89' lang='lat' dir='ltr'><strong>videas</strong></span> <span class='ocrx_word' id='word_1_228' title='bbox 481 2179 518 2244; x_wconf 92' lang='lat' dir='ltr'><strong>ob</strong></span> <span class='ocrx_word' id='word_1_229' title='bbox 542 2180 656 2255; x_wconf 84' lang='lat' dir='ltr'><strong>oculos,</strong></span> <span class='ocrx_word' id='word_1_230' title='bbox 680 2180 786 2262; x_wconf 87' lang='lat' dir='ltr'><strong>quibus</strong></span> <span class='ocrx_word' id='word_1_231' title='bbox 811 2179 966 2242; x_wconf 80' lang='lat' dir='ltr'><strong>dissolutis</strong></span> <span class='ocrx_word' id='word_1_232' title='bbox 988 2187 1056 2242; x_wconf 87' lang='lat' dir='ltr'><strong>ruet</strong></span> <span class='ocrx_word' id='word_1_233' title='bbox 1074 2179 1153 2259; x_wconf 89' lang='lat' dir='ltr'><strong>quod</strong></span> <span class='ocrx_word' id='word_1_234' title='bbox 1167 2173 1424 2282; x_wconf 79' lang='lat' dir='ltr'><strong>superaedificavi,</strong></span> <span class='ocrx_word' id='word_1_235' title='bbox 1449 2177 1600 2242; x_wconf 87' lang='lat' dir='ltr'><strong>stantibus</strong></span> 
     </span>
     <span class='ocr_line' id='line_1_22' title="bbox 250 2267 1600 2352; baseline -0.001 -20"><span class='ocrx_word' id='word_1_236' title='bbox 250 2268 346 2332; x_wconf 85' lang='lat' dir='ltr'><strong>stabit</strong></span> <span class='ocrx_word' id='word_1_237' title='bbox 377 2275 483 2331; x_wconf 91' lang='lat' dir='ltr'><strong>eontra</strong></span> <span class='ocrx_word' id='word_1_238' title='bbox 514 2281 616 2330; x_wconf 88' lang='lat' dir='ltr'><strong>omnes</strong></span> <span class='ocrx_word' id='word_1_239' title='bbox 639 2268 770 2332; x_wconf 83' lang='lat' dir='ltr'><strong>Martiae</strong></span> <span class='ocrx_word' id='word_1_240' title='bbox 803 2269 1006 2352; x_wconf 85' lang='lat' dir='ltr'><strong>hypotheseos</strong></span> <span class='ocrx_word' id='word_1_241' title='bbox 1038 2268 1164 2330; x_wconf 84' lang='lat' dir='ltr'><strong>furores.</strong></span> <span class='ocrx_word' id='word_1_242' title='bbox 1201 2268 1290 2336; x_wconf 91' lang='lat' dir='ltr'><strong>Nam</strong></span> <span class='ocrx_word' id='word_1_243' title='bbox 1311 2267 1384 2330; x_wconf 93' lang='grc' dir='ltr'><strong>ιιι</strong></span> <span class='ocrx_word' id='word_1_244' title='bbox 1370 2285 1435 2348; x_wconf 86' lang='lat' dir='ltr'><strong>Jam</strong></span> <span class='ocrx_word' id='word_1_245' title='bbox 1464 2286 1600 2350; x_wconf 88' lang='lat' dir='ltr'><strong>pergam,</strong></span> 
     </span>
     <span class='ocr_line' id='line_1_23' title="bbox 252 2347 1603 2438; baseline -0.001 -16"><span class='ocrx_word' id='word_1_246' title='bbox 252 2358 405 2422; x_wconf 81' lang='lat' dir='ltr'><strong>stantibus</strong></span> <span class='ocrx_word' id='word_1_247' title='bbox 429 2357 477 2418; x_wconf 93' lang='lat' dir='ltr'><strong>his</strong></span> <span class='ocrx_word' id='word_1_248' title='bbox 500 2347 656 2420; x_wconf 85' lang='lat' dir='ltr'><strong>stabilitur</strong></span> <span class='ocrx_word' id='word_1_249' title='bbox 679 2379 738 2420; x_wconf 89' lang='lat' dir='ltr'><strong>una</strong></span> <span class='ocrx_word' id='word_1_250' title='bbox 759 2357 843 2422; x_wconf 91' lang='lat' dir='ltr'><strong>locus</strong></span> <span class='ocrx_word' id='word_1_251' title='bbox 876 2358 973 2421; x_wconf 88' lang='lat' dir='ltr'><strong>lineae</strong></span> <span class='ocrx_word' id='word_1_252' title='bbox 997 2356 1058 2438; x_wconf 83' lang='lat' dir='ltr'><strong>HG</strong></span> <span class='ocrx_word' id='word_1_253' title='bbox 1086 2358 1141 2420; x_wconf 89' lang='lat' dir='ltr'><strong>sub</strong></span> <span class='ocrx_word' id='word_1_254' title='bbox 1169 2357 1236 2420; x_wconf 82' lang='lat' dir='ltr'><strong>fixis</strong></span> <span class='ocrx_word' id='word_1_255' title='bbox 1260 2355 1412 2438; x_wconf 82' lang='lat' dir='ltr'><strong>(quamvis</strong></span> <span class='ocrx_word' id='word_1_256' title='bbox 1435 2356 1484 2420; x_wconf 88' lang='lat' dir='ltr'><strong>hie</strong></span> <span class='ocrx_word' id='word_1_257' title='bbox 1507 2356 1603 2420; x_wconf 89' lang='lat' dir='ltr'><strong>etiam</strong></span> 
     </span>
     <span class='ocr_line' id='line_1_24' title="bbox 250 2429 1604 2534; baseline -0.003 -22"><span class='ocrx_word' id='word_1_258' title='bbox 250 2469 288 2512; x_wconf 88' lang='grc' dir='ltr'><strong>ιιι</strong></span> <span class='ocrx_word' id='word_1_259' title='bbox 311 2429 522 2510; x_wconf 76' lang='lat' dir='ltr'><strong>observatione</strong></span> <span class='ocrx_word' id='word_1_260' title='bbox 545 2446 649 2508; x_wconf 91' lang='lat' dir='ltr'><strong>haberi</strong></span> <span class='ocrx_word' id='word_1_261' title='bbox 672 2447 785 2527; x_wconf 88' lang='lat' dir='ltr'><strong>possit,</strong></span> <span class='ocrx_word' id='word_1_262' title='bbox 813 2448 840 2509; x_wconf 94' lang='grc' dir='ltr'><strong>ιι</strong></span> <span class='ocrx_word' id='word_1_263' title='bbox 863 2449 960 2511; x_wconf 90' lang='lat' dir='ltr'><strong>altera</strong></span> <span class='ocrx_word' id='word_1_264' title='bbox 983 2429 1134 2512; x_wconf 73' lang='lat' dir='ltr'><strong>exiiet</strong></span> <span class='ocrx_word' id='word_1_265' title='bbox 1156 2443 1418 2510; x_wconf 88' lang='lat' dir='ltr'><strong>observationibus</strong></span> <span class='ocrx_word' id='word_1_266' title='bbox 1441 2447 1483 2508; x_wconf 91' lang='grc' dir='ltr'><strong>ιιι</strong></span> <span class='ocrx_word' id='word_1_267' title='bbox 1487 2445 1604 2534; x_wconf 70' lang='lat' dir='ltr'><strong>dapne</strong></span> 
     </span>
     <span class='ocr_line' id='line_1_25' title="bbox 247 2534 1600 2620; baseline -0.002 -19"><span class='ocrx_word' id='word_1_268' title='bbox 247 2560 356 2620; x_wconf 62' lang='lat' dir='ltr'><strong>mica,</strong></span> <span class='ocrx_word' id='word_1_269' title='bbox 380 2534 430 2598; x_wconf 88' lang='lat' dir='ltr'><strong>ubi</strong></span> <span class='ocrx_word' id='word_1_270' title='bbox 451 2534 536 2598; x_wconf 88' lang='lat' dir='ltr'><strong>Mara</strong></span> <span class='ocrx_word' id='word_1_271' title='bbox 559 2535 677 2600; x_wconf 85' lang='lat' dir='ltr'><strong>exuitur</strong></span> <span class='ocrx_word' id='word_1_272' title='bbox 699 2537 849 2618; x_wconf 81' lang='lat' dir='ltr'><strong>parallaxi</strong></span> <span class='ocrx_word' id='word_1_273' title='bbox 873 2547 905 2599; x_wconf 89' lang='lat' dir='ltr'><strong>et</strong></span> <span class='ocrx_word' id='word_1_274' title='bbox 927 2537 1114 2618; x_wconf 84' lang='lat' dir='ltr'><strong>spectatur&#39;</strong></span> <span class='ocrx_word' id='word_1_275' title='bbox 1106 2557 1136 2598; x_wconf 90' lang='grc' dir='ltr'><strong>ιι</strong></span> <span class='ocrx_word' id='word_1_276' title='bbox 1159 2556 1213 2598; x_wconf 91' lang='lat' dir='ltr'><strong>suo</strong></span> <span class='ocrx_word' id='word_1_277' title='bbox 1238 2555 1308 2598; x_wconf 87' lang='lat' dir='ltr'><strong>vero</strong></span> <span class='ocrx_word' id='word_1_278' title='bbox 1331 2535 1397 2598; x_wconf 91' lang='lat' dir='ltr'><strong>loco</strong></span> <span class='ocrx_word' id='word_1_279' title='bbox 1420 2537 1600 2612; x_wconf 86' lang='lat' dir='ltr'><strong>eccentrioo,</strong></span> 
     </span>
     <span class='ocr_line' id='line_1_26' title="bbox 248 2623 1602 2707; baseline -0.001 -17"><span class='ocrx_word' id='word_1_280' title='bbox 248 2628 360 2707; x_wconf 83' lang='lat' dir='ltr'><strong>inquo</strong></span> <span class='ocrx_word' id='word_1_281' title='bbox 384 2625 476 2688; x_wconf 88' lang='lat' dir='ltr'><strong>etiarn</strong></span> <span class='ocrx_word' id='word_1_282' title='bbox 498 2631 547 2686; x_wconf 91' lang='lat' dir='ltr'><strong>est</strong></span> <span class='ocrx_word' id='word_1_283' title='bbox 569 2633 640 2706; x_wconf 91' lang='lat' dir='ltr'><strong>post</strong></span> <span class='ocrx_word' id='word_1_284' title='bbox 663 2627 797 2706; x_wconf 86' lang='lat' dir='ltr'><strong>integras</strong></span> <span class='ocrx_word' id='word_1_285' title='bbox 816 2628 1029 2700; x_wconf 87' lang='lat' dir='ltr'><strong>revolutiones,</strong></span> <span class='ocrx_word' id='word_1_286' title='bbox 1054 2625 1219 2707; x_wconf 89' lang='lat' dir='ltr'><strong>ubicunque</strong></span> <span class='ocrx_word' id='word_1_287' title='bbox 1244 2635 1307 2688; x_wconf 86' lang='lat' dir='ltr'><strong>tum</strong></span> <span class='ocrx_word' id='word_1_288' title='bbox 1330 2623 1385 2688; x_wconf 93' lang='lat' dir='ltr'><strong>Sol</strong></span> <span class='ocrx_word' id='word_1_289' title='bbox 1407 2625 1475 2700; x_wconf 87' lang='lat' dir='ltr'><strong>sit),</strong></span> <span class='ocrx_word' id='word_1_290' title='bbox 1500 2625 1602 2688; x_wconf 91' lang='lat' dir='ltr'><strong>stabi-</strong></span> 
     </span>
     <span class='ocr_line' id='line_1_27' title="bbox 249 2713 1601 2798; baseline -0.003 -18"><span class='ocrx_word' id='word_1_291' title='bbox 249 2717 321 2780; x_wconf 88' lang='lat' dir='ltr'><strong>litur</strong></span> <span class='ocrx_word' id='word_1_292' title='bbox 343 2715 436 2778; x_wconf 89' lang='lat' dir='ltr'><strong>etiam</strong></span> <span class='ocrx_word' id='word_1_293' title='bbox 458 2716 611 2796; x_wconf 87' lang='lat' dir='ltr'><strong>proportio</strong></span> <span class='ocrx_word' id='word_1_294' title='bbox 637 2714 697 2778; x_wconf 87' lang='lat' dir='ltr'><strong>GH</strong></span> <span class='ocrx_word' id='word_1_295' title='bbox 720 2716 760 2777; x_wconf 91' lang='lat' dir='ltr'><strong>ad</strong></span> <span class='ocrx_word' id='word_1_296' title='bbox 783 2735 985 2798; x_wconf 89' lang='lat' dir='ltr'><strong>quamcunque</strong></span> <span class='ocrx_word' id='word_1_297' title='bbox 1009 2734 1048 2777; x_wconf 83' lang='lat' dir='ltr'><strong>ex</strong></span> <span class='ocrx_word' id='word_1_298' title='bbox 1069 2715 1152 2790; x_wconf 84' lang='lat' dir='ltr'><strong>A(a)</strong></span> <span class='ocrx_word' id='word_1_299' title='bbox 1177 2715 1223 2776; x_wconf 86' lang='lat' dir='ltr'><strong>ad</strong></span> <span class='ocrx_word' id='word_1_300' title='bbox 1246 2715 1362 2786; x_wconf 90' lang='lat' dir='ltr'><strong>radium</strong></span> <span class='ocrx_word' id='word_1_301' title='bbox 1394 2715 1458 2796; x_wconf 90' lang='lat' dir='ltr'><strong>ejus</strong></span> <span class='ocrx_word' id='word_1_302' title='bbox 1486 2713 1601 2791; x_wconf 89' lang='lat' dir='ltr'><strong>circuli,</strong></span> 
     </span>
     <span class='ocr_line' id='line_1_28' title="bbox 248 2800 1601 2885; baseline 0 -17"><span class='ocrx_word' id='word_1_303' title='bbox 248 2804 279 2868; x_wconf 92' lang='grc' dir='ltr'><strong>ιι</strong></span> <span class='ocrx_word' id='word_1_304' title='bbox 302 2823 359 2885; x_wconf 90' lang='lat' dir='ltr'><strong>quo</strong></span> <span class='ocrx_word' id='word_1_305' title='bbox 384 2812 454 2868; x_wconf 86' lang='lat' dir='ltr'><strong>snut</strong></span> <span class='ocrx_word' id='word_1_306' title='bbox 477 2822 579 2866; x_wconf 90' lang='lat' dir='ltr'><strong>omnes</strong></span> <span class='ocrx_word' id='word_1_307' title='bbox 593 2804 633 2880; x_wconf 89' lang='grc' dir='ltr'><strong>Η,</strong></span> <span class='ocrx_word' id='word_1_308' title='bbox 649 2805 684 2879; x_wconf 91' lang='grc' dir='ltr'><strong>Τ,</strong></span> <span class='ocrx_word' id='word_1_309' title='bbox 699 2804 736 2878; x_wconf 88' lang='lat' dir='ltr'><strong>E,</strong></span> <span class='ocrx_word' id='word_1_310' title='bbox 751 2803 775 2873; x_wconf 82' lang='lat' dir='ltr'>S</span> <span class='ocrx_word' id='word_1_311' title='bbox 798 2808 847 2868; x_wconf 89' lang='lat' dir='ltr'><strong>vel</strong></span> <span class='ocrx_word' id='word_1_312' title='bbox 863 2825 972 2869; x_wconf 61' lang='lat' dir='ltr'><strong>‘omnes</strong></span> <span class='ocrx_word' id='word_1_313' title='bbox 991 2809 1027 2879; x_wconf 75' lang='grc' dir='ltr'><strong>θ,</strong></span> <span class='ocrx_word' id='word_1_314' title='bbox 1039 2826 1066 2882; x_wconf 85' lang='lat' dir='ltr'><strong>q,</strong></span> <span class='ocrx_word' id='word_1_315' title='bbox 1080 2828 1104 2876; x_wconf 86' lang='grc' dir='ltr'><strong>ι,</strong></span> <span class='ocrx_word' id='word_1_316' title='bbox 1120 2800 1145 2878; x_wconf 70' lang='grc' dir='ltr'>ζ</span> <span class='ocrx_word' id='word_1_317' title='bbox 1180 2803 1339 2868; x_wconf 80' lang='lat' dir='ltr'><strong>‘Consimili</strong></span> <span class='ocrx_word' id='word_1_318' title='bbox 1352 2804 1442 2885; x_wconf 90' lang='lat' dir='ltr'><strong>plane</strong></span> <span class='ocrx_word' id='word_1_319' title='bbox 1457 2804 1601 2868; x_wconf 91' lang='lat' dir='ltr'><strong>methodo</strong></span> 
     </span>
     <span class='ocr_line' id='line_1_29' title="bbox 250 2891 1602 2975; baseline -0.001 -17"><span class='ocrx_word' id='word_1_320' title='bbox 250 2893 402 2958; x_wconf 82' lang='lat' dir='ltr'><strong>iuvenitur</strong></span> <span class='ocrx_word' id='word_1_321' title='bbox 424 2891 530 2955; x_wconf 86' lang='lat' dir='ltr'><strong>eadem</strong></span> <span class='ocrx_word' id='word_1_322' title='bbox 554 2893 701 2956; x_wconf 85' lang='lat' dir='ltr'><strong>distantia</strong></span> <span class='ocrx_word' id='word_1_323' title='bbox 716 2901 742 2964; x_wconf 75' lang='lat' dir='ltr'>d</span> <span class='ocrx_word' id='word_1_324' title='bbox 758 2892 808 2972; x_wconf 96' lang='grc' dir='ltr'><strong>Θ,</strong></span> <span class='ocrx_word' id='word_1_325' title='bbox 833 2896 859 2958; x_wconf 90' lang='grc' dir='ltr'><strong>ιι</strong></span> <span class='ocrx_word' id='word_1_326' title='bbox 875 2903 901 2966; x_wconf 75' lang='grc' dir='ltr'><strong>(ι</strong></span> <span class='ocrx_word' id='word_1_327' title='bbox 915 2896 957 2958; x_wconf 89' lang='grc' dir='ltr'><strong>ιιι</strong></span> <span class='ocrx_word' id='word_1_328' title='bbox 974 2895 1055 2956; x_wconf 86' lang='lat' dir='ltr'><strong>eirca</strong></span> <span class='ocrx_word' id='word_1_329' title='bbox 1069 2912 1245 2974; x_wconf 89' lang='lat' dir='ltr'><strong>apogaeum,</strong></span> <span class='ocrx_word' id='word_1_330' title='bbox 1270 2901 1300 2956; x_wconf 91' lang='lat' dir='ltr'><strong>et</strong></span> <span class='ocrx_word' id='word_1_331' title='bbox 1315 2893 1341 2954; x_wconf 92' lang='lat' dir='ltr'><strong>si</strong></span> <span class='ocrx_word' id='word_1_332' title='bbox 1355 2893 1397 2956; x_wconf 91' lang='lat' dir='ltr'><strong>sit</strong></span> <span class='ocrx_word' id='word_1_333' title='bbox 1413 2894 1495 2956; x_wconf 88' lang='lat' dir='ltr'><strong>circa</strong></span> <span class='ocrx_word' id='word_1_334' title='bbox 1516 2891 1602 2975; x_wconf 89' lang='lat' dir='ltr'><strong>peri-</strong></span> 
     </span>
     <span class='ocr_line' id='line_1_30' title="bbox 251 2981 1603 3065; baseline 0 -19"><span class='ocrx_word' id='word_1_335' title='bbox 251 3001 359 3064; x_wconf 88' lang='lat' dir='ltr'><strong>gaeum</strong></span> <span class='ocrx_word' id='word_1_336' title='bbox 383 2990 415 3047; x_wconf 93' lang='lat' dir='ltr'><strong>et</strong></span> <span class='ocrx_word' id='word_1_337' title='bbox 437 2982 464 3044; x_wconf 93' lang='lat' dir='ltr'><strong>si</strong></span> <span class='ocrx_word' id='word_1_338' title='bbox 486 2981 566 3044; x_wconf 89' lang='lat' dir='ltr'><strong>eirca</strong></span> <span class='ocrx_word' id='word_1_339' title='bbox 589 2983 792 3064; x_wconf 86' lang='lat' dir='ltr'><strong>longitudines</strong></span> <span class='ocrx_word' id='word_1_340' title='bbox 816 2985 941 3048; x_wconf 88' lang='lat' dir='ltr'><strong>medias.</strong></span> <span class='ocrx_word' id='word_1_341' title='bbox 976 2982 1207 3064; x_wconf 85' lang='lat' dir='ltr'><strong>Comparatione</strong></span> <span class='ocrx_word' id='word_1_342' title='bbox 1230 2983 1323 3065; x_wconf 91' lang='lat' dir='ltr'><strong>igitur</strong></span> <span class='ocrx_word' id='word_1_343' title='bbox 1346 2982 1429 3046; x_wconf 85' lang='lat' dir='ltr'><strong>lacta</strong></span> <span class='ocrx_word' id='word_1_344' title='bbox 1451 2983 1603 3050; x_wconf 85' lang='lat' dir='ltr'><strong>invenitur</strong></span> 
     </span>
     <span class='ocr_line' id='line_1_31' title="bbox 248 3070 1602 3156; baseline 0 -20"><span class='ocrx_word' id='word_1_345' title='bbox 248 3070 318 3151; x_wconf 84' lang='grc' dir='ltr'><strong>ΕΘ</strong></span> <span class='ocrx_word' id='word_1_346' title='bbox 343 3071 553 3136; x_wconf 87' lang='lat' dir='ltr'><strong>ecoentricitas</strong></span> <span class='ocrx_word' id='word_1_347' title='bbox 577 3079 609 3134; x_wconf 87' lang='lat' dir='ltr'><strong>et</strong></span> <span class='ocrx_word' id='word_1_348' title='bbox 630 3071 692 3136; x_wconf 88' lang='lat' dir='ltr'><strong>HG</strong></span> <span class='ocrx_word' id='word_1_349' title='bbox 715 3074 851 3154; x_wconf 88' lang='lat' dir='ltr'><strong>longior,</strong></span> <span class='ocrx_word' id='word_1_350' title='bbox 877 3095 969 3156; x_wconf 90' lang='lat' dir='ltr'><strong>quam.</strong></span> <span class='ocrx_word' id='word_1_351' title='bbox 987 3079 1021 3136; x_wconf 90' lang='lat' dir='ltr'><strong>ut</strong></span> <span class='ocrx_word' id='word_1_352' title='bbox 1044 3074 1094 3135; x_wconf 90' lang='lat' dir='ltr'><strong>vel</strong></span> <span class='ocrx_word' id='word_1_353' title='bbox 1121 3072 1150 3134; x_wconf 91' lang='lat' dir='ltr'><strong>in</strong></span> <span class='ocrx_word' id='word_1_354' title='bbox 1169 3073 1228 3135; x_wconf 89' lang='lat' dir='ltr'><strong>hoc</strong></span> <span class='ocrx_word' id='word_1_355' title='bbox 1251 3073 1299 3134; x_wconf 88' lang='lat' dir='ltr'><strong>vel</strong></span> <span class='ocrx_word' id='word_1_356' title='bbox 1323 3072 1352 3134; x_wconf 91' lang='lat' dir='ltr'><strong>in</strong></span> <span class='ocrx_word' id='word_1_357' title='bbox 1377 3073 1473 3136; x_wconf 89' lang='lat' dir='ltr'><strong>altero</strong></span> <span class='ocrx_word' id='word_1_358' title='bbox 1503 3074 1602 3136; x_wconf 89' lang='lat' dir='ltr'><strong>semi·</strong></span> 
     </span>
     <span class='ocr_line' id='line_1_32' title="bbox 248 3161 1601 3242; baseline -0.001 -14"><span class='ocrx_word' id='word_1_359' title='bbox 248 3163 359 3228; x_wconf 88' lang='lat' dir='ltr'><strong>circulo</strong></span> <span class='ocrx_word' id='word_1_360' title='bbox 382 3169 465 3226; x_wconf 87' lang='lat' dir='ltr'><strong>stare</strong></span> <span class='ocrx_word' id='word_1_361' title='bbox 488 3162 596 3242; x_wconf 87' lang='lat' dir='ltr'><strong>possit</strong></span> <span class='ocrx_word' id='word_1_362' title='bbox 626 3163 729 3238; x_wconf 87' lang='lat' dir='ltr'><strong>.Unde</strong></span> <span class='ocrx_word' id='word_1_363' title='bbox 753 3163 896 3239; x_wconf 90' lang='lat' dir='ltr'><strong>discitur,</strong></span> <span class='ocrx_word' id='word_1_364' title='bbox 919 3163 1030 3227; x_wconf 87' lang='lat' dir='ltr'><strong>Martis</strong></span> <span class='ocrx_word' id='word_1_365' title='bbox 1061 3170 1190 3226; x_wconf 89' lang='lat' dir='ltr'><strong>motum.</strong></span> <span class='ocrx_word' id='word_1_366' title='bbox 1211 3181 1290 3232; x_wconf 80' lang='lat' dir='ltr'><strong>esse,</strong></span> <span class='ocrx_word' id='word_1_367' title='bbox 1310 3161 1437 3242; x_wconf 88' lang='lat' dir='ltr'><strong>liguram</strong></span> <span class='ocrx_word' id='word_1_368' title='bbox 1470 3161 1601 3240; x_wconf 87' lang='lat' dir='ltr'><strong>evalem,</strong></span> 
     </span>
     <span class='ocr_line' id='line_1_33' title="bbox 247 3248 1602 3335; baseline 0.002 -21"><span class='ocrx_word' id='word_1_369' title='bbox 247 3253 327 3334; x_wconf 90' lang='lat' dir='ltr'><strong>qnod</strong></span> <span class='ocrx_word' id='word_1_370' title='bbox 349 3269 466 3314; x_wconf 91' lang='lat' dir='ltr'><strong>rursum</strong></span> <span class='ocrx_word' id='word_1_371' title='bbox 487 3251 620 3335; x_wconf 82' lang='lat' dir='ltr'><strong>physicis</strong></span> <span class='ocrx_word' id='word_1_372' title='bbox 643 3253 810 3316; x_wconf 84' lang='lat' dir='ltr'><strong>rationibus</strong></span> <span class='ocrx_word' id='word_1_373' title='bbox 834 3253 967 3335; x_wconf 87' lang='lat' dir='ltr'><strong>apprime</strong></span> <span class='ocrx_word' id='word_1_374' title='bbox 992 3259 1226 3316; x_wconf 89' lang='lat' dir='ltr'><strong>consentaneum</strong></span> <span class='ocrx_word' id='word_1_375' title='bbox 1245 3259 1301 3314; x_wconf 87' lang='lat' dir='ltr'><strong>ost.</strong></span> <span class='ocrx_word' id='word_1_376' title='bbox 1340 3248 1441 3324; x_wconf 81' lang='lat' dir='ltr'><strong>Quare</strong></span> <span class='ocrx_word' id='word_1_377' title='bbox 1456 3250 1482 3314; x_wconf 89' lang='lat' dir='ltr'><strong>si</strong></span> <span class='ocrx_word' id='word_1_378' title='bbox 1497 3259 1602 3316; x_wconf 90' lang='lat' dir='ltr'><strong>motus</strong></span> 
     </span>
     <span class='ocr_line' id='line_1_34' title="bbox 247 3339 1603 3444; baseline 0.003 -42"><span class='ocrx_word' id='word_1_379' title='bbox 247 3339 414 3403; x_wconf 87' lang='lat' dir='ltr'><strong>intenditur</strong></span> <span class='ocrx_word' id='word_1_380' title='bbox 428 3359 495 3403; x_wconf 88' lang='lat' dir='ltr'><strong>oum</strong></span> <span class='ocrx_word' id='word_1_381' title='bbox 510 3341 796 3422; x_wconf 86' lang='lat' dir='ltr'><strong>appropinquatione</strong></span> <span class='ocrx_word' id='word_1_382' title='bbox 812 3349 838 3415; x_wconf 71' lang='lat' dir='ltr'><strong>d</strong></span> <span class='ocrx_word' id='word_1_383' title='bbox 852 3355 884 3406; x_wconf 90' lang='lat' dir='ltr'><strong>et</strong></span> <span class='ocrx_word' id='word_1_384' title='bbox 899 3341 950 3421; x_wconf 87' lang='grc' dir='ltr'><strong>Θ,</strong></span> <span class='ocrx_word' id='word_1_385' title='bbox 974 3343 1078 3406; x_wconf 89' lang='lat' dir='ltr'><strong>statim</strong></span> <span class='ocrx_word' id='word_1_386' title='bbox 1095 3340 1239 3444; x_wconf 69' lang='lat' dir='ltr'><strong>sequitur,</strong></span> <span class='ocrx_word' id='word_1_387' title='bbox 1263 3350 1297 3402; x_wconf 93' lang='lat' dir='ltr'><strong>ut</strong></span> <span class='ocrx_word' id='word_1_388' title='bbox 1314 3341 1461 3406; x_wconf 89' lang='lat' dir='ltr'><strong>hactenns</strong></span> <span class='ocrx_word' id='word_1_389' title='bbox 1481 3341 1603 3422; x_wconf 84' lang='lat' dir='ltr'><strong>quidem</strong></span> 
     </span>
     <span class='ocr_line' id='line_1_35' title="bbox 247 3429 1603 3512; baseline 0.003 -22"><span class='ocrx_word' id='word_1_390' title='bbox 247 3429 413 3510; x_wconf 84' lang='lat' dir='ltr'><strong>geometria</strong></span> <span class='ocrx_word' id='word_1_391' title='bbox 418 3429 493 3492; x_wconf 88' lang='lat' dir='ltr'><strong>luit</strong></span> <span class='ocrx_word' id='word_1_392' title='bbox 515 3432 650 3512; x_wconf 80' lang='lat' dir='ltr'><strong>exculta,</strong></span> <span class='ocrx_word' id='word_1_393' title='bbox 676 3439 703 3501; x_wconf 73' lang='lat' dir='ltr'><strong>d</strong></span> <span class='ocrx_word' id='word_1_394' title='bbox 725 3431 823 3496; x_wconf 91' lang='lat' dir='ltr'><strong>locum</strong></span> <span class='ocrx_word' id='word_1_395' title='bbox 847 3431 1054 3496; x_wconf 85' lang='lat' dir='ltr'><strong>eceentricnm</strong></span> <span class='ocrx_word' id='word_1_396' title='bbox 1069 3429 1237 3512; x_wconf 88' lang='lat' dir='ltr'><strong>computari</strong></span> <span class='ocrx_word' id='word_1_397' title='bbox 1259 3449 1317 3492; x_wconf 90' lang='lat' dir='ltr'><strong>non</strong></span> <span class='ocrx_word' id='word_1_398' title='bbox 1340 3449 1431 3510; x_wconf 89' lang='lat' dir='ltr'><strong>posse</strong></span> <span class='ocrx_word' id='word_1_399' title='bbox 1456 3449 1603 3512; x_wconf 85' lang='lat' dir='ltr'><strong>compen-</strong></span> 
     </span>
     <span class='ocr_line' id='line_1_36' title="bbox 248 3515 1658 3607; baseline 0.003 -26"><span class='ocrx_word' id='word_1_400' title='bbox 248 3517 342 3582; x_wconf 86' lang='lat' dir='ltr'><strong>dione.</strong></span> <span class='ocrx_word' id='word_1_401' title='bbox 385 3515 551 3590; x_wconf 82' lang='lat' dir='ltr'><strong>Quaeritur</strong></span> <span class='ocrx_word' id='word_1_402' title='bbox 574 3537 644 3599; x_wconf 90' lang='lat' dir='ltr'><strong>ergo</strong></span> <span class='ocrx_word' id='word_1_403' title='bbox 668 3529 809 3600; x_wconf 90' lang='lat' dir='ltr'><strong>punctum</strong></span> <span class='ocrx_word' id='word_1_404' title='bbox 833 3522 971 3597; x_wconf 89' lang='lat' dir='ltr'><strong>ciroaB,</strong></span> <span class='ocrx_word' id='word_1_405' title='bbox 992 3523 1085 3587; x_wconf 87' lang='lat' dir='ltr'><strong>eirea</strong></span> <span class='ocrx_word' id='word_1_406' title='bbox 1113 3520 1193 3604; x_wconf 92' lang='lat' dir='ltr'><strong>qnod</strong></span> <span class='ocrx_word' id='word_1_407' title='bbox 1223 3521 1359 3607; x_wconf 89' lang='lat' dir='ltr'><strong>quam&#39;vis</strong></span> <span class='ocrx_word' id='word_1_408' title='bbox 1391 3519 1601 3600; x_wconf 89' lang='lat' dir='ltr'><strong>imaginarium</strong></span> <span class='ocrx_word' id='word_1_409' title='bbox 1651 3528 1658 3544; x_wconf 91' lang='lat'>&#39;</span> 
     </span>
     <span class='ocr_line' id='line_1_37' title="bbox 249 3606 1602 3693; baseline 0.003 -23"><span class='ocrx_word' id='word_1_410' title='bbox 249 3608 383 3670; x_wconf 90' lang='lat' dir='ltr'><strong>calculus</strong></span> <span class='ocrx_word' id='word_1_411' title='bbox 407 3606 628 3688; x_wconf 88' lang='lat' dir='ltr'><strong>compendiose</strong></span> <span class='ocrx_word' id='word_1_412' title='bbox 639 3610 793 3688; x_wconf 89' lang='lat' dir='ltr'><strong>procedat.</strong></span> <span class='ocrx_word' id='word_1_413' title='bbox 840 3609 874 3672; x_wconf 92' lang='lat' dir='ltr'><strong>Id</strong></span> <span class='ocrx_word' id='word_1_414' title='bbox 899 3619 1000 3672; x_wconf 88' lang='lat' dir='ltr'><strong>autem</strong></span> <span class='ocrx_word' id='word_1_415' title='bbox 1025 3629 1166 3693; x_wconf 85' lang='lat' dir='ltr'><strong>quaerere</strong></span> <span class='ocrx_word' id='word_1_416' title='bbox 1191 3623 1315 3672; x_wconf 83' lang='lat' dir='ltr'><strong>neeesse</strong></span> <span class='ocrx_word' id='word_1_417' title='bbox 1339 3629 1398 3672; x_wconf 86' lang='grc' dir='ltr'><strong>ιιι</strong></span> <span class='ocrx_word' id='word_1_418' title='bbox 1425 3619 1483 3672; x_wconf 91' lang='lat' dir='ltr'><strong>est</strong></span> <span class='ocrx_word' id='word_1_419' title='bbox 1529 3609 1602 3674; x_wconf 86' lang='lat' dir='ltr'><strong>Jam</strong></span> 
     </span>
     <span class='ocr_line' id='line_1_38' title="bbox 248 3696 1600 3804; baseline 0.006 -48"><span class='ocrx_word' id='word_1_420' title='bbox 248 3696 327 3759; x_wconf 90' lang='lat' dir='ltr'><strong>eninr</strong></span> <span class='ocrx_word' id='word_1_421' title='bbox 349 3697 501 3770; x_wconf 83' lang='lat' dir='ltr'><strong>inventum</strong></span> <span class='ocrx_word' id='word_1_422' title='bbox 525 3703 582 3765; x_wconf 86' lang='grc' dir='ltr'><strong>ιιι,</strong></span> <span class='ocrx_word' id='word_1_423' title='bbox 606 3716 673 3759; x_wconf 91' lang='lat' dir='ltr'><strong>cum</strong></span> <span class='ocrx_word' id='word_1_424' title='bbox 697 3697 942 3782; x_wconf 90' lang='lat' dir='ltr'><strong>acronychiarum</strong></span> <span class='ocrx_word' id='word_1_425' title='bbox 961 3700 1206 3764; x_wconf 74' lang='lat' dir='ltr'><strong>observationum</strong></span> <span class='ocrx_word' id='word_1_426' title='bbox 1219 3699 1352 3762; x_wconf 90' lang='lat' dir='ltr'><strong>calculus</strong></span> <span class='ocrx_word' id='word_1_427' title='bbox 1366 3718 1421 3785; x_wconf 82' lang='lat' dir='ltr'><strong>per</strong></span> <span class='ocrx_word' id='word_1_428' title='bbox 1435 3707 1600 3804; x_wconf 84' lang='lat' dir='ltr'><strong>quaternas</strong></span> 
     </span>
     <span class='ocr_line' id='line_1_39' title="bbox 249 3782 714 3851; baseline 0.004 -3"><span class='ocrx_word' id='word_1_429' title='bbox 249 3782 475 3850; x_wconf 89' lang='lat' dir='ltr'><strong>observationes</strong></span> <span class='ocrx_word' id='word_1_430' title='bbox 498 3784 714 3851; x_wconf 87' lang='lat' dir='ltr'><strong>institueretur.</strong></span> 
     </span>
    </p>

    <p class='ocr_par' dir='ltr' id='par_1_6' title="bbox 247 3873 1603 4945">
     <span class='ocr_line' id='line_1_40' title="bbox 336 3873 1601 3961; baseline 0.005 -25"><span class='ocrx_word' id='word_1_431' title='bbox 336 3873 418 3948; x_wconf 89' lang='lat' dir='ltr'><strong>Quid</strong></span> <span class='ocrx_word' id='word_1_432' title='bbox 439 3873 497 3951; x_wconf 90' lang='lat' dir='ltr'><strong>hic,</strong></span> <span class='ocrx_word' id='word_1_433' title='bbox 521 3895 643 3957; x_wconf 86' lang='lat' dir='ltr'><strong>quaeso,</strong></span> <span class='ocrx_word' id='word_1_434' title='bbox 668 3878 778 3960; x_wconf 84' lang='lat' dir='ltr'><strong>duplex</strong></span> <span class='ocrx_word' id='word_1_435' title='bbox 801 3875 882 3940; x_wconf 88' lang='lat' dir='ltr'><strong>Solis</strong></span> <span class='ocrx_word' id='word_1_436' title='bbox 913 3877 1145 3940; x_wconf 85' lang='lat' dir='ltr'><strong>ecoentricitas?</strong></span> <span class='ocrx_word' id='word_1_437' title='bbox 1185 3876 1253 3958; x_wconf 82' lang='lat' dir='ltr'><strong>Age</strong></span> <span class='ocrx_word' id='word_1_438' title='bbox 1285 3878 1439 3960; x_wconf 86' lang='lat' dir='ltr'><strong>paciscere</strong></span> <span class='ocrx_word' id='word_1_439' title='bbox 1472 3897 1601 3961; x_wconf 78' lang='lat' dir='ltr'><strong>mecum,</strong></span> 
     </span>
     <span class='ocr_line' id='line_1_41' title="bbox 248 3924 1603 4050; baseline 0.004 -24"><span class='ocrx_word' id='word_1_440' title='bbox 248 3953 333 4038; x_wconf 78' lang='lat' dir='ltr'><strong>ute&#39;re</strong></span> <span class='ocrx_word' id='word_1_441' title='bbox 356 3924 529 4047; x_wconf 72' lang='lat' dir='ltr'><strong>lychoniba</strong></span> <span class='ocrx_word' id='word_1_442' title='bbox 562 3967 685 4047; x_wconf 90' lang='lat' dir='ltr'><strong>antiqua</strong></span> <span class='ocrx_word' id='word_1_443' title='bbox 717 3966 877 4050; x_wconf 90' lang='lat' dir='ltr'><strong>hypothesi</strong></span> <span class='ocrx_word' id='word_1_444' title='bbox 900 3967 1172 4049; x_wconf 76' lang='lat' dir='ltr'><strong>acronyohiarnm,</strong></span> <span class='ocrx_word' id='word_1_445' title='bbox 1194 3986 1270 4048; x_wconf 87' lang='lat' dir='ltr'><strong>quae</strong></span> <span class='ocrx_word' id='word_1_446' title='bbox 1303 3969 1439 4030; x_wconf 90' lang='lat' dir='ltr'><strong>omnibus</strong></span> <span class='ocrx_word' id='word_1_447' title='bbox 1462 3948 1537 4030; x_wconf 76' lang='lat' dir='ltr'><strong>locis</strong></span> <span class='ocrx_word' id='word_1_448' title='bbox 1561 3970 1603 4032; x_wconf 88' lang='lat' dir='ltr'><strong>ad</strong></span> 
     </span>
     <span class='ocr_line' id='line_1_42' title="bbox 248 4051 1601 4134; baseline 0.001 -16"><span class='ocrx_word' id='word_1_449' title='bbox 248 4051 279 4118; x_wconf 77' lang='lat'><strong>7⁴</strong></span> <span class='ocrx_word' id='word_1_450' title='bbox 311 4055 430 4118; x_wconf 85' lang='lat' dir='ltr'><strong>circiter</strong></span> <span class='ocrx_word' id='word_1_451' title='bbox 458 4055 614 4117; x_wconf 84' lang='lat' dir='ltr'><strong>satisfacit</strong></span> <span class='ocrx_word' id='word_1_452' title='bbox 645 4056 835 4120; x_wconf 88' lang='lat' dir='ltr'><strong>dissimulato</strong></span> <span class='ocrx_word' id='word_1_453' title='bbox 866 4057 924 4118; x_wconf 89' lang='lat' dir='ltr'><strong>hoc</strong></span> <span class='ocrx_word' id='word_1_454' title='bbox 955 4057 1114 4134; x_wconf 90' lang='lat' dir='ltr'><strong>erroroulo.</strong></span> <span class='ocrx_word' id='word_1_455' title='bbox 1161 4058 1275 4120; x_wconf 88' lang='lat' dir='ltr'><strong>Postea</strong></span> <span class='ocrx_word' id='word_1_456' title='bbox 1306 4067 1390 4120; x_wconf 87' lang='lat' dir='ltr'><strong>utere</strong></span> <span class='ocrx_word' id='word_1_457' title='bbox 1419 4057 1477 4124; x_wconf 87' lang='lat' dir='ltr'><strong>hac</strong></span> <span class='ocrx_word' id='word_1_458' title='bbox 1501 4052 1601 4122; x_wconf 79' lang='lat' dir='ltr'><strong>torma</strong></span> 
     </span>
     <span class='ocr_line' id='line_1_43' title="bbox 248 4143 1601 4229; baseline 0.003 -23"><span class='ocrx_word' id='word_1_459' title='bbox 248 4143 527 4220; x_wconf 87' lang='lat' dir='ltr'><strong>demonstrationis,</strong></span> <span class='ocrx_word' id='word_1_460' title='bbox 559 4153 590 4206; x_wconf 94' lang='lat' dir='ltr'><strong>et</strong></span> <span class='ocrx_word' id='word_1_461' title='bbox 612 4145 675 4207; x_wconf 89' lang='grc' dir='ltr'><strong>”ιιι</strong></span> <span class='ocrx_word' id='word_1_462' title='bbox 693 4146 748 4208; x_wconf 75' lang='lat' dir='ltr'><strong>oti</strong></span> <span class='ocrx_word' id='word_1_463' title='bbox 771 4147 801 4210; x_wconf 89' lang='grc' dir='ltr'><strong>Η</strong></span> <span class='ocrx_word' id='word_1_464' title='bbox 824 4146 907 4208; x_wconf 89' lang='lat' dir='ltr'><strong>locus</strong></span> <span class='ocrx_word' id='word_1_465' title='bbox 931 4144 1013 4208; x_wconf 90' lang='lat' dir='ltr'><strong>Solis</strong></span> <span class='ocrx_word' id='word_1_466' title='bbox 1035 4146 1150 4208; x_wconf 88' lang='lat' dir='ltr'><strong>medius</strong></span> <span class='ocrx_word' id='word_1_467' title='bbox 1174 4155 1206 4210; x_wconf 93' lang='lat' dir='ltr'><strong>et</strong></span> <span class='ocrx_word' id='word_1_468' title='bbox 1228 4145 1316 4213; x_wconf 81' lang='grc' dir='ltr'><strong>ΗΑΤ</strong></span> <span class='ocrx_word' id='word_1_469' title='bbox 1336 4146 1385 4208; x_wconf 91' lang='lat' dir='ltr'><strong>vel</strong></span> <span class='ocrx_word' id='word_1_470' title='bbox 1408 4151 1472 4224; x_wconf 84' lang='grc' dir='ltr'><strong>θαη</strong></span> <span class='ocrx_word' id='word_1_471' title='bbox 1497 4147 1601 4229; x_wconf 88' lang='lat' dir='ltr'><strong>anguli</strong></span> 
     </span>
     <span class='ocr_line' id='line_1_44' title="bbox 248 4193 1600 4318; baseline 0.002 -23"><span class='ocrx_word' id='word_1_472' title='bbox 248 4254 286 4295; x_wconf 80' lang='lat' dir='ltr'><strong>er</strong></span> <span class='ocrx_word' id='word_1_473' title='bbox 314 4234 422 4298; x_wconf 88' lang='lat' dir='ltr'><strong>mediis</strong></span> <span class='ocrx_word' id='word_1_474' title='bbox 456 4193 586 4296; x_wconf 85' lang='lat' dir='ltr'><strong>motibus</strong></span> <span class='ocrx_word' id='word_1_475' title='bbox 617 4219 699 4297; x_wconf 90' lang='lat' dir='ltr'><strong>Solis</strong></span> <span class='ocrx_word' id='word_1_476' title='bbox 730 4220 894 4318; x_wconf 83' lang='lat' dir='ltr'><strong>prodeant,</strong></span> <span class='ocrx_word' id='word_1_477' title='bbox 928 4235 1062 4298; x_wconf 84' lang='lat' dir='ltr'><strong>invenies</strong></span> <span class='ocrx_word' id='word_1_478' title='bbox 1085 4234 1274 4302; x_wconf 87' lang='lat' dir='ltr'><strong>nihilominus</strong></span> <span class='ocrx_word' id='word_1_479' title='bbox 1297 4235 1368 4309; x_wconf 80' lang='lat' dir='ltr'><strong>Ali,</strong></span> <span class='ocrx_word' id='word_1_480' title='bbox 1390 4235 1448 4298; x_wconf 82' lang='lat' dir='ltr'><strong>AT</strong></span> <span class='ocrx_word' id='word_1_481' title='bbox 1471 4237 1559 4300; x_wconf 80' lang='lat' dir='ltr'><strong>irc.</strong></span> <span class='ocrx_word' id='word_1_482' title='bbox 1550 4258 1600 4303; x_wconf 85' lang='lat' dir='ltr'><strong>ru-</strong></span> 
     </span>
     <span class='ocr_line' id='line_1_45' title="bbox 248 4321 1600 4406; baseline 0.003 -20"><span class='ocrx_word' id='word_1_483' title='bbox 248 4325 390 4404; x_wconf 87' lang='lat' dir='ltr'><strong>aequales</strong></span> <span class='ocrx_word' id='word_1_484' title='bbox 419 4331 451 4384; x_wconf 88' lang='lat' dir='ltr'><strong>et</strong></span> <span class='ocrx_word' id='word_1_485' title='bbox 481 4325 737 4388; x_wconf 84' lang='lat' dir='ltr'><strong>eccentricitaiem</strong></span> <span class='ocrx_word' id='word_1_486' title='bbox 773 4321 866 4395; x_wconf 79' lang='lat'><strong>1800,</strong></span> <span class='ocrx_word' id='word_1_487' title='bbox 899 4344 967 4386; x_wconf 88' lang='lat' dir='ltr'><strong>cnm</strong></span> <span class='ocrx_word' id='word_1_488' title='bbox 990 4325 1059 4388; x_wconf 87' lang='lat' dir='ltr'><strong>illas</strong></span> <span class='ocrx_word' id='word_1_489' title='bbox 1083 4327 1243 4406; x_wconf 88' lang='lat' dir='ltr'><strong>aequales,</strong></span> <span class='ocrx_word' id='word_1_490' title='bbox 1275 4325 1353 4388; x_wconf 91' lang='lat' dir='ltr'><strong>hanc</strong></span> <span class='ocrx_word' id='word_1_491' title='bbox 1373 4325 1498 4406; x_wconf 81' lang='lat' dir='ltr'><strong>unllam</strong></span> <span class='ocrx_word' id='word_1_492' title='bbox 1530 4335 1600 4391; x_wconf 88' lang='lat' dir='ltr'><strong>ess&#39;e</strong></span> 
     </span>
     <span class='ocr_line' id='line_1_46' title="bbox 249 4399 1602 4498; baseline 0.003 -24"><span class='ocrx_word' id='word_1_493' title='bbox 249 4412 392 4475; x_wconf 90' lang='lat' dir='ltr'><strong>decuerit</strong></span> <span class='ocrx_word' id='word_1_494' title='bbox 440 4413 578 4488; x_wconf 77' lang='lat' dir='ltr'><strong>Invenies</strong></span> <span class='ocrx_word' id='word_1_495' title='bbox 600 4409 669 4491; x_wconf 82' lang='grc' dir='ltr'><strong>ΕΘ</strong></span> <span class='ocrx_word' id='word_1_496' title='bbox 695 4413 952 4478; x_wconf 87' lang='lat' dir='ltr'><strong>ecoentricitatem</strong></span> <span class='ocrx_word' id='word_1_497' title='bbox 976 4414 1134 4482; x_wconf 87' lang='lat' dir='ltr'><strong>eccentrici</strong></span> <span class='ocrx_word' id='word_1_498' title='bbox 1164 4414 1252 4494; x_wconf 91' lang='lat' dir='ltr'><strong>longe</strong></span> <span class='ocrx_word' id='word_1_499' title='bbox 1281 4414 1373 4478; x_wconf 91' lang='lat' dir='ltr'><strong>aliam</strong></span> <span class='ocrx_word' id='word_1_500' title='bbox 1401 4399 1539 4498; x_wconf 78' lang='lat' dir='ltr'><strong>(saepius</strong></span> <span class='ocrx_word' id='word_1_501' title='bbox 1569 4423 1602 4478; x_wconf 87' lang='lat' dir='ltr'><strong>et</strong></span> 
     </span>
     <span class='ocr_line' id='line_1_47' title="bbox 247 4497 1599 4608; baseline 0.004 -45"><span class='ocrx_word' id='word_1_502' title='bbox 247 4501 278 4563; x_wconf 90' lang='lat' dir='ltr'><strong>in</strong></span> <span class='ocrx_word' id='word_1_503' title='bbox 301 4501 384 4568; x_wconf 89' lang='lat' dir='ltr'><strong>vario</strong></span> <span class='ocrx_word' id='word_1_504' title='bbox 409 4509 435 4574; x_wconf 73' lang='lat' dir='ltr'><strong>d</strong></span> <span class='ocrx_word' id='word_1_505' title='bbox 458 4503 529 4574; x_wconf 87' lang='lat' dir='ltr'><strong>situ,</strong></span> <span class='ocrx_word' id='word_1_506' title='bbox 551 4503 580 4564; x_wconf 91' lang='lat' dir='ltr'><strong>in</strong></span> <span class='ocrx_word' id='word_1_507' title='bbox 605 4521 749 4584; x_wconf 88' lang='lat' dir='ltr'><strong>apogaeo,</strong></span> <span class='ocrx_word' id='word_1_508' title='bbox 772 4503 927 4584; x_wconf 88' lang='lat' dir='ltr'><strong>perigaeo,</strong></span> <span class='ocrx_word' id='word_1_509' title='bbox 948 4503 1183 4585; x_wconf 85' lang='lat' dir='ltr'><strong>longitudinibus</strong></span> <span class='ocrx_word' id='word_1_510' title='bbox 1204 4497 1312 4568; x_wconf 88' lang='lat' dir='ltr'><strong>mediis</strong></span> <span class='ocrx_word' id='word_1_511' title='bbox 1335 4505 1417 4571; x_wconf 85' lang='lat' dir='ltr'><strong>exB</strong></span> <span class='ocrx_word' id='word_1_512' title='bbox 1440 4503 1599 4608; x_wconf 78' lang='lat' dir='ltr'><strong>oppositis,</strong></span> 
     </span>
     <span class='ocr_line' id='line_1_48' title="bbox 248 4591 1600 4697; baseline 0.001 -43"><span class='ocrx_word' id='word_1_513' title='bbox 248 4591 361 4654; x_wconf 90' lang='lat' dir='ltr'><strong>iterata</strong></span> <span class='ocrx_word' id='word_1_514' title='bbox 373 4599 440 4656; x_wconf 88' lang='lat' dir='ltr'><strong>tota</strong></span> <span class='ocrx_word' id='word_1_515' title='bbox 453 4591 637 4673; x_wconf 80' lang='lat' dir='ltr'><strong>pragmatio)</strong></span> <span class='ocrx_word' id='word_1_516' title='bbox 654 4611 741 4697; x_wconf 77' lang='lat' dir='ltr'><strong>quam</strong></span> <span class='ocrx_word' id='word_1_517' title='bbox 755 4591 912 4655; x_wconf 90' lang='lat' dir='ltr'><strong>habiturus</strong></span> <span class='ocrx_word' id='word_1_518' title='bbox 930 4613 963 4656; x_wconf 89' lang='lat' dir='ltr'><strong>cs</strong></span> <span class='ocrx_word' id='word_1_519' title='bbox 977 4594 1006 4655; x_wconf 92' lang='lat' dir='ltr'><strong>in</strong></span> <span class='ocrx_word' id='word_1_520' title='bbox 1021 4593 1182 4677; x_wconf 86' lang='lat' dir='ltr'><strong>hypothesi</strong></span> <span class='ocrx_word' id='word_1_521' title='bbox 1194 4595 1473 4680; x_wconf 82' lang='lat' dir='ltr'><strong>acronychiarqm,</strong></span> <span class='ocrx_word' id='word_1_522' title='bbox 1461 4593 1600 4672; x_wconf 82' lang='lat' dir='ltr'><strong>ruysnies</strong></span> 
     </span>
     <span class='ocr_line' id='line_1_49' title="bbox 248 4675 1600 4784; baseline 0.004 -41"><span class='ocrx_word' id='word_1_523' title='bbox 248 4681 324 4744; x_wconf 88' lang='lat' dir='ltr'><strong>duas</strong></span> <span class='ocrx_word' id='word_1_524' title='bbox 357 4689 383 4752; x_wconf 70' lang='grc' dir='ltr'><strong>(ι</strong></span> <span class='ocrx_word' id='word_1_525' title='bbox 415 4703 434 4742; x_wconf 90' lang='lat' dir='ltr'><strong>a</strong></span> <span class='ocrx_word' id='word_1_526' title='bbox 456 4683 482 4744; x_wconf 90' lang='lat' dir='ltr'>B</span> <span class='ocrx_word' id='word_1_527' title='bbox 506 4682 701 4744; x_wconf 80' lang='lat' dir='ltr'><strong>distantias</strong></span> <span class='ocrx_word' id='word_1_528' title='bbox 693 4701 725 4744; x_wconf 87' lang='grc' dir='ltr'><strong>ιι</strong></span> <span class='ocrx_word' id='word_1_529' title='bbox 746 4681 853 4748; x_wconf 84' lang='lat' dir='ltr'><strong>mediis</strong></span> <span class='ocrx_word' id='word_1_530' title='bbox 875 4675 1111 4764; x_wconf 83' lang='lat' dir='ltr'><strong>longitudinibus</strong></span> <span class='ocrx_word' id='word_1_531' title='bbox 1134 4681 1299 4784; x_wconf 78' lang='lat' dir='ltr'><strong>oppositis,</strong></span> <span class='ocrx_word' id='word_1_532' title='bbox 1333 4685 1486 4751; x_wconf 87' lang='lat' dir='ltr'><strong>breviores</strong></span> <span class='ocrx_word' id='word_1_533' title='bbox 1510 4693 1600 4766; x_wconf 76' lang='lat' dir='ltr'><strong>quarn</strong></span> 
     </span>
     <span class='ocr_line' id='line_1_50' title="bbox 250 4767 1599 4852; baseline 0.008 -21"><span class='ocrx_word' id='word_1_534' title='bbox 250 4777 299 4832; x_wconf 86' lang='lat' dir='ltr'><strong>est</strong></span> <span class='ocrx_word' id='word_1_535' title='bbox 312 4767 430 4846; x_wconf 77' lang='lat' dir='ltr'><strong>HG(?).</strong></span> <span class='ocrx_word' id='word_1_536' title='bbox 466 4771 512 4842; x_wconf 80' lang='lat' dir='ltr'><strong>At</strong></span> <span class='ocrx_word' id='word_1_537' title='bbox 535 4770 604 4852; x_wconf 90' lang='lat' dir='ltr'><strong>quia</strong></span> <span class='ocrx_word' id='word_1_538' title='bbox 622 4772 723 4836; x_wconf 89' lang='lat' dir='ltr'><strong>omnia</strong></span> <span class='ocrx_word' id='word_1_539' title='bbox 747 4772 784 4833; x_wconf 90' lang='lat' dir='ltr'><strong>ad</strong></span> <span class='ocrx_word' id='word_1_540' title='bbox 808 4767 938 4835; x_wconf 90' lang='lat' dir='ltr'><strong>medihm</strong></span> <span class='ocrx_word' id='word_1_541' title='bbox 959 4779 1071 4836; x_wconf 87' lang='lat' dir='ltr'><strong>motum</strong></span> <span class='ocrx_word' id='word_1_542' title='bbox 1085 4767 1167 4840; x_wconf 82' lang='lat' dir='ltr'><strong>Solis</strong></span> <span class='ocrx_word' id='word_1_543' title='bbox 1189 4771 1346 4850; x_wconf 87' lang='lat' dir='ltr'><strong>reduxisti,</strong></span> <span class='ocrx_word' id='word_1_544' title='bbox 1371 4774 1506 4840; x_wconf 82' lang='lat' dir='ltr'><strong>invenies</strong></span> <span class='ocrx_word' id='word_1_545' title='bbox 1530 4775 1599 4852; x_wconf 55' lang='lat' dir='ltr'><strong>lonff</strong></span> 
     </span>
     <span class='ocr_line' id='line_1_51' title="bbox 249 4841 1601 4945; baseline 0.004 -23"><span class='ocrx_word' id='word_1_546' title='bbox 249 4858 349 4942; x_wconf 82' lang='lat' dir='ltr'><strong>giorno</strong></span> <span class='ocrx_word' id='word_1_547' title='bbox 372 4860 402 4922; x_wconf 89' lang='lat' dir='ltr'><strong>in</strong></span> <span class='ocrx_word' id='word_1_548' title='bbox 425 4859 521 4921; x_wconf 88' lang='lat' dir='ltr'><strong>altero</strong></span> <span class='ocrx_word' id='word_1_549' title='bbox 545 4861 741 4938; x_wconf 87' lang='lat' dir='ltr'><strong>semicirculo,</strong></span> <span class='ocrx_word' id='word_1_550' title='bbox 767 4862 903 4943; x_wconf 83' lang='lat' dir='ltr'><strong>quamvis</strong></span> <span class='ocrx_word' id='word_1_551' title='bbox 926 4859 1093 4945; x_wconf 83' lang='lat' dir='ltr'><strong>aequaliter</strong></span> <span class='ocrx_word' id='word_1_552' title='bbox 1111 4861 1149 4924; x_wconf 89' lang='lat' dir='ltr'><strong>ab</strong></span> <span class='ocrx_word' id='word_1_553' title='bbox 1168 4879 1306 4943; x_wconf 88' lang='lat' dir='ltr'><strong>apogaeo</strong></span> <span class='ocrx_word' id='word_1_554' title='bbox 1320 4857 1447 4930; x_wconf 84' lang='grc' dir='ltr'><strong>ιιιιιιιι</strong></span> <span class='ocrx_word' id='word_1_555' title='bbox 1481 4863 1525 4927; x_wconf 85' lang='lat' dir='ltr'><strong>Et</strong></span> <span class='ocrx_word' id='word_1_556' title='bbox 1538 4841 1601 4927; x_wconf 78' lang='lat' dir='ltr'><strong>alia</strong></span> 
     </span>
    </p>
   </div>
   <div class='ocr_carea' id='block_1_5' title="bbox 0 0 1796 5558">
    <p class='ocr_par' dir='ltr' id='par_1_7' title="bbox 0 0 1796 5558">
     <span class='ocr_line' id='line_1_52' title="bbox 0 0 1796 5558; baseline 0 1"><span class='ocrx_word' id='word_1_557' title='bbox 0 0 1796 5558; x_wconf 95' lang='lat' dir='ltr'><strong> </strong></span> 
     </span>
    </p>
   </div>
  </div>
 </body>
</html>
