3582 5558
523 305 555 358 de
572 301 759 358 comm
776 305 810 360 ds
825 298 1000 366 meinardus
1018 309 1115 366 lierda

129 477 255 562 jouctiin
286 483 454 566 aequales.
471 486 545 552 ⁴·At
571 485 603 548 iu
633 485 777 550 omnious
800 486 870 550 aliis
892 487 959 563 ΗΒ,

131 571 187 633 VB
219 588 346 636 summa
377 575 479 638 minor
510 593 600 655 quam
622 574 697 651 HA,
723 573 802 651 AV,
834 575 878 640 sic
907 574 967 641 Gli
1152 636 1157 648 .

135 660 350 814 piporsspnm
376 662 456 740 ΘΑ,
476 665 554 740 All,
587 665 630 728 sic
652 663 705 728 FE
732 664 846 740 minor,
876 683 966 747 quam
996 679 1001 690 ·
1082 707 1086 720 -

219 838 296 904 Jam
321 841 454 906 sumtus
473 839 659 913 ,extendatur
680 842 710 904 iu
731 843 854 924 planum
878 843 963 925 eique
1082 841 1133 898 ‘a

137 927 233 992 lineae
248 929 410 994 adrectos
433 931 665 1008 constituantur,
690 931 854 995 distantiae
870 952 964 1015 qnae-

137 1017 211 1081 libet
235 1039 292 1084 suo
316 1021 402 1096 loco,
433 1027 466 1082 et
494 1021 597 1103 capita
627 1027 844 1085 connectantur
866 1021 964 1112 linteis:
1018 1035 1036 1077 ιι
1118 1031 1120 1036 ’
1188 1026 1260 1117 ζ
1287 1084 1290 1091 ,

137 1107 205 1170 Erit
229 1128 309 1190 qnae
332 1129 389 1192 per
411 1107 492 1172 BBB
512 1116 586 1186 (ιιι.Ι
600 1115 664 1186 lt),
687 1129 748 1172 una
774 1118 877 1186 recta,
904 1112 966 1176 'sed
1010 1133 1013 1142 ¹
1211 1098 1224 1125 “

138 1217 215 1280 qnae
247 1215 303 1278 per
334 1197 429 1264 AAA
462 1199 619 1270 conchoidi
654 1199 771 1270 similis.
825 1199 965 1282 Spatium
1081 1257 1083 1260 ,

139 1305 210 1350 vero
234 1289 485 1370 comprehensum
508 1289 563 1352 sub
588 1285 682 1354 CDO‘
712 1298 743 1352 et
764 1277 822 1382 Bi}
842 1289 966 1371 duplum
1054 1263 1067 1310 ¹

138 1376 197 1438 erit
220 1377 262 1439 ad
285 1396 391 1441 aream
420 1377 538 1455 circuli,
570 1377 639 1461 quia
668 1377 758 1441 ducta
791 1387 969 1444 transversa

138 1487 158 1530 a
177 1466 207 1530 Β
231 1467 263 1529 in
289 1465 327 1530 0¹
351 1467 509 1532 constituit
531 1467 714 1550 triangulum
734 1467 968 1544 Archimedcm'n

139 1553 271 1638 aequale
304 1554 426 1619 circulo.
472 1557 553 1637 Ergo
584 1565 817 1620 consentaneum
844 1559 963 1631 (forsan

139 1653 168 1707 et
192 1644 399 1708 demonstrari
421 1649 538 1727 potest)
562 1646 656 1711 etiam
678 1646 810 1728 spatium
830 1649 887 1710 sub
911 1641 1005 1711 CDO‘
1020 1651 1052 1706 et
1069 1640 1172 1708 ΔΑΜ
1266 1637 1320 1704 rig.
1340 1631 1383 1686 29.

138 1732 306 1796 concboide
344 1754 412 1798 esse
449 1736 570 1816 duplum
606 1737 645 1797 ad
685 1735 852 1816 quaesitam
887 1744 1022 1800 nostram
1058 1751 1170 1800 aream.

138 1823 239 1886 Vides
263 1830 376 1899 autem,
400 1825 499 1904 majus
522 1843 589 1888 esee
612 1825 669 1887 hoc
684 1825 814 1905 spatium
832 1825 895 1901 illo,
920 1825 990 1906 quia
1005 1823 1037 1885 in
1051 1821 1171 1904 punctis
1239 1825 1259 1852 ⁵

136 1913 223 1975 Est
245 1909 283 2065 (ὅ
303 1912 489 1977 intermediis
511 1914 569 1978 EA
601 1915 718 1994 longior
749 1921 798 1976 est
829 1913 1013 1996 quamEB,
1046 1919 1079 1974 et
1100 1908 1170 1974 ΟΜ
1209 1924 1257 1985 a·

136 2021 229 2083 quam
283 2003 320 2066 Β.
387 2023 389 2026 ·
419 2063 421 2069 ,
741 2045 753 2060 .

129 2133 135 2146 ·
227 2091 332 2171 Atque
355 2091 432 2154 haec
455 2090 617 2173 descriptio
634 2109 706 2152 sane
719 2097 788 2153 tem
799 2097 847 2157 est
865 2087 1057 2174 geometrica,
1079 2106 1171 2169 ,quam
1205 2095 1227 2144 a

134 2179 191 2243 illa
222 2178 428 2243 Archimedis.
478 2177 549 2246 Etsi
579 2196 651 2244 vero
683 2187 842 2244 contentus
872 2200 938 2245 sum
968 2176 1171 2244 Archimedes

135 2269 313 2351 epharmosi
336 2270 367 2331 in
390 2267 471 2332 linea
495 2267 599 2345 GDG‘,
622 2288 681 2332 non
707 2275 810 2332 tamen
839 2278 997 2334 contentos
1025 2286 1090 2330 sum
1113 2266 1171 2329 hac
1202 2247 1224 2300 Ε
1251 2292 1253 2303 ’

135 2358 342 2422 delineatione
355 2358 455 2422 lineae
472 2359 585 2436 AAA‘,
610 2357 680 2440 quia
701 2358 893 2440 praecipitur,
917 2367 951 2422 ut
972 2377 1027 2440 per
1048 2357 1171 2420 minima
1210 2405 1224 2460 π

135 2467 216 2525 eam,
239 2467 320 2530 quas
344 2455 415 2510 sunt
437 2447 573 2523 infinita·
587 2455 620 2510 et
642 2448 712 2529 qnia
733 2449 886 2529 proportio
910 2448 1003 2531 spatii
1026 2447 1066 2510 ad
1088 2445 1169 2527 prius

133 2538 192 2602 hoc
216 2543 311 2622 pacto
333 2535 499 2624 ignorator-
536 2535 633 2619 Gupio
652 2544 686 2600 nt
699 2546 854 2618 geometra
872 2538 980 2619 aliquis
999 2555 1046 2600 me
1062 2537 1170 2602 doceat
1215 2594 1216 2599 ,

134 2626 398 2708 comparationem
429 2627 602 2708 planorum:
635 2627 742 2690 deiude
764 2633 799 2688 ut
831 2626 941 2703 seiam,
974 2633 1068 2708 quota
1096 2643 1169 2706 pars

134 2717 227 2797 hujus
265 2713 413 2794 incogniti
450 2714 534 2799 plani
574 2714 787 2796 superinsistat
828 2721 1052 2798 quotaeonn‘qne
1088 2714 1169 2796 parti
1206 2705 1225 2756 Ι)

134 2805 237 2870 lineae
261 2802 369 2870 GDO‘.
1111 2837 1114 2844 ·

225 2895 278 2959 An
302 2912 375 2975 ergo
400 2892 463 2966 (dic
485 2895 653 2973 geometra)
676 2893 796 2974 planum
819 2894 876 2956 hoc
900 2895 981 2958 circa
1003 2894 1175 2978 cylindrum
1206 2863 1225 2908 υ

135 2991 286 3065 aptatum,
309 2991 347 3045 nt
369 2983 471 3066 capita
494 2980 561 3060 CA,
587 2980 665 3046 O‘A⁴
688 2989 811 3060 coeant,
842 2983 953 3046 lineam
986 2984 1168 3048 conchoidea
1199 2994 1221 3059 γ’

135 3071 302 3136 ordinatio
318 3071 586 3136 circumferentiam
600 3071 784 3152 ellipticam?
802 3067 934 3160 minimei
956 3061 1166 3154 Sed'reliuquo

131 3169 313 3244 geometrae
335 3161 536 3240 reiotandom.
688 3210 692 3220 .
854 3185 855 3188 ¹
908 3164 932 3186 ·'
992 3207 994 3212 -

222 3253 354 3316 Invento
388 3250 467 3332 quod
496 3250 559 3314 hic
575 3249 703 3330 petitur,
735 3248 823 3314 simul
854 3250 1043 3314 inveniuntur
1079 3267 1166 3312 arcus

132 3341 298 3424 ellipoidia
326 3340 408 3404 Nam
420 3346 456 3402 nt
471 3340 595 3421 planum
605 3337 673 3402 AO<
689 3337 729 3400 ad
747 3339 867 3420 planum
883 3338 958 3415 BC‘,
979 3339 1165 3404 sio'circum-

132 3430 268 3494 fereutia
294 3427 398 3493 eueni
421 3427 485 3494 (ἔθ’
512 3428 551 3490 ad
573 3427 844 3492 cucumferentiam
874 3429 1035 3509 ellipoidis.
1079 3426 1166 3499 Quae

131 3520 195 3584 etsi
216 3520 340 3583 brevior
364 3525 413 3580 est
432 3535 528 3599 qnam
550 3513 633 3583 360⁰
659 3517 777 3594 circuli,
804 3518 993 3582 nihilominus
1021 3513 1165 3581 tameul

15 3659 16 3680 r
130 3617 235 3674 rectos
259 3607 435 3683 subtendit,
466 3625 527 3669 non
548 3607 645 3669 minus
669 3623 757 3688 quam
785 3607 1023 3672 circumferentia
1045 3605 1162 3670 circuli:
1213 3629 1230 3681 χ

15 3741 16 3746 1
131 3719 169 3762 oo
198 3697 280 3781 quod
304 3705 337 3759 et
362 3697 485 3778 propior
507 3696 540 3759 fit
561 3705 673 3780 centro·
691 3713 745 3776 per
776 3705 896 3778 partes,
925 3717 1013 3779 quam
1035 3694 1162 3761 circnm—
1274 3722 1276 3728 ·
1411 3698 1414 3705 ’
1465 3743 1469 3754 .

14 3779 15 3792 ’
131 3787 270 3852 terentia
292 3786 408 3850 cuculi.
453 3786 538 3851 Haec
560 3794 661 3848 aucun
687 3787 935 3868 appropinquatio
959 3787 999 3850 ad
1021 3796 1154 3852 centmm
1184 3811 1301 3857 rursum
1324 3792 1486 3874 quaeritur,

131 3877 286 3959 quomodo
319 3876 500 3958 geometrice
531 3874 707 3955 investigari
734 3877 847 3956 possit,
877 3884 912 3938 ut
934 3876 1060 3957 angulus
1084 3879 1123 3942 ad
1146 3889 1317 3964 susceptum
1343 3889 1485 3964 punctum
1571 3893 1575 3904 ·

131 3967 296 4031 habeatur.
1101 3959 1104 3974 '

222 4056 333 4137 Itaque
358 4051 520 4116 distantias
543 4060 610 4123 da
634 4050 673 4130 Θ
697 4071 751 4133 per
780 4061 917 4135 tempora
939 4059 1142 4121 accumulatas
1165 4066 1302 4122 numerat
1324 4057 1486 4140 planuma

132 4167 182 4212 rne
205 4145 393 4227 expeditims,
417 4141 581 4206 distantiae
603 4141 660 4204 hae
682 4143 741 4206 iter
762 4144 904 4224 planetae
919 4144 949 4206 in
962 4144 1120 4226 ellipoides
1136 4144 1210 4222 (noil
1228 4155 1394 4222 numerant,
1415 4147 1485 4222 sed)

133 4236 337 4311 constituunt,
371 4233 432 4294 iter
452 4249 525 4292 uero
547 4231 603 4293 hoo
627 4251 693 4294 cum
716 4233 869 4312 distantiis
893 4233 1050 4296 constitnit
1077 4237 1217 4316 angulum
1240 4236 1407 4300 anomaliae
1429 4253 1484 4298 co-

134 4333 295 4410 aequatae,
318 4321 552 4404 respondentem
575 4321 703 4404 tempori
727 4323 765 4384 ab
789 4340 923 4404 apogaeo
947 4322 1060 4402 elapso.
1102 4325 1209 4389 Erravi
1231 4327 1322 4406 igitur
1339 4325 1484 4388 hacteuus

136 4416 330 4492 existimans,
363 4411 516 4474 numerari
539 4409 700 4473 distantias
728 4431 781 4473 seu
810 4410 841 4474 in
871 4431 1014 4474 summam
1047 4415 1147 4496 colligi
1171 4437 1190 4478 a
1211 4415 1302 4495 plano
1325 4412 1483 4494 ellipoidis,
1550 4477 1553 4488 ,

137 4507 210 4586 quod
231 4505 361 4586 planete
384 4499 540 4566 describit.
585 4499 710 4562 Minime
737 4501 846 4564 edcnbi
874 4502 953 4564 enirn
981 4513 1114 4568 moratur
1136 4503 1235 4584 ibique
1259 4504 1369 4566 multus
1393 4523 1483 4566 accu-

137 4595 225 4660 mulat
246 4591 429 4660 mundas.
466 4596 562 4664 (comp.
583 4597 644 4665 tea
660 4597 728 4662 m.)
1036 4663 1038 4670 s
1460 4597 1465 4612 ¹

215 4683 429 4739 Deeluefioucm
449 4681 644 4733 obserredonum
661 4679 866 4733 Braheaneurum
883 4676 974 4746 (comp.
994 4680 1059 4733 Eiet
1080 4676 1146 4733 (leel.
1167 4680 1199 4731 ad
1217 4685 1329 4747 tempora
1346 4678 1483 4746 adrcdpta)

136 4757 212 4823 qu'lar
229 4770 290 4812 usur
309 4761 352 4810 eet
371 4753 509 4820 Keplerns,
529 4753 562 4803 ad
579 4753 653 4804 tinem
670 4753 742 4817 huius
761 4753 879 4817 epistolae
895 4753 1080 4815 reservavimus,
1099 4767 1173 4818 quam
1192 4751 1270 4804 codex
1287 4751 1483 4817 Petropolitduns

132 4831 219 4886 nuta
236 4833 296 4885 lolio
316 4845 360 4891 eo,
381 4841 434 4890 qno
453 4823 575 4887 Kepierur
595 4823 647 4874 adit
663 4825 748 4874 literas
765 4825 872 4875 Fabricii
890 4824 914 4874 d.
934 4823 957 4872 d.
981 4823 1020 4872 il.
1039 4824 1105 4893 Aug.
1126 4823 1212 4892 (supra
1229 4839 1254 4892 p.
1275 4821 1330 4890 90),
1349 4825 1484 4894 praemunt

128 4919 154 4962 er
170 4908 289 4981 ψωὴο
307 4905 391 4976 paroc
412 4893 478 4958 („de
495 4893 670 4965 bunnam)
688 4909 762 4970 qoam
779 4897 948 4970 permutans
965 4910 989 4969 p·
1010 4891 1051 4952 1³.
