3672 5538
798 297 839 352 De
856 297 965 352 Motibus
983 297 1077 352 Stellae
1094 299 1184 350 Martia

845 533 965 633 Caput
995 529 1134 608 XLIX.

313 693 475 763 Eknohus
504 693 626 778 petro
657 691 796 757 methodi
823 693 1063 776 aequationem,
1092 700 1122 755 ct
1142 695 1307 758 methodus
1329 693 1531 768 eoooinrdor,
1554 694 1672 757 isariae

370 786 555 871 principiis,
578 784 663 848 riom
685 781 805 845 maten
827 802 867 846 seo
888 785 1045 847 amantio
1068 783 1184 866 capitio
1206 782 1319 848 XLV.
1343 783 1603 867 emnponentitue.

403 927 447 991 Ut
477 927 569 1008 igitur
601 944 724 988 causam
755 923 889 1007 ἀτεχνιας
911 925 999 1004 hujus
1018 923 1084 1002 jam
1108 923 1265 986 absolutae
1289 925 1422 987 methodi
1446 925 1567 999 videas,
1599 943 1673 1005 per·

313 1018 410 1100 pende
444 1017 550 1097 quibus
579 1014 782 1078 fundamentis
805 1013 961 1076 innitatur.
1008 1013 1149 1086 Ponitur,
1181 1013 1305 1094 planeta
1336 1015 1367 1076 iu
1401 1009 1534 1098 epicyclo
1558 1013 1674 1076 moveri

313 1106 489 1188 aequaliter,
515 1127 534 1167 a
556 1103 628 1168 Sole
652 1105 717 1185 rapi
739 1103 938 1184 inaequaliter
960 1121 1013 1182 pro
1037 1102 1154 1165 ratione
1178 1103 1398 1167 distantiarum.
1446 1103 1495 1165 Ex
1522 1103 1569 1166 his
1593 1103 1673 1165 dno-

312 1197 369 1259 bus
400 1205 499 1259 motus
531 1193 686 1274 principiis
718 1193 853 1262 nascitur
883 1194 934 1254 uia
966 1193 1073 1254 ovalis.
1124 1192 1170 1254 At
1197 1193 1300 1273 nequit
1329 1194 1386 1256 hac
1415 1192 1557 1255 methodo
1590 1191 1672 1266 sciri,

314 1293 428 1367 quanta
449 1283 547 1366 portio
572 1282 608 1343 de
633 1284 683 1344 via
706 1282 786 1345 ovali
810 1282 914 1361 cuique
939 1281 1011 1343 dato
1035 1282 1163 1362 tempori
1186 1282 1384 1360 respondeat,
1410 1282 1468 1344 etsi
1488 1283 1601 1344 sciatur
1623 1281 1673 1343 di-

314 1376 430 1437 stantia
460 1373 541 1435 illius
570 1373 734 1451 portionis,
765 1371 821 1432 nisi
851 1371 889 1433 ab
913 1370 998 1432 initio
1022 1371 1137 1432 sciatur
1159 1371 1314 1451 longitudo
1339 1371 1433 1434 totius
1452 1372 1559 1434 uvalis.
1605 1371 1674 1434 Ne-

316 1465 382 1547 quit
405 1471 506 1525 autem
529 1462 600 1523 sciri
622 1461 778 1540 longitudo
802 1461 914 1536 ovalis,
939 1461 997 1521 nisi
1021 1478 1060 1520 ex
1082 1461 1201 1522 modulo
1224 1461 1380 1540 ingressus
1403 1462 1545 1540 planetae
1570 1481 1589 1522 a
1612 1461 1674 1522 cir-

315 1552 514 1618 cumferentia
546 1551 649 1613 circuli
682 1551 721 1614 ad
754 1551 862 1612 latera.
920 1547 982 1613 Sed
1009 1566 1105 1628 neque
1134 1549 1270 1611 modulus
1299 1549 1388 1629 hujus
1419 1551 1576 1628 ingressus
1601 1557 1673 1610 aute

316 1642 464 1715 noscitur,
490 1659 578 1721 quam
602 1647 758 1720 noscatur,
793 1646 907 1720 quanta
938 1639 1036 1720 portio
1071 1639 1108 1699 de
1140 1637 1191 1699 via
1218 1639 1299 1701 ovali
1322 1641 1377 1700 sub
1402 1658 1575 1721 quoeunque
1600 1639 1675 1701 dato

316 1741 451 1812 tempore
476 1729 658 1792 conficiatur.
717 1729 774 1790 Hic
806 1729 891 1790 vides
921 1728 986 1809 peti
1016 1726 1208 1807 principium:
1240 1735 1272 1789 et
1307 1729 1336 1790 in
1371 1728 1545 1809 operatione
1570 1737 1676 1790 nostra

315 1822 398 1904 prius
423 1838 661 1882 assumseramus
687 1819 763 1897 quod
788 1819 1003 1898 quaerebatur,
1038 1817 1155 1878 scillcet
1178 1817 1395 1896 longitudinem
1419 1817 1525 1890 ovalis.
1566 1817 1674 1897 Neque

318 1913 376 1974 hoc
399 1909 505 1971 vitium
528 1909 637 1970 saltem
661 1919 709 1968 est
732 1907 945 1994 intellectionis
969 1917 1108 1980 nostrae,
1141 1907 1194 1967 sed
1219 1906 1257 1966 ab
1281 1907 1346 1985 ipso
1369 1907 1521 1988 primaevo
1550 1906 1676 1970 ordina-

317 2009 383 2065 tore
407 1997 643 2080 planetariorum
667 2016 805 2058 cursuum
831 1995 1062 2058 alienissimum:
1088 1995 1207 2075 qualem
1235 1993 1456 2075 dyeopespnrov
1479 1995 1678 2077 anticipatio·

317 2109 386 2153 nem
408 2089 439 2150 iu
461 2086 571 2149 ceteris
596 2087 660 2166 ejus
685 2085 824 2165 operibns
847 2085 994 2146 hactenus
1021 2103 1080 2146 non
1103 2085 1280 2146 invenimus.
1334 2085 1441 2166 Itaque
1465 2093 1518 2146 aut
1540 2085 1603 2147 alia
1626 2092 1677 2146 est

318 2179 449 2242 ineunda
471 2175 569 2250 ratio,
600 2175 768 2256 opinionem
801 2174 911 2254 capitis
934 2173 1034 2237 XLV.
1060 2175 1098 2238 ad
1123 2173 1256 2236 calculos
1279 2174 1425 2250 vocandi,
1459 2183 1530 2250 aut,
1568 2174 1594 2238 si
1618 2173 1677 2236 boc

318 2269 383 2333 heri
412 2267 533 2347 nequit,
572 2265 672 2345 opinio
700 2264 784 2344 ipsa,
818 2271 923 2344 utpote
948 2265 984 2324 de
1008 2264 1064 2324 hac
1088 2263 1225 2344 principii
1248 2265 1394 2345 petitione
1418 2271 1579 2346 suspecta,
1617 2283 1676 2325 va-

319 2357 445 2420 cillabit.

409 2441 579 2525 Implicatio
603 2441 690 2503 nobis
713 2441 782 2502 hinc
806 2449 854 2502 est
878 2448 964 2515 nata,
997 2441 1075 2521 quod
1100 2441 1217 2503 ovalem
1240 2441 1438 2521 compositam
1460 2439 1557 2516 viam,
1586 2461 1675 2504 meu-

323 2555 393 2600 sura
423 2531 573 2613 aequabili
602 2531 746 2612 temporis
769 2531 830 2603 usi,
865 2529 896 2591 in
926 2537 1030 2610 partes
1064 2529 1212 2592 secuimus
1240 2532 1431 2613 inaequales;
1462 2539 1494 2593 et
1518 2531 1562 2594 sic
1584 2531 1675 2612 hujus

319 2625 415 2688 uvalis
439 2621 624 2702 compositae
644 2615 750 2700 partes
774 2619 958 2700 inaequales,
983 2620 1037 2679 sed
1061 2620 1273 2682 distantiarum
1297 2621 1541 2702 compensatione
1556 2639 1676 2683 rursum
1708 2637 1712 2642 ·

320 2720 478 2796 aequatas,
509 2709 601 2772 moris
623 2711 768 2789 planetae
793 2708 969 2790 aequalibus
993 2709 1187 2770 circumcirca
1211 2710 1346 2772 admeusi
1370 2729 1483 2772 snmus.
1529 2709 1626 2791 Atqui
1644 2711 1675 2772 iu

320 2800 565 2885 praesuppositis
593 2798 800 2870 habebamus,
831 2799 959 2859 alteram
992 2799 1101 2859 saltem
1125 2798 1284 2874 virtutem,
1323 2819 1389 2861 earn
1413 2818 1489 2880 quae
1514 2817 1552 2859 cx
1575 2798 1674 2873 Sole,

320 2892 444 2956 intendi.
461 2907 515 2970 pro
535 2887 747 2951 distantiamm
766 2887 893 2962 ratione,
916 2887 1057 2948 virtutem
1080 2887 1253 2966 planetae
1275 2889 1427 2968 propriam
1449 2887 1588 2950 minime:
1609 2888 1676 2968 jam

320 2984 369 3046 hic
391 2982 422 3042 in
446 2997 536 3059 opere
561 2986 716 3059 utramque
739 2977 800 3037 vim
824 2976 1040 3058 quodammodo
1065 2977 1225 3040 obnoxiam
1250 2978 1375 3040 facimus
1398 2977 1466 3040 hnic
1488 2977 1675 3058 proportioni

322 3069 553 3142 distantiarum,
584 3068 654 3149 quia
677 3066 831 3148 utriusque
855 3083 1009 3128 commune
1033 3085 1115 3146 opus,
1141 3068 1274 3142 ovalem,
1312 3067 1454 3147 planetae
1488 3067 1611 3141 damus,
1635 3066 1675 3128 ad

321 3160 474 3225 modulum
512 3157 725 3219 distantiarum
757 3156 1000 3236 percurrendam.
1053 3155 1122 3216 Etsi
1153 3156 1243 3237 igitur
1264 3157 1428 3238 propinque
1453 3155 1613 3218 admodum
1635 3155 1675 3217 ad

322 3251 485 3312 veritatem
517 3247 701 3309 accessimus
724 3243 754 3305 iu
779 3246 888 3306 effectu
911 3243 998 3324 hujus
1022 3246 1171 3314 methodi,
1205 3243 1278 3306 nihil
1301 3247 1401 3307 tamen
1425 3245 1589 3315 habemus,
1618 3263 1675 3327 quo

323 3341 493 3418 gloriemur,
518 3355 694 3416 expressam
718 3354 785 3396 esse
810 3354 847 3394 ea
870 3333 1037 3413 opinionem
1062 3354 1127 3414 cap.
1142 3335 1241 3409 XLV,
1266 3335 1293 3395 si
1307 3356 1326 3396 a
1340 3335 1456 3397 ratione
1472 3334 1671 3396 destituimur.

322 3429 450 3490 Rectius
473 3425 568 3504 igitur
591 3425 767 3487 videbamur
792 3423 903 3498 acturi,
929 3422 955 3484 si
978 3423 1070 3484 missa
1089 3425 1139 3484 via
1160 3425 1238 3484 ovali
1261 3424 1430 3505 composita
1450 3424 1573 3505 eJusque
1591 3422 1675 3503 plani

384 3559 387 3567 «
456 3547 509 3614 rig.
531 3545 590 3598 10³.
721 3514 914 3594 quadratura,
930 3512 1062 3593 capitum
1075 3511 1193 3574 XLVI.
1215 3512 1349 3576 XLVII.
1373 3513 1519 3576 XLVHI.
1535 3512 1674 3588 materia,
1754 3514 1761 3525 '

674 3657 680 3693 ἱ
723 3603 761 3662 ad
781 3602 849 3681 ipsa
864 3602 958 3662 ovalis
975 3602 1042 3663 viae
1060 3602 1214 3682 principia,
1236 3621 1302 3683 cap.
1319 3603 1419 3665 XLV.
1436 3611 1583 3678 assumta,
1607 3602 1673 3664 eal-

724 3691 820 3752 culum
836 3699 1085 3754 converteremus.
1117 3691 1283 3770 Relegatur
1301 3699 1391 3774 caput
1405 3690 1504 3765 XLV,
1525 3699 1557 3754 et
1572 3697 1676 3754 centro

666 3761 687 3819 (ἦ
722 3779 754 3841 Α
777 3799 900 3860 corpore
924 3779 1017 3852 Solis,
1043 3780 1221 3842 diastemate
1243 3781 1317 3856 ΑΙ),
1342 3780 1471 3843 circulus
1493 3778 1556 3844 DG
1578 3780 1675 3843 centri

724 3869 849 3951 epicycli
872 3869 1037 3943 scribatur;
1050 3877 1093 3930 et
1116 3870 1194 3933 alius
1218 3879 1321 3932 ceutuo
1343 3871 1383 3940 A,
1407 3869 1589 3932 diastemate
1606 3870 1674 3943 AB,

725 3957 852 4019 circulus
881 3957 1013 4037 ephebi,
1043 3957 1074 4021 iu
1098 3979 1155 4040 quo
1179 3958 1221 4020 sit
1243 3958 1330 4022 AGB
1354 3959 1435 4020 linea
1457 3958 1613 4038 apsidum
1645 3965 1678 4020 et

723 4046 862 4127 planeta,
898 4047 1015 4127 quando
1048 4055 1097 4109 est
1128 4046 1262 4128 ἀφηλιος,
1295 4049 1336 4110 sit
1362 4047 1393 4110 in
1415 4048 1451 4110 B.
1496 4047 1547 4110 Sit
1575 4053 1676 4110 autem

722 4142 840 4216 tempus
864 4135 986 4217 aliquod
1010 4137 1145 4216 elapsum
1165 4139 1268 4212 abeo,
1292 4157 1350 4220 quo
1369 4137 1494 4218 planeta
1516 4135 1574 4199 lirit
1588 4137 1620 4198 in
1638 4136 1676 4212 B,

669 4267 686 4319 p
724 4223 808 4302 cujus
839 4243 980 4287 mensura
1010 4226 1051 4288 sit
1074 4225 1157 4288 CDE
1190 4227 1318 4308 angulus
1340 4227 1371 4289 in
1399 4225 1547 4308 epicyclo,
1581 4233 1616 4287 ut
1637 4227 1674 4300 B,

724 4313 842 4394 aphelio
866 4313 1002 4396 epicycli,
1025 4315 1056 4377 iu
1080 4313 1105 4378 O
1128 4316 1288 4391 translato,
1313 4323 1344 4378 et
1367 4313 1397 4378 G
1420 4323 1524 4378 centro
1547 4313 1676 4396 epicycli

723 4403 755 4464 in
775 4403 815 4476 D,
838 4403 961 4482 planeta
983 4404 1015 4468 in
1038 4405 1171 4486 epieyclo
1195 4403 1258 4468 aC
1282 4405 1311 4466 iu
1334 4404 1361 4466 E
1384 4403 1482 4466 iverit.
1529 4403 1612 4484 Ergo
1636 4403 1676 4465 ed

724 4492 964 4570 cognoscendum
986 4493 1072 4559 DAB
1097 4496 1247 4574 angulum,
1272 4496 1327 4556 sub
1344 4491 1428 4557 ODE
1450 4500 1579 4576 tempus,
1602 4511 1675 4573 per-

722 4579 830 4662 pende,
853 4580 1009 4662 planetam
1032 4603 1052 4646 a
1073 4584 1100 4645 B
1123 4583 1153 4644 iu
1175 4583 1202 4645 Ε
1225 4583 1399 4664 pervenisse
1433 4582 1548 4644 duabus
1576 4582 1674 4644 virtu·

722 4669 824 4746 tibus3
849 4667 961 4748 altera,
985 4692 1061 4753 quae
1084 4671 1182 4756 ipsum
1206 4672 1278 4734 fecit
1301 4669 1365 4734 Soli
1388 4671 1574 4753 propiorem,
1598 4689 1675 4752 qnae

719 4759 812 4823 'simul
836 4757 929 4823 etiam
951 4761 1055 4824 eduxit
1078 4779 1145 4823 eum
1167 4781 1184 4823 e
1207 4761 1288 4824 linea
1311 4758 1367 4823 Ac
1390 4761 1440 4822 vel
1462 4761 1537 4836 AD,
1562 4760 1594 4824 in
1617 4779 1676 4842 qua

722 4851 804 4932 prius
825 4849 937 4930 luerat,
962 4870 1029 4913 cum
1041 4849 1098 4916 Ac
1113 4859 1197 4916 esset
1214 4849 1334 4928 inAB3
1358 4849 1475 4934 altera,
1485 4869 1562 4940 quae
1576 4851 1675 4938 ipsum
