3582 5558
336 292 403 374 iiii
752 295 852 350 litam
870 293 972 362 Kepleri
990 290 1140 360 Qmmqne
1157 297 1260 346 mamae

331 475 469 542 sufficere
493 487 540 542 'ut
575 477 759 562 hypotheses
795 474 989 540 satisfaciant
1023 473 1211 550 observatis,
1246 491 1306 537 non
1342 469 1482 538 obstante
1514 469 1591 554 qaod
1614 468 1670 534 aiat

739 635 925 688 Fabrlcluas
953 633 1021 686 Dato
1038 634 1080 686 ΓΕ
1108 633 1197 686 statuis
1223 633 1352 700 planetam
1374 629 1439 684 inc
1463 637 1490 683 at
1517 633 1670 696 conquam

541 765 548 779 ,
649 699 798 760 anomaliam
817 705 889 757 CB'l'.
926 705 1084 772 sicquidem
1109 705 1358 772 proethaphasreseea
1383 709 1481 769 partem
1508 701 1621 760 cornicis,
1647 705 1672 750 st

648 795 698 830 noa
724 781 848 844 integram
877 777 1108 842 prosthaplraererin
1134 777 1192 828 lude
1219 777 1281 828 dare
1307 783 1387 842 pour.
1435 773 1544 826 stuta
1567 772 1670 825 mdo

648 852 860 904 ocoeahlcitatem
878 865 922 914 pro
935 850 1016 900 ahora
1032 849 1258 914 prosthaphaercrls
1270 855 1350 912 puta.
1375 849 1410 900 st
1424 861 1490 914 qnae
1501 845 1564 898 rado
1575 844 1614 906 sil,
1626 859 1672 894 aon

647 922 727 972 rideo.
762 920 789 972 Si
808 920 872 972 CBT
890 928 930 972 est
947 919 1074 972 anomala
1100 927 1240 984 commta
1257 923 1283 970 et
1300 921 1326 969 in
1345 917 1364 970 G
1381 919 1485 984 planeta
1509 917 1595 972 merit.
1617 923 1671 966 tuno

649 993 718 1044 ΒΕΑ
736 999 791 1043 tota
813 1007 868 1042 esse
896 992 998 1044 deberet
1014 991 1240 1058 prostlraphaereris
1257 991 1327 1042 iatius
1352 990 1417 1048 loci;
1436 989 1482 1040 sed
1498 1003 1548 1040 nou
1566 993 1611 1048 ert,
1628 999 1671 1038 aet

646 1063 692 1114 Bo
708 1078 768 1116 rara
790 1063 918 1114 diruatis„
960 1063 1004 1114 ΕΒ
1032 1069 1070 1113 sat
1093 1064 1173 1114 minor
1198 1075 1258 1114 rara
1280 1062 1413 1120 dhuoda,
1441 1059 1517 1111 multo
1537 1059 1617 1128 magia
1633 1055 1671 1108 BG

583 1146 586 1153 ’
646 1136 790 1187 misereat.
821 1133 923 1186 Slvere
941 1135 1282 1195 Blldirtantlarsraerlt,
1308 1127 1672 1198 cundpanammllfacrl

520 1198 523 1219 '
645 1207 679 1258 tu
695 1207 803 1274 planeta
820 1205 899 1269 enat)
918 1207 1124 1272 maeqaadonem
1141 1205 1282 1258 moadiae
1301 1203 1454 1258 mordenti

522 1312 526 1323 ,
585 1273 606 1324 ὓ
734 1279 942 1359 Keplerus:
977 1275 1063 1352 Quae
1086 1277 1209 1359 subjicis
1233 1269 1382 1353 absu'rda,
1415 1293 1491 1358 quae
1514 1279 1669 1356 sequautur

646 1386 684 1428 ex
717 1367 871 1430 schemate
908 1367 1111 1450 hypotheseos
1146 1389 1166 1430 a
1197 1386 1244 1430 me
1281 1367 1452 1448 proposito,
1490 1382 1550 1426 uon
1588 1368 1672 1442 egent

647 1456 856 1532 refutationes
871 1456 940 1539 ipsa
962 1457 1041 1530 enim
1064 1457 1201 1538 diligenti
1224 1455 1429 1519 meditatione·
1442 1459 1603 1536 patescent
1623 1469 1672 1532 per

646 1565 688 1610 se.
743 1545 868 1628 Ellipsis
902 1557 951 1612 ast
983 1547 1130 1610 naturalis
1164 1546 1360 1630 hypothesis;
1395 1543 1524 1608 circulus
1558 1539 1671 1622 ellipsis

645 1635 799 1716 amplexas
815 1645 863 1698 eet
878 1637 1083 1700 tantummodo
1097 1635 1311 1699 numerationis
1326 1653 1428 1698 causa.
1465 1631 1546 1696 Naui
1560 1627 1670 1710 ellipsis

650 1743 704 1806 per
731 1744 765 1788 se
792 1727 973 1806 geometrice
1003 1725 1106 1807 nequit
1134 1723 1223 1788 aliter
1251 1725 1281 1786 in
1308 1733 1409 1788 certas
1441 1727 1546 1804 partes
1580 1715 1674 1792 dividi,

330 1810 389 1878 nisi
411 1829 465 1893 por
487 1811 628 1876 circellum
651 1822 684 1877 et
706 1832 876 1878 communes
898 1815 1058 1880 ordinatim
1082 1814 1268 1895 applicatas,
1296 1833 1381 1896 quae·
1401 1812 1540 1875 dicantus
1568 1807 1596 1872 iu
1619 1807 1674 1870 cir-

332 1901 399 1966 culo
422 1900 516 1966 sinus.
562 1899 658 1985 Verbi
680 1904 790 1982 gratia,
813 1905 840 1968 si
859 1905 971 1968 dixeris
994 1901 1051 1968 10υ
1069 1902 1106 1965 de
1120 1903 1362 1966 circumferentia
1384 1900 1527 1982 clliptica
1553 1896 1675 1962 absurde

334 1990 475 2072 loqueris,
508 2009 577 2054 uam
607 1991 723 2072 ellipsis
746 2012 803 2056 nou
827 2003 876 2055 est
899 1994 990 2074 longa
1010 1989 1093 2058 360ο
1115 1992 1237 2069 circuli;
1267 2003 1302 2055 at
1323 1991 1350 2053 si
1378 1991 1531 2054 dividatur
1553 1989 1585 2052 ia
1606 1981 1674 2054 360,

332 2079 483 2144 nescietur
516 2079 688 2162 longitudo,
721 2083 893 2154 nesciantur
926 2091 1038 2164 puncta
1069 2091 1170 2146 artum
1203 2079 1252 2146 tlt
1279 2078 1520 2144 determinantia.
1579 2075 1622 2138 At
1652 2071 1675 2136 si

331 2169 444 2234 dixeris
477 2188 579 2234 arcum
609 2170 646 2232 de
674 2170 915 2235 circumferentia
943 2172 1088 2253 elliptica.
1109 2171 1338 2251 respondentem
1370 2167 1410 2234 10
1436 2167 1544 2249 primis
1579 2161 1676 2228 cuculi

331 2258 474 2340 gradihus
498 2259 536 2321 ah
559 2258 688 2340 aphelio,
709 2260 774 2340 jam
797 2261 860 2323 scio
884 2260 954 2341 quid
977 2261 1098 2325 dheris.
1144 2261 1225 2324 Nam
1248 2281 1267 2324 a
1290 2259 1416 2324 termino
1445 2250 1502 2322 10⁰
1531 2253 1633 2320 circuli
1653 2249 1676 2314 E

332 2348 429 2426 sinum
451 2356 565 2412 rectum
588 2369 641 2412 seu
663 2349 940 2431 perpendicularem
955 2351 1010 2414 ΕΤ
1032 2349 1158 2414 demitto
1181 2349 1212 2412 in
1234 2349 1345 2412 lineam
1369 2347 1508 2429 apsidum
1521 2344 1585 2421 FB,
1609 2359 1677 2424 quae

333 2436 484 2500 resecabit
505 2436 577 2501 mihi
601 2438 682 2500 illum
706 2439 947 2520 areumellipsis
960 2439 1024 2516 FC,
1048 2459 1135 2521 quem
1153 2438 1210 2502 hac
1224 2439 1289 2502 vice
1312 2438 1385 2500 mihi
1407 2435 1522 2501 dixisti.
1560 2435 1600 2498 Hi
1614 2449 1678 2511 ergo

337 2522 606 2603 10⁰crrcu1tsu,
631 2546 685 2590 seu
704 2527 798 2590 multo
821 2527 918 2606 magis
941 2529 1059 2610 proprie
1083 2527 1132 2590 hio
1146 2548 1236 2592 arcus
1259 2527 1400 2610 ellipseos
1415 2523 1478 2601 FO,
1501 2522 1678 2606 respondeus

333 2613 381 2678 his
399 2609 457 2682 10⁰
470 2614 583 2690 circuli,
606 2615 745 2679 dicuutur
758 2617 910 2680 anomalia
927 2619 1066 2693 eccentri,
1087 2628 1118 2680 et
1134 2616 1187 2684 CB
1207 2617 1355 2681 distantia
1370 2614 1472 2698 puncti
1495 2609 1678 2676 terminantis

334 2703 412 2766 hunc
444 2722 546 2768 arcum
580 2705 722 2786 ellipseos
752 2715 801 2768 est
834 2725 907 2770 vera
939 2707 1085 2770 distantia
1116 2708 1257 2788 planetae
1284 2728 1304 2769 a
1326 2705 1417 2782 Sole;
1450 2701 1573 2786 quippe,
1588 2701 1677 2782 msam

334 2812 443 2875 corpus
466 2793 607 2874 planetae
631 2795 660 2856 in
684 2793 782 2875 ellipei
804 2793 861 2859 hac
885 2796 1032 2859 circumit.
1070 2795 1141 2860 Jam
1164 2797 1234 2878 quid
1257 2783 1413 2878 opus'est
1435 2802 1466 2856 te
1490 2811 1529 2856 ex
1551 2792 1578 2856 B
1600 2789 1629 2852 in
1645 2787 1678 2862 Ε,

335 2901 374 2945 ex
395 2882 427 2944 A
448 2882 477 2946 iu
500 2881 528 2945 E
551 2881 659 2947 ducere
681 2884 782 2964 plures
805 2885 901 2948 lineas
925 2894 957 2948 et
978 2883 1032 2948 Bc
1056 2885 1250 2948 continuare?
1280 2885 1316 2950 Si
1338 2903 1393 2966 ege
1418 2884 1449 2948 id
1472 2881 1541 2956 feci,
1568 2880 1625 2942 feci
1644 2875 1680 2940 ad

336 2971 531 3054 explicandos
553 2991 637 3036 meos
659 2981 795 3038 conatus.
840 2975 893 3038 Ad
916 2975 1146 3055 computandum
1172 2994 1259 3057 porro
1280 2993 1342 3040 nou
1373 2981 1421 3036 est
1450 2989 1543 3057 opus3
1576 2965 1680 3035 sufficit

338 3069 372 3125 ut
394 3061 466 3124 dato
489 3069 600 3140 puncto
624 3060 650 3125 Ο
675 3081 862 3145 quaeramus,
886 3073 1001 3146 quauta
1022 3065 1099 3126 visio
1123 3062 1219 3140 CBF,
1243 3083 1319 3146 quae
1343 3071 1392 3126 est
1419 3060 1575 3124 anomalia
1596 3075 1677 3120 coae-

337 3158 443 3233 quata,
473 3157 506 3212 et
527 3159 642 3233 quante
669 3151 800 3216 vicissim
829 3171 913 3216 mora
935 3172 989 3216 scu
1011 3161 1147 3233 tempus,
1175 3173 1233 3234 quo
1262 3153 1387 3235 planeta
1411 3151 1442 3214 iu
1465 3146 1518 3214 FC
1550 3153 1679 3212 versatu

228 3309 235 3324 ι
338 3241 402 3313 (est
424 3244 526 3301 autem
549 3240 699 3304 anomalia
721 3242 845 3316 medie),
870 3243 1055 3326 requiratur;
1079 3250 1128 3304 est
1150 3251 1251 3316 autem
1274 3244 1338 3324 ejus
1360 3257 1501 3304 mensura
1518 3257 1593 3300 area
1609 3233 1679 3299 GBF

332 3347 421 3410 quam
443 3327 589 3408 proxime,
612 3330 712 3393 verior
729 3329 811 3393 EBF
826 3351 908 3408 eree,
929 3331 1057 3394 mirabili
1077 3331 1206 3415 quadam
1225 3330 1351 3405 ratione,
1376 3349 1464 3413 quam
1478 3327 1508 3390 iu
1524 3325 1678 3392 Commen-

333 3417 422 3480 tariis
445 3416 579 3498 explico;
604 3419 691 3482 nimis
715 3419 793 3482 eninr
812 3429 866 3505 est
888 3421 988 3502 longa.
1030 3419 1072 3484 Et
1095 3440 1132 3482 ne
1153 3420 1347 3484 rursum'tihi
1371 3417 1526 3498 scrupulos
1551 3429 1680 3478 moveam

333 3524 481 3588 quaerens
505 3508 685 3570 anomaliam
709 3509 839 3572 mediam
862 3512 893 3574 iu
916 3511 1041 3586 circulo,
1067 3509 1197 3593 reliquas
1226 3507 1394 3572 anomaliae
1418 3507 1448 3570 iu
1471 3505 1586 3588 ellipsi,
1609 3501 1679 3566 scito

333 3593 413 3675 quod
435 3614 507 3658 area
529 3613 587 3657 non
610 3615 664 3677 per
687 3617 720 3660 se
743 3599 884 3662 metiatur
908 3607 1035 3680 tempus,
1059 3599 1114 3662 sed
1138 3606 1285 3682 quatenus
1308 3595 1517 3680 complectitur
1538 3609 1679 3667 summam

327 3681 544 3746 'distantiarum
567 3685 696 3758 omniurn
718 3696 896 3767 punctorum
918 3687 954 3764 G,
977 3689 1004 3751 F
1031 3709 1050 3750 a
1071 3689 1098 3752 B
1118 3686 1199 3752 Sole.
1235 3685 1306 3750 Jam
1328 3691 1400 3750 vero
1424 3683 1534 3761 evenit,
1559 3693 1592 3747 ut
1614 3699 1680 3745 area

331 3771 413 3836 EBF
434 3772 598 3852 perfectius
621 3775 762 3842 metiatur
785 3777 862 3840 hanc
878 3775 930 3840 CF
947 3783 1122 3858 punctorum
1145 3777 1277 3841 omnium
1300 3775 1486 3850 distantiam,
1511 3792 1599 3855 quarn
1618 3771 1679 3852 ipsa

331 3881 405 3926 area
427 3859 515 3928 GBF.
560 3861 690 3926 Rursum
721 3863 813 3944 igitur
842 3885 963 3929 arcesso
985 3865 1081 3940 EBF,
1110 3867 1285 3930 numerandi
1313 3885 1406 3930 cansa
1429 3872 1461 3926 et
1483 3861 1677 3926 numerandae

332 3949 450 4034 quidem
474 3951 527 4027 rei,
553 3961 701 4032 quaeest
723 3954 754 4016 in
777 3954 876 4036 ellipsi
900 3954 963 4030 CF,
987 3970 1062 4036 quae
1085 3949 1136 4020 via
1157 3955 1280 4036 propria
1302 3964 1351 4020 est
1372 3955 1526 4036 planetae.

421 4039 467 4104 Tu
489 4037 539 4104 hic
556 4039 621 4122 jam
645 4040 773 4120 miraris,
797 4063 844 4106 me
863 4064 921 4107 non
945 4052 1119 4126 computare
1143 4046 1231 4110 simul
1250 4053 1406 4126 utramque
1428 4049 1547 4124 partem
1571 4056 1677 4121 aequa-

331 4129 446 4194 tionis?
483 4127 569 4194 Ohel
607 4125 686 4194 Num
709 4133 744 4195 lit
773 4133 803 4195 id
830 4133 861 4197 in
886 4133 1085 4198 Ptolemaeo?
1110 4133 1256 4198 Minime.
1301 4135 1381 4200 Nam
1409 4140 1442 4196 et
1467 4131 1534 4214 ipse
1564 4127 1677 4212 gemina

332 4219 507 4300 operatione
530 4239 767 4303 unamquamque
790 4223 978 4304 aequationis
1001 4230 1119 4304 partem
1142 4224 1309 4300 constituit,
1334 4223 1395 4286 nisi
1412 4221 1491 4304 quod
1509 4218 1676 4302 operatione

327 4310 393 4390 jam
417 4307 545 4390 abipso
577 4320 703 4390 peracta
732 4313 821 4374 simul
845 4319 878 4374 ει
900 4313 994 4375 semel
1020 4313 1086 4394 jam
1109 4321 1265 4396 utramque
1289 4332 1327 4376 ex
1349 4311 1462 4376 tabulis
1485 4307 1675 4390 excerpimus,

333 4398 412 4481 quod
434 4399 515 4463 idem
538 4397 632 4461 etiam
655 4398 735 4480 apud
748 4419 796 4462 me
815 4401 857 4462 fit
895 4401 1001 4482 Neque
1025 4421 1098 4466 sane
1122 4421 1196 4485 opus
1211 4410 1269 4479 est,
1293 4403 1466 4484 scrupulose
1485 4398 1676 4463 machamata

332 4487 487 4552 declarare
511 4497 811 4571 utramquepartem
837 4491 1028 4572 aequationis
1050 4511 1104 4573 per
1127 4511 1172 4554 se.
1217 4491 1358 4556 Sufficiat
1383 4491 1459 4554 hoc:
1489 4484 1676 4554 maachan

297 4557 465 4640 'eccentri
488 4575 540 4640 PG
564 4579 613 4673 vel
635 4577 689 4640 ΓΕ
712 4597 779 4642 εεεε
803 4579 974 4661 quantitate
1005 4581 1134 4645 mediam
1166 4581 1245 4645 inter
1275 4581 1393 4662 proprie
1418 4579 1530 4644 dictam
1554 4575 1677 4640 mediam

332 4675 365 4728 et
404 4666 484 4730 iuter
529 4675 740 4748 coaequatam,
796 4687 922 4748 esseque
975 4669 1080 4733 harum
1129 4668 1346 4753 quedammodo
1398 4665 1675 4734 ferruminatiouem.

333 4753 450 4826 Quodsi
472 4757 614 4837 planetae
638 4756 696 4820 iter
719 4767 803 4820 esset
825 4757 968 4834 circulus,
996 4769 1102 4840 posset
1130 4760 1271 4824 distincta
1294 4759 1374 4823 citra
1399 4758 1603 4826 conminuere
1624 4770 1676 4816 ⁰¹·

331 4843 439 4924 plicari
461 4853 586 4926 numne
613 4863 686 4927 pars
714 4845 904 4930 aequaticnis
926 4847 958 4912 iu
985 4847 1063 4912 hunc
1092 4850 1228 4916 modurn:
1258 4853 1332 4914 area
1352 4847 1441 4916 ΕΒΓ,
1460 4856 1510 4912 εει
1530 4840 1676 4912 ¹arrrrrrsalia
