3674 5532
326 269 391 340 2911
603 333 606 342 ,
802 271 843 326 De
859 269 966 327 hictibus
985 270 1077 328 Stellae
1095 269 1183 328 Muta

324 451 476 531 multoque
496 449 606 514 certius
621 449 779 532 apparebit
798 450 876 514 inira
894 471 958 534 cap.
973 453 1075 516 XLII.
1099 453 1192 514 Porro
1211 457 1244 512 et
1257 449 1358 533 tycho
1382 448 1439 512 hoc
1461 448 1492 512 in
1511 449 1598 514 Luna
1619 455 1667 514 est

269 615 273 624 Ι
324 539 459 602 imitatus
491 559 578 622 quam
607 540 749 620 proxime.
802 539 872 603 Jam
904 550 936 604 et
966 541 995 604 in
1028 541 1145 606 theoria
1172 537 1252 603 Solis
1284 537 1448 622 (Tychoni)
1477 539 1526 602 vel
1550 539 1661 602 Terrae

325 627 522 709 (Oopcrnico)
554 629 631 691 idem
664 637 712 690 001
739 629 983 693 demonstratum.
1039 629 1226 692 Devenere
1256 647 1326 691 vero
1359 636 1390 690 et
1412 627 1562 691 Mercurio
1595 628 1665 710 quin

323 716 402 779 idem
426 719 580 781 credamus
607 717 680 779 nihil
707 717 841 798 impedit.
894 721 959 782 Iuro
978 720 1043 799 jam
1066 721 1304 782 demonstratum
1326 715 1437 790 habeo,
1459 717 1534 796 hinc
1567 726 1666 780 ortam

324 824 391 868 esee
425 807 606 891 opinionem,
631 807 736 868 horum
758 809 946 887 planetarum
968 817 1073 872 centra
1095 807 1254 872 eccentrici
1277 808 1306 869 10
1331 824 1429 876 00000
1452 806 1578 875 01000110
1603 806 1665 870 010-

323 894 442 958 cumire.
489 893 616 982 000000Ι
631 915 701 976 ergo
732 896 873 979 planetae
904 898 959 959 hoo
981 898 1103 960 habent
1151 895 1227 959 Cum
1250 915 1320 975 ergo
1343 895 1374 956 10
1396 894 1576 976 Mysterio
1600 913 1666 956 mco

324 981 658 1064 Cosmographico,
683 993 752 1047 aute
776 1004 870 1047 annos
893 994 961 1048 octo
985 991 1092 1068 (plnres
1113 997 1174 1066 jam
1198 990 1276 1066 0001)
1299 982 1460 1065 publicato,
1485 983 1569 1046 litem
1588 983 1666 1046 hauc

325 1073 362 1135 de
386 1092 477 1136 cauea
500 1073 657 1154 aequantia
679 1074 856 1137 Ptolemaici
879 1076 935 1138 hoc
958 1077 1023 1138 solo
1046 1075 1163 1138 nomine
1187 1073 1369 1148 distulerim,
1402 1073 1480 1154 quod
1503 1091 1541 1136 err
1563 1081 1665 1135 astro-

322 1163 422 1236 nomia
453 1163 569 1242 vulgari
596 1162 656 1224 dici
682 1183 741 1224 nou
763 1173 883 1244 posset,
917 1185 955 1226 au
979 1166 1071 1228 etiarn
1094 1163 1148 1226 Sol
1171 1164 1219 1225 vel
1242 1164 1336 1226 Terra
1358 1169 1469 1242 puncto
1493 1161 1667 1244 aequaturio

322 1260 354 1314 01
383 1252 448 1332 ejus
472 1251 681 1314 eccentricitas
704 1252 869 1315 biseotione
892 1261 1010 1316 utatur:
1040 1253 1175 1334 equidem
1200 1253 1265 1332 jam
1288 1253 1376 1315 decet
1397 1270 1461 1314 rem
1484 1270 1551 1314 esse
1574 1249 1666 1332 11001-

324 1341 410 1415 dam,
449 1349 609 1421 postquam
641 1340 811 1403 sincerioris
846 1343 1046 1406 aeconomiae
1076 1341 1248 1405 testimonio
1276 1342 1480 1404 confirmatum
1510 1339 1665 1415 hahemus,

322 1429 927 1502 0000100101100001080110001Το0000
950 1439 1128 1514 aequantem
1150 1433 1259 1493 inesse.
1304 1429 1369 1491 Hoc
1392 1429 1511 1510 inquam
1529 1429 1595 1508 jam
1609 1429 1665 1492 dc·
1741 1495 1744 1502 ,

321 1525 499 1594 monstrato,
523 1519 610 1580 decet
633 1537 755 1581 oausam
779 1521 935 1601 aequantia
948 1521 1126 1584 Ptolemaici
1149 1542 1168 1582 a
1189 1539 1236 1582 me
1259 1519 1446 1598 assignatam
1467 1519 1498 1580 in
1519 1517 1666 1601 Mysterio

324 1605 579 1687 Coemographico
602 1625 655 1687 pro
675 1608 761 1687 justa
783 1617 814 1670 et
837 1609 972 1688 legitima
994 1610 1109 1686 haberi,
1133 1629 1200 1672 curn
1223 1609 1265 1671 sit
1286 1606 1464 1670 universalis
1485 1614 1516 1670 et
1530 1625 1665 1670 commu·

320 1697 367 1758 nis
391 1697 528 1758 omnibns
555 1697 697 1778 planetis.
742 1698 830 1761 Illam
853 1699 944 1779 igitur
966 1699 1023 1761 hac
1047 1699 1145 1780 operis
1167 1707 1254 1780 parte
1277 1696 1436 1759 declarabo
1449 1695 1585 1776 amplius.
1623 1695 1667 1758 Et

317 1785 387 1866 quia
409 1785 573 1848 declaratio
597 1786 656 1848 erit
682 1787 842 1867 generalis,
867 1797 1030 1851 01000000
1052 1789 1238 1868 planetae.
1283 1786 1394 1850 Lector
1421 1793 1521 1848 autem
1552 1784 1582 1847 in
1607 1785 1665 1846 hoc

315 1882 347 1936 et
369 1875 564 1956 sequentihus
588 1874 705 1956 aliquot
727 1877 876 1955 capitibus
899 1896 1017 1958 semper
1038 1877 1070 1940 in
1085 1877 1185 1958 specie
1201 1877 1357 1938 Terram
1380 1873 1591 1955 Cepernici
1614 1873 1663 1936 vel

316 1962 439 2028 Solem
464 1963 661 2045 Tyohonis
684 1965 846 2044 intelligat.
1499 1993 1503 2006 ·

402 2053 534 2115 Primum
557 2054 651 2129 sciat,
688 2054 823 2117 inomni
851 2053 1011 2135 hypothesi
1035 2053 1283 2117 Ptolemaios
1306 2053 1363 2114 hac
1387 2053 1483 2115 forma
1505 2050 1662 2126 instructa,

316 2151 559 2223 quantacunque·
575 2142 783 2205 eccentricitas
813 2143 919 2217 fuerit,
948 2143 1134 2205 celeritatem
1161 2143 1191 2205 iu
1214 2141 1357 2224 perihelio
1380 2150 1412 2204 01
1434 2139 1609 2204 tarditatem
1626 2140 1663 2202 in

316 2231 433 2311 aphelio
471 2231 692 2312 proportionari
729 2251 817 2314 quam
852 2231 987 2312 proxime
1025 2232 1112 2296 lineis
1143 2251 1180 2294 ex
1213 2240 1315 2294 centro
1348 2230 1447 2294 mundi
1483 2229 1599 2292 eductis
1631 2228 1664 2290 in

314 2319 479 2402 planetam

1091 2411 1127 2474 Iu
1150 2409 1322 2484 schemate,
1351 2407 1382 2471 in
1405 2427 1462 2490 quo
1484 2431 1505 2470 o
1527 2413 1663 2472 centrum

1026 2499 1128 2564 mundi
1150 2499 1223 2573 luit,
1246 2499 1320 2576 01β
1347 2505 1481 2560 centrum
1503 2495 1663 2558 eccentrici

1027 2595 1077 2664 00,
1092 2597 1123 2651 01
1136 2611 1151 2668 γ
1169 2593 1310 2668 punctum
1326 2585 1494 2667 aequantia,
1512 2584 1662 2648 scribatur

1027 2687 1154 2757 centroy
1168 2675 1314 2738 distantia
1326 2676 1369 2754 eo
1384 2673 1512 2737 circulus
1528 2691 1662 2754 aequans

1027 2785 1089 2848 eq3
1113 2773 1145 2828 01
1166 2784 1220 2847 per
1242 2789 1262 2828 α
1285 2772 1419 2827 centrum
1442 2761 1660 2838 mundi,1uude

1027 2862 1216 2937 computatur
1239 2847 1448 2916 eccentricitas
1471 2852 1536 2926 (est
1559 2857 1661 2914 autem

1026 2943 1234 3027 inpraesenti
1258 2941 1380 3022 negotio
1403 2941 1457 3005 Sol
1481 2939 1659 3020 Gopernico,

960 3059 969 3110 2,
1028 3035 1122 3096 Terra
1158 3031 1281 3106 ceteris)
1323 3038 1430 3112 agatur
1467 3037 1553 3092 recta
1593 3043 1659 3108 0000,

967 3115 977 3188 i
1027 3143 1134 3186 secans
1157 3112 1363 3184 'eccentricnm
1391 3120 1472 3199 100
1496 3126 1594 3194 010,
1627 3123 1661 3180 01

1025 3213 1149 3294 planeta
1185 3210 1226 3272 sit
1259 3210 1290 3272 in
1326 3223 1353 3289 ψ
1389 3216 1421 3271 01
1452 3207 1660 3284 0,(00001100

980 3350 993 3378 ,
1027 3299 1186 3362 eccentrici
1210 3305 1314 3379 tepet
1337 3321 1380 3360 00
1404 3295 1566 3370 000100110,
1595 3295 1659 3358 11110

1026 3390 1064 3452 ab
1088 3389 1207 3470 aphelio
1231 3406 1284 3449 000
1307 3406 1453 3468 apogaeo,
1476 3385 1525 3447 hic
1540 3405 1560 3446 a
1574 3384 1659 3465 peri·-

1025 3478 1106 3543 100110
1129 3497 1182 3540 000
1205 3476 1366 3558 perigaee:
1393 3477 1443 3558 qui
1466 3494 1555 3538 arcus
1578 3492 1616 3534 ex
1638 3496 1659 3536 0

1024 3574 1174 3648 ponuntur
1211 3583 1356 3646 apparere
1393 3564 1552 3646 00000100,
1589 3561 1660 3644 0010

1025 3664 1110 3718 00010
1147 3670 1205 3736 qo
1243 3653 1317 3716 facit
1353 3659 1428 3733 000
1455 3661 1487 3715 01
1513 3673 1587 3716 eos
1620 3649 1660 3711 ad

1024 3746 1169 3807 verticem
1192 3743 1343 3825 aequales.
1384 3741 1459 3806 (inm
1481 3743 1658 3820 00100000,

1025 3858 1069 3897 00
1093 3839 1352 3914 transponantur
1369 3850 1436 3893 0000
1459 3829 1583 3905 minimi,
1606 3836 1658 3890 ut·
1701 3903 1707 3916 .

1025 3931 1094 4004 pote
1117 3923 1148 3984 in
1166 3921 1241 4004 ipsis
1257 3925 1284 3996 0,
1300 3943 1314 3983 0
1337 3918 1508 4001 opsidibus,
1533 3915 1658 3980 arcetis

421 4051 424 4058 ·
1026 4013 1118 4092 igitur
1144 4010 1232 4074 lineis
1259 4009 1335 4072 nihil
1362 4009 1503 4071 differunt
1524 4006 1564 4068 ad
1586 4023 1658 4068 seu·

315 4138 389 4183 sum.
435 4113 541 4194 Itaque
563 4105 686 4190 perinde
709 4125 745 4168 ac
769 4106 796 4168 01
818 4110 907 4185 bap,
931 4127 1003 4166 000
1033 4092 1136 4166 esseut
1165 4099 1316 4179 triangula
1343 4097 1514 4172 rectilinea,
1538 4101 1620 4170 010,
1644 4115 1658 4154 0

316 4204 418 4286 anguli
440 4201 516 4265 recti
538 4206 570 4261 et
592 4221 612 4260 α
635 4194 798 4259 communis
821 4201 942 4268 vertex,
974 4193 1032 4255 erit
1054 4198 1087 4252 ut
1110 4195 1152 4252 dc
1175 4189 1214 4253 ad
1237 4211 1276 4249 οα
1300 4185 1344 4248 010
1366 4193 1415 4266 dep
1438 4206 1525 4248 arcus
1548 4183 1588 4246 ad
1610 4205 1657 4245 00

317 4311 428 4359 arcum.
465 4289 528 4356 Sed
549 4285 667 4366 longior
689 4292 738 4348 est
760 4289 803 4348 00
825 4301 913 4368 quam
931 4303 971 4345 00
983 4302 992 4357 ;
1016 4279 1133 4359 longior
1156 4277 1246 4357 igitur
1270 4275 1361 4338 etiam
1384 4294 1472 4337 arens
1495 4280 1547 4353 00
1569 4291 1657 4355 quam

317 4408 372 4448 00.
408 4382 449 4446 Hi
473 4396 562 4442 arcus
579 4377 627 4450 (re
644 4373 919 4456 00001000000100)
943 4375 1142 4452 apparenter
1165 4391 1185 4428 α
1208 4364 1360 4446 aequales.
1399 4361 1562 4435 Quaeritur
1581 4361 1656 4441 jam,

317 4480 428 4558 quanto
451 4479 585 4550 tempore
609 4469 741 4528 moretur
770 4463 892 4543 planete
915 4459 946 4522 in
969 4467 1092 4539 utroque
1124 4475 1194 4517 arcu
1224 4473 1261 4516 ex
1284 4451 1421 4519 doctrina
1444 4459 1475 4514 et
1496 4449 1657 4533 hypothesi

238 4598 246 4616 ·
316 4560 493 4638 Ptolemaei,
516 4554 634 4640 quando
656 4552 684 4615 is
708 4560 885 4633 aequantem
908 4545 1055 4611 adhibet?
1075 4544 1170 4626 Igitur
1193 4561 1259 4622 ery
1282 4549 1384 4604 centro
1405 4560 1459 4628 per
1482 4540 1657 4621 01000000

317 4657 418 4715 000100
441 4649 597 4722 ducantur,
621 4649 759 4705 secantes
783 4645 959 4722 aequantem
976 4637 1008 4698 10
1025 4659 1052 4718 2,
1067 4655 1094 4696 0.
1130 4632 1221 4696 Dicet
1242 4629 1334 4712 igitur
1355 4629 1566 4693 Ptolemaeus:
1590 4645 1657 4690 curn

317 4740 435 4820 integer
458 4736 586 4801 circulus
610 4728 767 4814 aequantia
790 4749 836 4806 00
859 4727 984 4790 denotat
1005 4733 1122 4804 tempus
1144 4720 1327 4802 periodicum
1348 4717 1498 4800 planetae,
1523 4725 1593 4780 tuuc
1615 4739 1656 4799 og

318 4845 386 4892 esse
409 4841 578 4888 mensuram
599 4817 742 4900 temporis
765 4817 844 4899 quod
871 4816 997 4897 planeta
1023 4809 1170 4876 consumit
1195 4809 1227 4872 in
1254 4827 1326 4890 arcu
1355 4805 1657 4884 000001010101,01

320 4935 365 4997 pr
386 4931 454 4978 erse
477 4927 647 4976 mensnram
667 4904 829 4988 temporis,
852 4903 932 4986 quod
952 4904 1076 4986 planeta
1102 4897 1251 4964 consumit
1271 4895 1302 4964 in
1324 4913 1397 4961 arcu
1418 4893 1578 4962 eccentrici
1600 4916 1654 4957 00.

621 3374 660 3401 ΨΑ,
667 3350 787 3403 ἐκ.

643 3405 945 3447 stix—..—
982 3392 994 3424 ‘

649 3449 662 3469 fl
672 3448 689 3489 vlt
983 3445 1001 3488 ’l
