3558 5538
378 295 442 366 roe
914 293 1183 388 muer-sape

378 509 482 576 Nobili
506 519 537 573 et
559 509 717 592 maguitico
746 511 810 574 viro
833 512 871 575 D.
896 511 935 574 D.
965 511 1098 574 Joauni
1130 477 1290 589 Georgio
1319 507 1504 571 Herwarto
1531 505 1680 570 abllohen·
1734 565 1735 570 ,

377 598 689 682 ιιιιις,,οιιιιοι11ιιιίο
712 602 880 678 Bavariae,
912 599 1108 664 illustrissimi
1135 599 1283 663 Bavariae
1311 597 1463 679 Principis
1490 594 1639 659 consiliario
1661 605 1683 660 et

515 690 649 771 praesidi
671 690 807 765 Suebae,
830 691 959 754 Domino
983 699 1015 753 et
1035 690 1160 778 Fautori
1182 708 1247 752 meo
1269 689 1428 770 plurimum
1450 685 1577 748 colendo.

468 831 502 896 Si
530 851 679 914 nunqnam
705 833 735 894 in
758 833 862 914 Magn.
894 842 964 896 tuae
995 833 1235 896 familiaritatem
1265 831 1389 894 fuesem
1415 835 1569 910 receptus,
1593 833 1685 906 poterat

380 942 427 984 me
450 923 499 984 vel
523 922 589 983 eola
611 922 664 984 illa
687 929 740 983 tua
763 923 886 1002 egregia
914 923 942 985 iu
966 923 1071 986 literas
1093 923 1234 985 voluntas
1256 929 1289 982 et
1311 938 1395 982 amor
1418 919 1567 982 doctomm
1586 916 1685 978 virorum

380 1011 496 1093 passim
528 1011 736 1073 increbescens
770 1011 899 1074 invitare
930 1013 968 1074 ad
1001 1020 1032 1075 te
1060 1031 1115 1093 pro
1145 1011 1259 1074 viribus
1288 1009 1505 1090 percolendum.
1549 1004 1619 1078 Quia
1636 1023 1686 1066 ren

381 1119 439 1162 non
455 1107 572 1161 tanturn
588 1099 776 1162 creberrimis
793 1100 849 1162 abs
867 1109 898 1162 te
915 1101 1012 1164 literis
1026 1103 1089 1184 jam
1104 1119 1159 1184 per
1177 1119 1272 1162 anuos
1290 1099 1405 1180 aliquot
1419 1116 1484 1160 som
1502 1095 1686 1166 cohonestetur

382 1188 552 1252 sedetiam
580 1208 613 1250 re
641 1189 709 1269 ipsa
738 1207 793 1251 nec
820 1209 878 1252 uno
907 1191 937 1252 in
968 1190 1033 1253 loco
1065 1201 1147 1254 tuam
1176 1189 1206 1252 iu
1234 1208 1282 1250 me
1311 1185 1546 1251 benevolentiam
1567 1202 1624 1246 cum
1642 1199 1687 1244 neo

383 1279 537 1340 commodo
562 1288 703 1357 expertus
726 1297 813 1340 sum:
836 1280 973 1359 equidem
992 1282 1056 1361 jam
1078 1280 1192 1360 pridem
1216 1277 1352 1340 decuisse
1376 1275 1516 1350 arbitror,
1539 1281 1570 1336 ut
1588 1272 1688 1352 gratim

382 1367 481 1428 dinem
503 1386 600 1428 meam
623 1367 723 1447 aliquo
742 1386 862 1432 monere
883 1369 1018 1432 literariu
1034 1370 1228 1440 declararem,
1250 1367 1277 1428 si
1299 1366 1373 1428 mihi
1387 1365 1503 1429 Urania
1524 1371 1572 1426 sat
1590 1361 1688 1443 propitie

383 1457 500 1518 luisset.
548 1454 624 1518 Cum
650 1455 744 1534 igitur
771 1476 866 1537 nuper
894 1459 923 1520 iu
951 1459 1008 1520 boc
1036 1459 1232 1540 qualicunque
1260 1455 1402 1536 opusculo
1429 1453 1595 1518 tabularum
1613 1451 1689 1512 Loue-

382 1546 458 1608 rium
480 1545 553 1607 mihi
575 1545 727 1608 videretur
754 1548 956 1622 successisse,
988 1555 1077 1628 teque
1103 1549 1226 1627 iusuper
1253 1565 1320 1608 cum
1342 1545 1501 1608 universae
1524 1539 1689 1604 astronomiae

382 1641 445 1696 tum
472 1633 661 1716 potissimum
689 1634 844 1697 doctrinae
872 1637 909 1697 de
938 1636 1099 1719 eclipsibus
1129 1635 1381 1699 studiosissimum
1413 1633 1540 1696 scirem:
1571 1648 1622 1692 non
1645 1635 1691 1688 erat

262 1789 266 1794 .
385 1723 457 1786 mihi
481 1723 638 1804 quisquam
663 1723 740 1786 alius
763 1723 940 1804 deligendus
962 1725 1032 1788 hnic
1055 1724 1319 1806 occupatiunculae
1342 1731 1504 1804 patronus,
1526 1719 1609 1801 idque
1628 1723 1691 1778 tauto

382 1812 500 1892 magis,
532 1813 701 1894 quodcum
728 1813 801 1874 nihil
830 1814 879 1876 bic
901 1814 983 1878 aliud
1005 1833 1113 1896 egam,
1144 1833 1232 1894 qnam
1260 1821 1295 1876 ut
1324 1813 1430 1876 summi
1455 1809 1539 1872 illins
1560 1805 1691 1870 ιιιιοιιιιί

306 1910 315 1927 “
382 1901 569 1984 Tychonis
595 1902 715 1964 Brahe
748 1901 863 1983 placita
892 1903 928 1964 de
952 1905 1056 1966 Lunae
1084 1903 1232 1978 motibus,
1265 1921 1341 1984 quae
1370 1901 1400 1964 iu
1427 1901 1691 1984 Proqymummetou

384 1997 467 2053 tomo
489 2009 583 2071 nuper
607 1998 677 2053 sunt
698 1990 818 2070 publica
850 1992 945 2068 tacta,
978 1993 1182 2056 communiora
1208 2001 1240 2054 et
1270 1993 1309 2054 ad
1340 2009 1426 2054 usum
1457 1986 1693 2052 accommodatiora

384 2080 530 2142 reddam:
560 2080 612 2142 vix
635 2080 772 2160 cuiquam
794 2080 827 2142 id
849 2081 965 2160 gratius
989 2083 1125 2145 accidere
1147 2081 1262 2163 possit,
1292 2100 1382 2162 quem
1404 2079 1478 2154 tihi,
1502 2078 1552 2160 qui
1573 2084 1602 2138 et
1620 2075 1693 2136 rison

385 2169 520 2232 studiose
550 2169 670 2232 coluisti
701 2177 732 2232 et
759 2171 868 2233 mortui
900 2171 1089 2234 monimentis
1117 2171 1260 2234 literariis
1287 2171 1418 2234 sollicite
1446 2169 1543 2231 laves.
1585 2163 1694 2236 Quiuet

384 2258 483 2340 ipsum
505 2257 619 2320 laboris
641 2258 730 2338 hujus
753 2259 922 2323 institutum
946 2269 977 2322 te
1004 2261 1193 2342 potissimum
1217 2261 1348 2340 jndicem
1377 2267 1410 2322 et
1435 2257 1579 2322 arbitrum
1598 2271 1693 2336 mecon

384 2347 523 2410 videtur:
547 2347 626 2429 qnod
648 2348 736 2429 quale
759 2349 800 2410 sit
823 2349 981 2429 diligenter
1004 2347 1211 2430 explicandum
1235 2358 1292 2413 est.

473 2436 651 2515 Postquam,
677 2455 761 2516 quae'
776 2437 853 2512 dini,
875 2438 1145 2521 Progymnasmeta
1166 2438 1318 2520 Tycboms
1340 2443 1373 2498 et
1391 2435 1424 2498 in
1447 2437 1486 2500 iis
1510 2433 1634 2498 Tabulae
1651 2427 1694 2492 Lo-

385 2541 474 2588 narss
496 2525 679 2604 prodierunt,
703 2526 823 2588 diversa
836 2527 894 2590 dno
909 2527 1186 2592 matbematicorum
1202 2527 1326 2608 judicia
1350 2525 1460 2605 partim
1481 2523 1538 2586 abs
1555 2530 1593 2598 te,
1613 2519 1694 2602 partin

385 2613 424 2676 ab
447 2613 516 2674 aliis
539 2613 578 2674 ad
601 2632 648 2675 me
670 2613 841 2695 perscripta
862 2623 945 2689 sont,
972 2617 1042 2680 hinc
1069 2617 1174 2680 alteris
1205 2617 1379 2680 intricatam
1410 2623 1559 2696 captuque
1581 2610 1694 2674 difficilem

385 2700 564 2784 hypothesin
590 2710 621 2764 et
644 2722 663 2764 a
685 2711 794 2766 natura
816 2705 946 2770 alienam
968 2706 1153 2781 notantibus,
1176 2706 1246 2770 inde
1269 2706 1337 2769 aliis
1361 2703 1569 2786 querentibus,
1596 2699 1694 2764 nondun

386 2791 555 2854 tabulamm
570 2791 684 2854 moueri
703 2793 896 2858 satisfactum
913 2815 990 2871 ease,
1015 2797 1133 2876 quarmo
1157 2796 1255 2859 altere
1276 2801 1496 2859 menstruarum
1519 2789 1695 2875 aequatioom

386 2880 546 2943 etiamnum
573 2899 628 2962 per
654 2881 821 2946 doctrinam
848 2885 1062 2964 triangulumm
1092 2885 1210 2966 prolixo
1238 2893 1271 2948 et
1298 2884 1434 2948 taedimo
1456 2882 1561 2945 labore
1582 2877 1696 2942 solvende

386 2971 438 3032 sit.
483 2971 627 3051 Utrisque
654 2970 712 3033 hoc
739 2971 842 3035 labore
873 2975 1027 3037 consulere
1057 2994 1123 3037 sum
1151 2983 1287 3039 conatus.
1332 2973 1453 3036 Etenim
1476 2973 1503 3036 si
1531 2989 1602 3054 qnos
1621 2973 1697 3030 moret

385 3059 434 3122 vel
457 3059 641 3122 circellorum
663 3061 824 3125 multitudo
848 3063 895 3124 vel
919 3063 1013 3126 centri
1036 3065 1118 3127 orbis
1141 3065 1171 3126 in
1194 3071 1329 3128 centrum
1348 3064 1460 3126 Terrae
1484 3061 1696 3124 semimeustrous

385 3150 539 3230 ingressus
563 3156 595 3210 et
617 3149 787 3212 discessus:
812 3150 872 3214 illis
892 3160 1045 3218 ostensum
1061 3161 1110 3216 est
1131 3154 1190 3227 hic,
1217 3153 1453 3234 Gopemicanum
1472 3151 1556 3214 illum
1578 3145 1697 3230 duplices

387 3239 551 3318 epicyclum
583 3238 613 3299 in
643 3241 847 3315 comentrico,
866 3260 967 3320 quem
994 3242 1097 3324 lycbo
1129 3249 1288 3324 tantopere
1319 3241 1491 3315 manavit,
1524 3247 1558 3301 nt
1586 3235 1697 3299 aurbus

387 3327 588 3406 superioribus
610 3335 777 3391 mutuatum
800 3331 892 3392 etiem
915 3331 944 3393 in
960 3332 1076 3395 Lunam
1098 3331 1312 3407 introduceret,
1335 3330 1409 3392 nibil
1432 3349 1502 3391 esse
1527 3325 1614 3403 aliud,
1634 3341 1698 3406 quau

385 3435 475 3477 unum
497 3416 714 3480 Ptolemaicum
737 3413 781 3491 (in
806 3419 902 3482 tribus
926 3420 1143 3501 superioribus)
1171 3421 1383 3494 eccentricnm,
1414 3419 1501 3499 cujus
1528 3425 1622 3480 motus
1641 3415 1699 3478 cira

385 3503 528 3586 puu'cturq
560 3505 681 3586 aliquod
713 3509 917 3589 aequaturium
949 3529 1039 3592 supra
1070 3518 1205 3573 centrum
1237 3509 1317 3572 orbis
1350 3509 1503 3573 elevatum
1536 3506 1699 3570 circinantur

387 3593 603 3673 aequabiliter:
631 3615 719 3676 quam
741 3595 986 3679 inaequalitatem
1010 3606 1108 3664 motus
1130 3599 1304 3682 propediem
1326 3599 1356 3660 iu
1376 3597 1435 3660 alio
1458 3616 1566 3680 opere,
1588 3594 1630 3658 cui
1649 3594 1698 3655 loo·

386 3682 527 3744 dameuta
550 3681 579 3742 iu
603 3702 668 3744 meo
690 3685 854 3749 Prodromo
878 3707 931 3748 seu
954 3687 1101 3770 Mysterio
1117 3687 1372 3768 cosmographico
1392 3687 1464 3768 jeci,
1486 3685 1617 3769 physicis
1637 3682 1698 3764 prin·

304 3819 307 3829 .
385 3769 471 3850 cipiis
495 3772 809 3837 convenientissimam
832 3775 1042 3840 demonstrabo
1065 3788 1098 3840 et
1121 3777 1280 3858 Gopemici
1303 3775 1524 3858 objectionibus
1547 3775 1577 3837 iu
1599 3772 1698 3836 solidus

385 3859 583 3923 satisfaciam.
627 3863 762 3925 Eundem
785 3865 814 3926 in
838 3866 958 3928 modum
980 3867 1028 3929 bic
1056 3867 1298 3942 demonstratur,
1326 3866 1481 3929 circellum
1508 3865 1608 3938 illum,
1636 3875 1698 3942 quem

384 3949 487 4031 'l'ycbo
509 3969 563 4031 per
586 3957 721 4014 centrum
742 3954 854 4015 Terrae
878 3955 1006 4019 transire
1030 3956 1115 4029 facit,
1137 3957 1226 4036 plane
1249 3957 1417 4020 coincidere
1440 3974 1510 4018 curu
1524 3953 1698 4036 Gopsmicwt

385 4039 516 4101 secundo
540 4041 672 4122 epicyclo
695 4041 827 4117 Lunari;
856 4064 912 4107 nec
934 4045 992 4108 nisi
1019 4046 1171 4128 positione
1194 4054 1226 4108 et
1247 4045 1382 4116 nonnihil
1405 4045 1577 4127 quantitate
1598 4042 1697 4108 dilleut

385 4127 494 4191 ellectu
518 4147 588 4190 veru
610 4137 711 4194 motus
732 4133 945 4216 aequipollere,
969 4137 1055 4217 quale
1080 4135 1151 4217 quid
1166 4135 1267 4218 Tycho
1291 4136 1356 4216 ipse
1380 4135 1408 4198 iu
1432 4133 1628 4215 explicatione
1648 4143 1699 4192 sose

384 4216 589 4300 hypotheseos
611 4221 732 4284 monuit
770 4221 877 4304 Itaque
900 4225 930 4286 in
951 4226 1119 4288 universum
1134 4225 1237 4288 Lunae
1261 4223 1388 4302 theoria,
1412 4225 1493 4307 quod
1516 4219 1698 4301 longitudines

385 4306 504 4379 attinet,
527 4307 653 4370 totidem
676 4311 828 4372 constabit
850 4313 971 4376 orbibus
994 4322 1027 4377 et
1049 4315 1170 4388 centris,
1194 4321 1267 4395 quot
1288 4315 1366 4395 epnd
1389 4313 1596 4376 Ptolemaeum
1616 4303 1687 4388 aliq'

385 4395 542 4458 extribus
565 4397 787 4477 superioribus:
818 4401 877 4463 nisi
901 4405 978 4483 quod
1005 4413 1164 4486 praeterea
1191 4404 1282 4465 etiam
1310 4403 1426 4467 medius
1448 4403 1554 4466 Lunae
1576 4393 1698 4464 motusin

385 4485 643 4566 conjunctionibus
666 4496 698 4550 et
720 4489 957 4571 oppositionibus
980 4511 1140 4576 parumper
1154 4493 1349 4568 acceleratur,
1374 4511 1463 4574 quam
1478 4491 1580 4574 Tycho
1594 4484 1699 4550 Varia·

325 4575 330 4588 '
385 4574 522 4638 tionem
545 4574 640 4652 dixit;
663 4597 750 4658 quae,
772 4585 807 4641 nt
825 4597 951 4643 acausa
964 4583 1091 4666 physica
1112 4583 1258 4664 prolecta,
1282 4583 1403 4645 circello
1424 4581 1571 4663 peculiari
1592 4579 1627 4641 ad
1646 4591 1698 4655 syr

386 4665 566 4730 colationem
588 4684 647 4728 uon
670 4667 801 4749 indiget,
831 4689 897 4732 cum
920 4671 959 4734 ab
982 4672 1132 4752 ipsissimo
1155 4679 1307 4734 menstruo
1331 4671 1457 4736 circuitu
1483 4677 1630 4734 nmcatur.
1667 4661 1698 4724 Dt

385 4753 443 4820 hac
466 4763 586 4832 tamen,
618 4762 652 4816 ut
673 4755 752 4820 infra
773 4759 902 4835 dicetur,
934 4763 1062 4824 nondum
1085 4762 1204 4843 penitus
1227 4763 1329 4842 liquet
1377 4760 1629 4835 Quemadmodum
1647 4767 1698 4812 *0¹⁰

385 4843 563 4927 hypothesis
584 4844 689 4908 Lunae
712 4847 873 4910 conformis
903 4858 952 4912 est
977 4850 1097 4914 reddita
1118 4851 1241 4914 usitatis
1263 4851 1457 4915 Ptolemaicis
1478 4851 1568 4914 trium
1589 4841 1698 4928 superio·
