3606 5562
686 311 826 402 snum
843 321 985 388 ondens
1441 335 1503 406 097
1579 303 1584 320 ‘

163 511 246 580 Solis
269 521 301 578 et
321 515 425 578 Lunae
448 514 553 578 mediis
581 515 630 576 vel
652 511 682 576 iu
704 512 878 593 aloerutrius
900 511 1093 596 aequatione,
1121 521 1153 576 et
1176 513 1221 576 sic
1244 515 1337 578 varie.
1384 516 1505 580 Poteri-

163 624 230 666 mus
259 611 358 670 autem
390 603 531 672 adhibere
563 602 725 666 hodiernae
755 601 949 682 aequationes
976 602 1080 664 Lunae
1108 609 1251 684 tunquam
1280 611 1441 685 perpetuas
1475 615 1506 670 et

162 686 325 772 periculum
357 693 481 754 fecere(
509 694 559 756 Ita
590 700 621 756 et
651 710 706 774 per
734 691 897 754 hodiemes
929 691 1123 772 aequatioues
1153 691 1244 756 Solis.
1290 693 1351 756 Sed
1380 713 1427 756 res
1458 704 1507 758 est

161 781 251 845 valde
273 781 417 863 perplexe
437 779 474 843 ob
497 781 685 856 varietatem,
709 781 778 844 dum
795 780 893 842 omnia
912 789 1053 862 suspecta
1072 789 1149 843 suut.
1187 783 1374 863 Apcgaeum,
1397 803 1504 846 eccen-

161 870 291 944 tricitas,
315 878 414 934 motus
437 871 562 946 medius,
586 869 746 953 obliquitas
760 868 928 948 eclipticas,
950 871 1056 934 Lunae
1072 870 1233 946 anomalia,
1257 879 1355 933 motus
1379 873 1503 948 medius,

160 957 386 1034 eoceutricitas,
410 959 591 1040 parellaxis,
619 959 742 1048 insuper
765 957 906 1034 latitudo,
931 959 1003 1021 item
1026 959 1101 1021 hore
1124 959 1182 1020 diei
1206 959 1356 1040 ignorata.
1403 959 1505 1032 Quare
1600 1029 1605 1042 ,

160 1068 278 1112 summa
292 1048 557 1127 circumspectione
574 1067 648 1130 opus
663 1055 719 1124 est,
743 1048 793 1112 ubi
808 1047 1019 1127 incipiendum,
1043 1047 1113 1130 quid
1129 1066 1183 1127 pro
1202 1049 1369 1112 indubitato
1387 1070 1503 1132 ponen-

160 1138 246 1200 du'm:
280 1155 355 1224 quse
385 1137 571 1218 experientia
596 1157 653 1218 per
683 1145 851 1200 ceterorum
878 1137 1067 1218 planetarum
1090 1144 1190 1200 motus
1214 1140 1414 1202 confirmanda
1437 1139 1503 1204 fuit

158 1227 210 1290 lts
231 1236 264 1290 et
285 1235 450 1290 ceterorum
473 1227 662 1306 planetarum
683 1234 781 1290 motus
812 1225 902 1289 utiles
931 1247 998 1304 esse
1025 1233 1153 1308 possunt
1180 1227 1343 1304 indirecte,
1374 1237 1407 1292 ut
1429 1247 1504 1310 geo-

158 1317 268 1380 metria
290 1317 367 1378 elias
392 1317 431 1378 ad
453 1333 551 1378 mores
576 1323 615 1378 et.
629 1317 667 1378 ad
691 1335 794 1379 omnes
817 1313 944 1378 subtiles
967 1325 1049 1380 artes
1072 1315 1155 1378 utilis
1179 1335 1247 1379 esse
1270 1316 1394 1394 dicitur,
1418 1320 1505 1399 iuge·

157 1407 238 1470 nium
261 1405 461 1468 accendendo.

246 1496 318 1563 Alio
350 1495 438 1558 modo
470 1494 658 1576 planetarum
690 1493 874 1568 ceterorum,
906 1513 942 1556 uc
973 1493 1150 1574 praesertim
1178 1493 1287 1556 Martis
1319 1502 1350 1556 et
1372 1495 1504 1560 Veneris

157 1585 293 1648 theoriae
312 1584 475 1666 proderunt
490 1581 591 1646 Solari
610 1581 756 1646 theoriae.
794 1581 829 1646 Si
851 1581 939 1645 binae
956 1582 1065 1646 saltem
1084 1583 1114 1645 in
1133 1583 1260 1663 singulis
1275 1585 1502 1649 observationes

158 1681 259 1737 certae
283 1673 345 1736 siut
368 1674 489 1754 (quoles
512 1681 600 1748 sunt,
630 1672 655 1734 si
679 1691 745 1734 oum
772 1670 840 1732 fixis
864 1670 921 1733 visi
945 1681 1015 1733 suut
1038 1672 1212 1752 conjungi),
1243 1681 1316 1735 tune
1336 1675 1407 1756 quis
1429 1675 1501 1750 scio,

155 1763 390 1845 inaequalitates
423 1781 525 1824 omnes
557 1768 679 1841 praeter
709 1761 824 1822 unicam
851 1779 919 1821 esse
948 1779 986 1821 ex
1013 1760 1086 1824 Sole
1115 1762 1253 1842 ejusque·
1268 1763 1502 1838 eccentrioitote,

156 1853 266 1915 videbo
291 1853 406 1933 itaque,
431 1853 590 1920 ,minutaue
612 1850 694 1914 Solis
722 1849 930 1916 ecceutricitas
960 1857 1112 1920 coaucta
1134 1851 1194 1913 illis
1217 1851 1324 1931 prosit.
1370 1851 1432 1915 Sed
1455 1852 1504 1914 hio

155 1941 456 2030 praesupponendum
472 1948 529 2014 est,
553 1938 794 2002 ecceutricitates
816 1938 1005 2019 planetarum
1024 1958 1092 2002 esse
1108 1949 1292 2002 constantes.
1330 1942 1364 2002 In
1389 1961 1504 2004 summa

156 2031 278 2094 fortuna
293 2029 459 2092 invocanda
474 2035 530 2092 est
568 2029 647 2092 Nam
668 2035 790 2108 propter
813 2027 962 2090 deiectum
982 2029 1225 2092 observationum
1248 2029 1420 2094 idonearum
1442 2050 1502 2093 uon

153 2129 262 2200 potero
286 2118 330 2181 uti
352 2118 567 2199 multiplicibus
595 2117 685 2179 meris
715 2116 911 2198 problematis
940 2117 1172 2192 astronomicis,
1203 2127 1238 2180 nt
1264 2118 1404 2182 methodo
1427 2139 1500 2200 pro-

153 2208 262 2270 cedam
284 2205 484 2270 infallibiliter
506 2206 545 2270 ed
569 2207 657 2269 finem
680 2225 766 2268 suum
786 2205 967 2288 procedente
991 2227 1029 2270 ex
1052 2207 1266 2272 sufficientibus
1289 2209 1454 2290 principiis.

243 2475 284 2526 Ad
300 2473 364 2526 lsaec
382 2472 608 2526 Herslartus:
636 2473 799 2524 Ebreuvester
816 2479 864 2524 etc.

242 2546 340 2597 Desseu
358 2543 491 2597 Sebreibcu
508 2546 558 2596 bab
575 2545 615 2596 iob
632 2546 678 2595 vol
698 2545 845 2612 omplsngcu
863 2545 914 2595 und
931 2544 980 2596 sill
999 2547 1042 2596 des
1055 2545 1181 2597 Msestlini
1200 2545 1286 2598 bulbus
1304 2547 1376 2599 eiueu
1389 2545 1499 2601 Versuch

151 2617 215 2668 tbuu
234 2615 293 2678 (vid.
313 2617 368 2666 Vol.
387 2615 426 2678 Π,
445 2633 469 2681 p.
488 2613 559 2680 755).
1032 2667 1037 2679 x

242 2687 291 2738 Dle
308 2687 531 2754 Progymussmats
548 2686 671 2752 'l'ychonis
688 2687 759 2737 soiud
776 2687 810 2740 im
824 2685 945 2754 (istulogo
963 2687 1014 2740 und
1031 2687 1139 2754 iolglich,
1158 2691 1205 2739 wie
1222 2689 1262 2741 ich
1279 2689 1353 2748 holle,
1373 2691 1499 2742 offentllob

152 2759 276 2811 nunmebr
292 2759 350 2822 ioyl.
387 2757 532 2825 Taunusgel
548 2759 603 2824 gibt
619 2759 666 2808 mir
681 2758 756 2808 ksiue
772 2761 892 2810 Antvort
929 2758 966 2810 Int
987 2759 1107 2825 moglicb,
1130 2763 1196 2812 melu
1214 2761 1347 2814 Sobreibsu
1364 2761 1420 2814 'lssb
1441 2763 1499 2815 ibne

152 2831 279 2889 offendite.
298 2845 325 2881 so
343 2829 383 2880 leh
401 2830 465 2881 doch
481 2831 533 2882 lure
550 2831 601 2880 und
619 2830 667 2880 dsu
685 2829 766 2880 Erbeu
785 2837 830 2895 got
847 2830 964 2895 pemeiut

242 2901 355 2953 Resides
379 2900 426 2952 duo
449 2901 524 2953 dubia
547 2901 685 2966 propositus
709 2902 875 2965 quaestionis:
904 2897 931 2962 1)
949 2911 1041 2950 warum
1059 2899 1215 2954 Ptolemaeus
1241 2905 1420 2970 aequinoctium
1435 2905 1499 2960 illud

123 2999 130 3014 ·
152 2974 300 3025 autumnale
318 2987 342 3024 a.
357 2969 399 3022 ³2.
419 2973 508 3023 tertiae
520 2972 611 3036 periodi
624 2968 765 3035 calippicae
784 2973 893 3022 secunda
909 2972 948 3021 die
961 2965 1146 3040 ἔπαγομενων
1164 2975 1188 3023 in
1202 2986 1294 3024 anunm
1308 2973 1367 3025 178.
1387 2991 1404 3026 a
1420 2985 1498 3026 morte

151 3045 289 3096 Alexandri
306 3051 383 3106 setae,
402 3059 430 3094 so
449 3042 513 3094 doch
530 3043 563 3093 etl
581 3043 750 3108 complendum
770 3038 828 3090 177,
848 3041 911 3092 noch
930 3040 946 3090 2
965 3043 1024 3092 oder
1041 3040 1057 3092 ³
1076 3043 1131 3109 'l'ag
1149 3045 1295 3096 verbleibeu.
1324 3045 1424 3097 Das-cul
1438 3047 1498 3098 ssird

151 3121 326 3184 gesutwrtst,
345 3116 403 3166 dsss
421 3113 530 3166 dadurcb
548 3114 588 3165 dle
606 3115 666 3164 anni
679 3111 797 3177 calippici
814 3114 961 3164 contendeus
977 3113 1084 3176 seston,
1103 3115 1142 3164 die
1160 3116 1219 3166 bald
1236 3117 1301 3171 uach
1319 3118 1375 3167 dem
1387 3117 1498 3169 Solsticio

132 3189 261 3248 κῆνο,
284 3186 419 3253 plelclssroll
436 3187 475 3236 nit
491 3201 523 3236 su
541 3187 609 3236 einer
625 3186 745 3252 gesisson
764 3185 836 3244 Zeit,
863 3185 922 3235 aber
940 3184 1003 3235 duob
1022 3185 1175 3252 allegandas
1197 3187 1248 3238 und
1266 3187 1364 3238 seitlieb
1382 3203 1423 3238 sos
1441 3189 1498 3240 dem

155 3259 314 3324 aequinoctio
328 3257 466 3308 sutnmsli
483 3258 553 3308 ihren
561 3257 663 3322 Aniuug
675 3255 788 3306 uehmeu.
808 3253 835 3316 2)
846 3255 911 3306 Dass
920 3253 1061 3307 Rheinhold
1075 3257 1140 3322 apud
1150 3259 1325 3326 Albateguium
1340 3273 1418 3310 anuos
1430 3255 1497 3309 ¹2⁰6

152 3336 180 3381 st
201 3323 278 3388 119⁴}
297 3329 327 3380 de
346 3330 432 3394 quibus
451 3331 540 3394 agitur,
558 3343 602 3393 pro
621 3327 748 3393 Aegyptiis
767 3329 907 3386 asspmiers,
929 3329 1001 3378 veios
1018 3327 1058 3376 icb
1075 3329 1113 3379 nit
1130 3343 1170 3379 ssa
1187 3330 1246 3379 oder
1263 3331 1309 3380 sris
1327 3329 1360 3380 lis
1378 3345 1424 3382 sou
1443 3331 1496 3380 Ihm

152 3401 323 3468 perclusieben.
350 3399 410 3450 Was
429 3400 476 3450 deu
495 3400 598 3466 dbripen
615 3399 700 3450 Inbslt
717 3401 797 3450 selues
810 3397 957 3450 Sobreibcus
976 3397 1076 3458 totum,
1095 3415 1122 3450 so
1140 3401 1249 3452 sentebt
1267 3415 1294 3452 er
1311 3405 1337 3450 in
1356 3401 1411 3452 dem
1424 3401 1495 3453 Post·

153 3476 247 3539 scripto
265 3474 332 3523 mein
349 3472 476 3522 htsntiou
493 3485 539 3538 pur
555 3470 631 3528 stobi,
651 3471 711 3522 abes
727 3471 753 3520 in
771 3470 828 3522 dom
846 3469 979 3522 Sobuoiben
997 3471 1041 3520 uit

242 3543 317 3595 Denu
337 3541 365 3606 1)
384 3543 416 3594 ist
434 3557 460 3593 es
478 3544 576 3610 gessise,
594 3542 651 3594 dass
670 3542 710 3592 die
728 3541 908 3592 observationes
925 3543 951 3592 in
968 3556 1041 3606 opere
1053 3541 1190 3594 Ptolomaei
1208 3543 1253 3594 snb
1270 3544 1369 3596 nomine
1387 3545 1496 3596 authoris

153 3617 278 3673 crassiori,
296 3615 343 3665 nisi
361 3613 423 3663 iorte
442 3620 468 3663 ot
485 3616 637 3664 crassissima
649 3613 761 3663 Minerva
772 3613 889 3664 observirt
899 3613 1006 3664 worden.
1032 3611 1077 3663 lo'h
1095 3613 1144 3664 bab
1163 3615 1221 3664 aber
1240 3616 1314 3666 elleiu
1332 3631 1363 3666 su
1382 3623 1495 3684 entgeu

151 3687 299 3752 proponlron
312 3685 408 3756 vollen.
427 3686 485 3736 dass
498 3686 537 3736 dio
551 3687 609 3738 anni
626 3687 807 3750 imperatorum,
827 3699 853 3734 so
872 3685 1007 3746 adscribirt,
1021 3699 1095 3735 vorsu
1106 3685 1224 3736 hbtoriae
1236 3688 1274 3736 nit
1286 3688 1494 3752 correspondisen

152 3759 208 3809 also
227 3758 284 3808 dms
301 3764 337 3807 sle
355 3755 478 3806 entvedeu
495 3769 525 3807 es
542 3759 653 3822 ussrpim
671 3757 696 3808 iu
715 3762 856 3806 contextum
880 3757 1004 3822 impleut,
1030 3755 1089 3807 oder
1110 3763 1180 3807 soust
1201 3757 1372 3824 binaugesstst
1396 3761 1495 3810 worden

150 3829 213 3880 oder
229 3828 292 3880 such
311 3829 352 3878 dis
368 3831 494 3891 σννταξις
510 3835 566 3892 post
578 3829 758 3879 obsonatorem
769 3827 866 3878 illarum
878 3827 1075 3879 observationum
1087 3829 1201 3895 colligite,
1219 3830 1279 3880 oder
1296 3830 1360 3880 anch
1379 3837 1494 3896 a'poste·

150 3901 256 3952 rioribus
270 3901 333 3950 bono
345 3899 389 3950 ssd
400 3898 466 3949 male
478 3899 563 3950 dextro
575 3899 628 3950 solo
641 3901 768 3956 mmutirt,
787 3900 855 3950 salvo
871 3900 969 3949 marim
985 3900 1063 3965 operis
1076 3906 1161 3951 sutore
1174 3901 1255 3962 quoad
1266 3916 1355 3952 nomeu
1367 3908 1492 3956 manente.

240 3970 390 4038 Iuglelchem
417 3970 523 4020 sweiielt
548 3973 595 4020 mir
621 3971 675 4026 nit,
702 3984 728 4022 es
751 3985 827 4034 seyen
851 3969 915 4021 auch
932 3969 995 4020 vobl
1013 3985 1059 4036 gar
1076 3971 1127 4022 alte
1146 3971 1248 4037 eclipses
1266 3963 1312 4035 Ji,
1340 3972 1400 4024 aber
1427 3987 1493 4024 cras·

149 4043 210 4094 sieri
227 4043 269 4093 illo
286 4043 410 4093 obserslrt.
447 4041 480 4091 Es
497 4041 608 4094 boontem
626 4043 686 4092 abor
703 4041 767 4091 auch
784 4041 846 4093 violo
865 4041 1091 4107 surbckgereobuet
1108 4043 1159 4093 und
1177 4058 1219 4108 pro
1238 4044 1372 4094 observatis
1390 4047 1492 4108 posted-

149 4116 199 4165 Μ
216 4114 320 4164 medient
335 4113 434 4163 werden
451 4127 525 4178 sspn,
543 4113 599 4166 nell
615 4112 655 4164 die
672 4127 757 4179 reges,
776 4113 856 4164 denen
874 4113 910 4162 sie
927 4113 1065 4180 inscribirt,
1092 4114 1220 4166 derselbou
1238 4113 1295 4166 Zeit
1311 4115 1350 4164 nit
1367 4116 1393 4165 iu
1412 4130 1492 4166 rorum

149 4192 245 4238 nam
261 4196 384 4252 germen
500 4223 503 4232 r

241 4255 287 4307 His
299 4255 330 4308 ds
342 4256 432 4314 causis,
452 4261 538 4307 censet
549 4253 699 4314 Heruartus,
716 4255 860 4319 Kepleruru,
878 4255 959 4305 missis
972 4271 1016 4319 pro
1033 4261 1142 4320 temporo
1160 4255 1258 4322 reliquis
1276 4256 1398 4321 planetis„
1411 4264 1491 4310 motus

152 4323 187 4390 Q
207 4333 233 4378 st
250 4319 276 4392 )
296 4327 451 4393 inquirendos
469 4327 513 4376 slbi
531 4340 664 4391 proponere
682 4325 778 4377 debere.
815 4325 849 4376 Er
870 4326 954 4384 nolle,
977 4328 1057 4394 pergit
1075 4325 1230 4390 nomnen,
1257 4329 1302 4378 aui
1317 4330 1410 4380 diesem
1427 4328 1491 4396 Weg

150 4407 229 4450 sevus
246 4400 361 4455 tsndreu,
379 4411 452 4447 vanu
471 4413 497 4448 er
508 4411 554 4446 nur
566 4397 687 4448 calculum
698 4395 827 4460 Tyobonis,
845 4398 926 4461 quoad
943 4398 1108 4448 inventionem
1126 4413 1199 4449 seruc
1218 4401 1335 4465 syzygiae
1353 4407 1380 4450 et
1398 4414 1490 4465 aequa-

149 4471 227 4522 tionls
244 4471 358 4535 temporis
377 4465 410 4530 Q
429 4461 499 4532 st)
523 4467 556 4518 sd
579 4467 701 4518 edeuluns
719 4468 779 4519 Τὼ.
799 4467 866 4518 Prut
892 4469 994 4534 briupsn
1018 4469 1126 4528 konntes
1152 4485 1174 4520 s.
1193 4470 1223 4520 B.
1242 4483 1273 4521 ex
1290 4469 1351 4522 Τὼ.
1371 4471 1439 4522 Prot.
1458 4473 1491 4522 ist

150 4549 213 4594 sua
229 4541 294 4607 suls.
313 4557 352 4605 sp.
372 4539 461 4590 cums·
478 4545 542 4590 retro

149 4613 242 4679 elapsis
254 4613 326 4664 suuis
338 4613 400 4678 Aeg.
415 4601 597 4662 immistus
611 4601 629 4658 1
643 4605 750 4662 outae
760 4607 812 4659 5⁴¹¹
822 4607 883 4660 dim
894 4607 964 4660 lim‘
973 4611 1055 4664 medlo
1063 4610 1170 4674 synodus
1181 4608 1213 4674 Q
1223 4605 1285 4676 et)
1297 4613 1322 4662 iu
1331 4627 1391 4664 ruer.
1401 4611 1488 4664 Bonus.

150 4683 242 4736 sbenso
280 4719 294 4743 „
358 4719 371 4744 ,,
413 4677 482 4733 tte
555 4717 568 4742 ,,
613 4677 636 4730 3.
657 4678 681 4730 1.
726 4676 865 4730 13153.
894 4679 1071 4734 idabermabl
1108 4718 1122 4741 „
1188 4720 1201 4744 „
1229 4719 1242 4742 „
1264 4719 1277 4744 ,,
1351 4721 1366 4744 ,,
1439 4721 1452 4742 „

239 4755 342 4806 emtas
357 4767 409 4804 nun
427 4754 493 4805 dleso
505 4749 563 4802 Zelt
573 4757 639 4802 utre
655 4767 739 4803 verum
757 4759 783 4803 st
801 4759 924 4814 auctum,
942 4755 988 4804 sris
1005 4753 1098 4804 konnte
1116 4753 1157 4804 ich
1176 4755 1208 4806 ad
1224 4753 1287 4805 bssc
1306 4752 1366 4806 data
1384 4771 1414 4807 es
1425 4753 1487 4806 'l'ab

149 4825 275 4892 Tyclsonis
292 4839 375 4876 serum
393 4832 419 4877 st
435 4837 558 4890 sppsssus
575 4829 671 4887 tompus
687 4837 761 4874 mss
778 4823 863 4887 synodi
886 4823 988 4877 dudoni
1013 4823 1119 4875 nenliob
1137 4841 1197 4878 sera
1212 4825 1270 4876 loca
1287 4821 1319 4888 Q
1340 4831 1366 4878 et
1384 4820 1410 4891 )
1432 4841 1487 4878 oum

1 4872 58 4900 '¹
150 4887 1057 4996 monumnemuonnnnnmemmqm).
