3582 5558
318 289 360 354 72
736 285 839 338 Liberae
856 285 960 350 Kepleri
981 283 1131 348 aliommqaa
1149 287 1251 334 mutuae

317 467 511 534 aequipollentia
536 463 673 531 emuntur?
702 465 740 514 vel
768 477 820 516 uua
838 467 864 512 et
881 464 968 514 eadem
995 461 1221 528 prorahaphasrcrir
1238 459 1328 512 Martis
1354 458 1426 510 detrr
1442 459 1577 516 solman,
1604 469 1674 524 ιμο
1760 501 1764 510 .

318 541 477 592 differentiae
496 540 528 588 sit
546 535 643 588 causei

407 611 507 671 Quinto,
537 623 637 659 causam
655 606 818 660 miraculosae
837 612 862 654 et
880 607 920 655 rix
945 605 1065 656 credibilis
1089 605 1249 670 apparentiae
1272 605 1297 652 in
1319 603 1451 654 latitudine
1469 601 1558 652 Martia
1576 601 1675 666 resqm-

317 697 402 734 meuse
429 689 486 732 ante
515 682 691 744 oppositionem
710 677 884 740 aoronyohianr
902 679 1000 742 saepius
1024 679 1129 741 expetii,
1157 691 1215 728 nam
1243 675 1318 740 longe
1341 674 1388 726 hoc
1408 676 1547 724 aventato
1568 679 1595 724 et
1612 673 1676 736 ipris

319 755 527 806 observationibus
545 753 662 802 recedere
680 752 778 800 omnino
797 757 864 813 puto.

405 825 488 882 Sexto.
507 825 610 875 schema
627 837 722 888 quoque
736 823 893 870 strationem
913 819 1003 870 calculi
1016 827 1113 884 expeto.
1132 820 1251 886 quomodo
1264 820 1384 870 extribus
1402 817 1569 882 puellaribus
1582 815 1677 866 Martia

319 899 351 950 ad
369 898 433 946 idem
452 897 585 948 eoceutrioi
611 901 728 958 punctam
747 893 820 944 iactis
838 892 1021 942 semidiameter
1039 892 1103 942 orbis
1131 893 1206 942 annui
1225 893 1380 955 inquiratur,
1406 899 1433 940 et
1450 892 1472 940 si
1489 891 1540 947 iis.
1559 887 1679 950 meropia

317 971 402 1019 tulum
421 970 493 1018 trium
521 968 717 1017 observationum
742 964 802 1014 mihi
829 965 1002 1022 communica;
1030 979 1089 1014 nam
1108 978 1154 1028 ego
1173 978 1223 1012 nou
1246 961 1326 1012 habeo
1344 963 1408 1012 talia
1426 961 1546 1026 exempla
1583 959 1678 1010 sess·

317 1052 423 1106 patum.
442 1043 463 1089 si
481 1039 540 1088 mihi
551 1037 785 1105 'communicaveris
1586 1033 1588 1038 '

405 1111 433 1160 lu
452 1111 529 1160 literis
547 1110 655 1172 proxime
672 1107 830 1172 affluentibus
849 1104 925 1166 (dd.
945 1103 986 1155 311.
1001 1105 1060 1156 Jan.
1079 1121 1101 1154 v.
1120 1111 1153 1154 st.
1173 1101 1252 1165 100³)
1273 1110 1378 1168 accepta
1390 1103 1493 1169 Kepleri
1511 1103 1676 1165 responsione

199 1233 205 1250 ‚
308 1171 378 1234 ¹haec
403 1182 488 1232 scribit
507 1181 649 1231 Fabricius:
674 1181 745 1230 rideo
770 1187 842 1230 mam
863 1178 1011 1242 hypothesin
1029 1179 1093 1227 bono
1117 1176 1280 1226 laudamento
1299 1179 1359 1238 uiti,
1377 1178 1427 1226 uiri
1444 1175 1510 1240 quod
1529 1181 1630 1226 suomet
1648 1179 1677 1222 te

317 1255 406 1318 duplici
425 1255 461 1303 uti
488 1251 636 1318 hypothesi,
664 1267 719 1316 cum
739 1266 769 1300 ex
796 1265 847 1299 uua
868 1249 928 1298 illud
954 1249 1005 1302 lieri
1034 1249 1172 1312 oportebat
1211 1247 1295 1308 Quare
1314 1247 1345 1298 de
1371 1263 1403 1298 ea
1421 1255 1449 1298 ut
1472 1246 1556 1296 rideas
1575 1260 1676 1296 moneo.

318 1327 371 1392 Ego
385 1326 491 1392 gaudeo,
505 1323 647 1386 Tychonsm
660 1325 736 1372 talem
749 1335 916 1372 successorem
935 1329 1093 1370 consecutum
1109 1335 1171 1377 esse,
1191 1321 1231 1384 qui
1245 1335 1300 1368 curn
1313 1321 1394 1372 iructu
1407 1327 1433 1369 et
1446 1319 1535 1369 decore
1547 1319 1677 1381 inceptam

317 1399 499 1448 restitutionem
519 1396 639 1458 complere
657 1396 741 1457 possit
781 1393 879 1454 Quaeso
899 1398 927 1440 ut
944 1394 1030 1440 mittas
1054 1391 1146 1444 nudam
1170 1391 1317 1455 hypothesin
1335 1389 1425 1440 Martis
1448 1405 1504 1440 cum
1522 1390 1679 1440 dimensione

318 1470 477 1586 circulorum1
484 1465 640 1598 justango
666 1479 713 1531 ego
736 1465 853 1529 incipiam
877 1464 945 1513 illam
964 1464 997 1514 ad
1022 1463 1204 1512 observationes
1228 1477 1298 1512 meas
1321 1462 1517 1513 accommodare.
1555 1458 1680 1525 (Reliqua

315 1541 371 1590 ride
392 1539 446 1587 Vol.
480 1574 486 1594 .
523 1573 528 1583 .
567 1539 573 1555 ⁸
1464 1581 1467 1586 .

405 1553 678 1660 Interimpadreuemnt
696 1605 831 1671 Ksplerl
850 1605 936 1655 literae
954 1607 1124 1668 responsoriae
1137 1605 1169 1656 ad
1182 1607 1273 1670 priores
1287 1605 1392 1658 Fabricii
1410 1603 1578 1671 quaestiones,
1599 1602 1679 1652 datae

316 1681 340 1732 d.
362 1679 387 1730 2.
408 1681 472 1730 Dec.
495 1675 571 1728 1612.
600 1678 691 1746 (comp.
712 1679 767 1728 Vol.
786 1677 806 1731 1.
826 1693 849 1742 p.
872 1673 923 1725 ³12
942 1691 983 1737 ss,
1012 1676 1068 1725 Vol.
1088 1677 1122 1738 ΙΙ,
1142 1693 1165 1742 p.
1187 1675 1232 1736 ea,
1251 1673 1313 1735 113,
1333 1673 1415 1740 752),
1443 1678 1469 1726 in
1496 1677 1584 1742 quibua
1611 1673 1679 1725 haec

316 1754 340 1804 le
358 1761 446 1802 untur:
1604 1742 1608 1750 '

341 1769 357 1820 g
408 1825 455 1886 De
479 1821 608 1886 anomali
632 1823 814 1884 incremento
837 1819 946 1882 Martis
963 1819 1151 1882 latitudinum
1172 1819 1217 1881 bis
1241 1827 1324 1882 terve
1344 1821 1372 1882 in
1389 1819 1516 1882 diversis
1536 1817 1679 1898 epistolis

324 1914 489 1994 replicasti.
527 1913 634 1974 Mones
653 1932 710 1988 me,
734 1932 771 1973 ne
787 1913 907 1972 nimium
932 1911 1185 1990 speculationibus
1209 1909 1283 1972 meis
1307 1911 1446 1972 tribuam.
1482 1911 1528 1972 At
1551 1898 1628 1988 ego,¹
1643 1915 1682 1970 ut

321 2023 423 2066 verum
448 2005 554 2076 fatear,
579 2002 645 2081 ejus
667 2002 711 2062 rei
735 2020 857 2063 oausam
881 2019 945 2060 cnm
970 2000 1223 2078 speculationibus
1248 2001 1322 2060 meis
1342 2000 1470 2062 nondum
1485 1997 1680 2077 exprol'easo

321 2093 450 2165 contuli,
482 2093 540 2152 nisi
565 2092 642 2170 quod
667 2091 747 2165 seio,
782 2089 947 2168 ubicunque
971 2089 1160 2150 latitudinem
1184 2099 1366 2170 computem,
1395 2107 1514 2169 semper
1546 2105 1585 2148 ex
1607 2105 1680 2147 mea

320 2182 479 2265 hypothesi
503 2179 696 2242 observatum
722 2181 816 2241 locum
841 2179 870 2238 in
901 2179 995 2238 latum
1023 2177 1114 2239 etiam
1147 2179 1240 2240 reddi.
1286 2179 1392 2240 Habeo
1421 2177 1522 2258 itaque
1550 2175 1608 2237 hoo
1639 2194 1682 2236 ex

320 2271 471 2353 Tychouis
495 2269 765 2340 observationibus,
789 2267 838 2348 qui
859 2288 885 2330 a
907 2263 988 2330 1593
1004 2285 1106 2329 meuse
1120 2265 1182 2328 Jul.
1203 2277 1234 2329 et
1247 2269 1326 2348 Aug.
1345 2269 1429 2348 quasi
1449 2265 1584 2330 miraculi
1609 2265 1681 2326 loco

321 2369 463 2433 annotat,
491 2359 681 2420 latitudinem
714 2352 753 2420 14
778 2357 883 2418 diebus
915 2367 984 2416 aute
1010 2359 1036 2428 00
1061 2357 1229 2436 quadrante
1262 2359 1373 2437 gradus
1403 2358 1496 2419 fuisse
1519 2355 1680 2434 majorem.

319 2449 386 2531 Ego
411 2459 518 2530 postea
541 2448 737 2528 deprehendi,
767 2447 797 2508 id
822 2447 927 2506 mirum
951 2455 1003 2505 aut
1027 2465 1135 2507 novum
1159 2455 1211 2507 aut
1233 2467 1333 2508 rarum
1357 2465 1414 2512 non
1439 2465 1521 2512 esse,
1551 2463 1621 2506 nam
1647 2441 1680 2504 in

321 2545 350 2612 ,ὃ
373 2537 415 2620 45
436 2537 539 2598 diebus
564 2545 633 2598 ante
650 2539 675 2610 00
692 2535 749 2597 suit
771 2534 908 2597 minimus
933 2553 1083 2596 excessus.
1120 2533 1204 2598 Idem
1230 2537 1446 2616 deprehensum
1470 2543 1518 2596 est
1540 2533 1681 2614 pauciori

324 2629 437 2690 dierum
461 2629 582 2688 numero
606 2634 638 2686 et
660 2625 689 2686 in
714 2619 752 2688 3⁰
774 2633 810 2702 1η
833 2625 1020 2702 oppositione
1044 2625 1136 2686 lacta.
1184 2626 1227 2686 Tu
1251 2636 1355 2706 putas,
1389 2625 1419 2686 id
1442 2626 1473 2686 iu
1497 2639 1529 2690 ee
1554 2631 1678 2686 tautum

322 2717 385 2780 lieri
408 2725 578 2798 propterea,
603 2714 681 2795 quod
701 2711 740 2790 Θ
757 2712 786 2774 in
811 2731 946 2792 apogaeo
969 2731 1073 2793 parum
1099 2721 1195 2775 mutet
1218 2715 1393 2776 distantiam
1417 2714 1557 2776 a-Terra.
1597 2711 1680 2774 Sus-

321 2805 400 2888 picio
424 2813 481 2880 est,
505 2805 588 2866 nulla
610 2803 746 2883 legitima
769 2804 948 2882 conjectura,
975 2821 1062 2881 quam
1085 2805 1216 2866 nuinsris
1241 2807 1411 2884 probasses.
1459 2801 1537 2873 Quid
1559 2801 1679 2872 &lati-

323 2893 476 2958 tudinibus
499 2911 566 2954 oum
589 2911 723 2972 apogeeo
740 2888 801 2968 Θ1
837 2891 886 2952 An
911 2899 944 2952 tu
966 2899 1066 2970 putas,
1091 2892 1117 2953 si
1132 2889 1171 2970 Θ
1188 2903 1310 2956 moneat
1333 2894 1363 2956 iu
1387 2891 1506 2974 aequali
1529 2891 1681 2954 distantia

323 2985 458 3052 aTerra.
483 2983 616 3051 datiam
640 2981 670 3044 iu
694 2981 812 3060 aequali
835 2980 981 3042 distantia
995 3001 1014 3041 a
1029 2977 1068 3058 Θ
1084 3001 1213 3058 manere,
1238 2984 1339 3064 itaque
1363 3003 1484 3044 manere
1502 2981 1681 3064 parallaxes

325 3073 405 3136 orbis
429 3072 518 3134 annui
542 3071 571 3132 in
587 3071 712 3132 latumi'
737 3067 822 3140 Quae
837 3071 916 3130 euim
931 3087 1023 3130 causa
1041 3072 1114 3131 t'acit
1128 3071 1306 3136 diametrum
1322 3081 1348 3142 d
1362 3090 1507 3152 apparere
1521 3069 1679 3148 majorem,

324 3161 574 3243 appropinquatio
599 3161 721 3234 Terrae,
745 3161 851 3221 eadem
873 3177 965 3220 causa
989 3159 1063 3221 facit
1087 3169 1118 3220 et
1141 3162 1328 3225 latitudinem
1353 3179 1497 3242 apparere
1521 3160 1679 3236 majorem.

323 3253 388 3316 Nee
412 3261 520 3313 minen
535 3249 684 3330 sequitur,
717 3249 743 3312 si
767 3249 861 3312 Terra
894 3249 1124 3329 appropinquet,
1159 3251 1236 3312 hano
1266 3253 1296 3313 iu
1324 3252 1506 3314 incremento
1531 3269 1616 3326 esse,
1652 3247 1680 3308 si

325 3341 477 3415 discedat,
501 3340 533 3402 in
557 3340 763 3401 decremento:
796 3347 923 3420 possunt
946 3339 1024 3400 euim
1048 3338 1131 3400 sinus
1154 3331 1379 3410 inclinationum
1406 3339 1514 3402 Martis
1536 3357 1681 3400 veramm

326 3440 358 3492 et
380 3430 605 3508 particularium
627 3427 791 3508 majoribus
814 3429 982 3490 increscere
1005 3429 1256 3508 proportionibus,
1281 3450 1369 3512 quam
1388 3427 1550 3491 distantiae
1566 3427 1682 3490 Martis

326 3527 358 3579 et
381 3518 492 3578 Terrae
517 3517 696 3578 decrescunt
718 3524 750 3577 et
772 3524 888 3577 contre.
935 3514 1035 3586 Quare
1059 3517 1115 3578 hoc
1144 3519 1368 3598 phaenomenon
1399 3539 1456 3580 non
1487 3517 1617 3597 contigit
1648 3517 1681 3579 iu

327 3606 490 3669 limitibus:
516 3613 586 3666 tuno
608 3605 686 3666 enim
709 3605 858 3683 oppositio
883 3613 914 3666 et
937 3605 1065 3666 latitudo
1089 3607 1220 3670 marium
1241 3609 1376 3689 proxime
1402 3607 1588 3680 coincidunt3
1619 3623 1680 3668 uon

326 3696 359 3758 in
381 3693 477 3768 nodis,
501 3701 572 3755 tuuc
595 3693 673 3756 enim
695 3692 903 3773 proportiones
927 3693 1097 3756 diurnorum
1111 3698 1234 3772 ‚sinuum
1258 3697 1461 3762 inclinationis
1483 3695 1679 3777 particularis

328 3803 387 3848 nou
410 3782 489 3844 vinci
511 3791 639 3862 possunt
654 3781 692 3844 oh
711 3801 795 3844 suam
818 3782 1053 3862 magnitudinem
1067 3804 1086 3844 a
1100 3785 1253 3850 distantiis
1269 3795 1295 3858 d
1310 3809 1330 3849 a
1343 3788 1446 3854 Terra,
1461 3794 1492 3847 et
1506 3785 1532 3846 si
1548 3785 1680 3846 maxime

328 3875 530 3948 vincerentur,
559 3871 731 3934 insensibile
755 3879 848 3935 esset.
894 3872 945 3932 Fit
967 3889 1038 3952 ergo
1062 3876 1159 3936 medio
1183 3878 1248 3939 loco
1273 3878 1351 3939 inter
1374 3877 1467 3938 nodos
1491 3882 1523 3936 et
1545 3874 1678 3937 limites:

327 3962 455 4026 maxime
479 3961 509 4024 iu
533 3967 572 4034 ,lt
595 3967 630 4038 ᾖ
653 3961 690 4022 ob
714 3961 900 4023 vicinitatem
922 3961 1075 4042 utriusque
1099 3962 1214 4028 itineris
1240 3973 1266 4037 d
1289 3975 1319 4029 et
1343 3969 1380 4043 ὃ.

416 4051 559 4131 Sequitur
582 4049 729 4130 quaestio,
754 4069 812 4130 que
835 4049 949 4112 eoelum
974 4047 1084 4112 Terrae
1107 4054 1216 4118 misces
1239 4066 1273 4118 te
1296 4073 1401 4136 meque
1433 4053 1620 4115 confundens
1649 4061 1680 4116 at

328 4161 390 4206 rem
413 4141 510 4223 ipsam
533 4139 702 4210 involvens,
732 4149 768 4200 ut
793 4139 825 4200 in
848 4139 895 4201 his
919 4139 1051 4206 tenebris
1077 4140 1126 4203 vix
1149 4143 1275 4208 luculum
1300 4163 1422 4227 eamque
1446 4142 1578 4222 maligne
1605 4161 1678 4224 per-

329 4231 463 4312 spiciam.
502 4227 631 4300 Quaeris
655 4247 693 4290 au
717 4237 850 4291 centrum
874 4227 1031 4290 ecoentrici
1049 4236 1120 4299 dre
1135 4251 1208 4296 vera
1230 4235 1318 4296 lixum
1342 4228 1514 4309 51111Θῖ1
1541 4231 1677 4308 Minime,

330 4322 406 4383 alias
425 4338 483 4381 uon
507 4325 591 4380 esset
612 4317 796 4379 eoeentrious
818 4318 874 4380 sed
897 4319 1102 4380 concentricus
1127 4319 1177 4399 Θ.
1223 4323 1265 4385 Et
1296 4323 1399 4404 Tycho
1427 4341 1485 4384 uon
1515 4321 1679 4384 eooentrioi

330 4412 431 4490 (quem
455 4409 566 4470 nullum
590 4407 752 4488 agnoscit),
777 4407 830 4468 sed
853 4407 1033 4469 oonoentrici
1055 4405 1285 4493 intrusiopopoo
1307 4423 1441 4474 centrum
1457 4413 1487 4473 in
1502 4409 1573 4472 Sole
1591 4413 1680 4496 ponit

330 4501 432 4566 lixum,
464 4505 497 4560 st
519 4517 576 4560 uon
599 4497 630 4559 in
651 4514 723 4557 vero
747 4497 811 4557 loco
836 4493 886 4573 Θ,
912 4497 965 4558 sed
989 4497 1018 4560 iu
1042 4501 1139 4563 medio
1163 4503 1228 4564 loco
1251 4503 1326 4582 ejus,
1349 4501 1379 4564 h.
1396 4522 1423 4565 e.
1447 4521 1505 4564 uon
1527 4499 1558 4562 iu
1582 4500 1679 4582 ipsis-

332 4587 407 4650 simo
423 4585 462 4666 Θ
479 4589 533 4650 sed
555 4605 647 4669 prope
670 4585 776 4666 ipsum.
816 4585 906 4649 Nosti
929 4586 1007 4649 eninr
1030 4587 1107 4652 hanc
1130 4611 1198 4654 esse
1221 4593 1348 4674 priorem
1372 4591 1587 4675 quaestionem,
1611 4611 1679 4655 oum

333 4677 429 4738 adhuc
452 4677 638 4756 planetarum
663 4673 903 4740 eccentrioitetes
926 4676 1068 4759 cujusque
1091 4681 1227 4762 proprias
1251 4681 1434 4746 acommuui
1456 4689 1559 4744 centro
1583 4699 1679 4764 sepa-

333 4785 443 4840 remus,
467 4767 584 4829 omnino
607 4773 641 4828 ut
663 4772 733 4826 ante
757 4765 856 4827 omnia
879 4784 1066 4846 quaeramus,
1090 4771 1220 4834 Terraue
1244 4791 1282 4834 au
1306 4771 1360 4834 Sol
1384 4772 1425 4834 sit
1451 4771 1481 4832 iu
1505 4771 1605 4835 medio
1629 4771 1679 4834 vel

334 4855 429 4938 qnasi,
453 4854 483 4915 in
506 4865 607 4918 centro
630 4855 678 4918 rel
702 4855 787 4936 qnasi
809 4854 899 4917 trium
921 4857 1112 4938 superiomm
1144 4860 1335 4925 Ptolemaeus
1350 4861 1474 4925 Terram
1488 4860 1541 4938 sil,
1557 4863 1678 4945 coper-
