3672 5538
546 149 555 184 ι

283 249 347 320 316
665 275 667 282 ,
764 252 805 308 De
822 251 930 308 Nutibus
948 252 1042 308 Stellae
1059 251 1148 308 Martis

283 433 467 586 tiamAaItg·
454 431 626 496 necessario
657 439 689 496 et
710 432 776 496 siue
804 432 930 516 speciali
957 431 1082 498 consilio
1110 433 1244 497 efficeret
1271 432 1388 514 justam
1414 438 1447 495 et
1476 431 1634 517 aequalem

282 523 341 604 ipsi

371 611 416 673 At
443 586 654 692 praeterquam
684 610 804 692 quod
794 632 821 674 rs
845 631 912 674 cum
943 599 1094 676 axiomata
1118 601 1221 693 quinto
1253 629 1385 715 pugnare
1417 611 1549 687 videtur,
1582 610 1634 694 qui
1728 681 1733 686 ,

286 693 369 777 dicit,
392 701 546 781 planetam
569 701 599 762 vi
623 701 716 764 insita
738 702 877 782 progredi
901 702 937 762 de
961 700 1060 764 loco
1051 720 1081 764 ru
1106 701 1203 765 locum
1226 720 1263 763 ιι
1285 725 1300 782 y
1321 722 1351 764 ιι
1374 707 1410 778 θ
1433 702 1530 768 multa
1543 700 1637 764 etiam

285 791 347 854 alia
362 790 494 852 absurda
518 790 716 854 involvuntur.
756 791 890 853 Ducatur
910 791 987 853 enim
1005 790 1063 870 ipsi
1085 789 1150 852 BD
1174 791 1337 894 parallelos
1361 751 1438 867 AN,
1464 797 1496 854 et
1510 791 1552 852 sit
1566 789 1637 866 AN

285 878 420 961 aequalis
453 879 511 959 ipsi
533 879 615 954 BD,
639 887 671 941 et
694 887 797 942 centro
820 880 849 942 N
873 880 1022 942 scribatur
1045 879 1212 962 epicyclus,
1244 879 1294 960 qui
1321 899 1374 961 per
1396 881 1425 943 D
1448 880 1513 942 ibit.
1560 879 1640 943 Gum

285 969 393 1050 igitur,
427 969 577 1032 existente
603 967 666 1033 OD
689 968 823 1048 perfecto
847 969 975 1042 circulo,
1008 969 1098 1031 iidem
1121 969 1315 1050 perficiantur
1347 969 1446 1049 auguli
1471 989 1489 1032 a
1511 969 1639 1049 planeta

164 1123 168 1136 ,
285 1060 315 1121 D
340 1058 421 1139 apud
441 1058 468 1120 B
492 1065 626 1120 centrum
643 1058 801 1122 eccentrici
820 1065 852 1120 et
875 1059 913 1121 ab
935 1058 965 1121 N
989 1067 1092 1120 centro
1116 1057 1240 1140 epicycli
1265 1059 1343 1138 apud
1363 1066 1496 1122 centrum
1510 1057 1593 1120 Solis
1608 1057 1639 1120 A

286 1151 355 1230 (per
378 1147 642 1228 aequipollentiam
666 1147 905 1210 demonstratam
928 1147 1027 1229 capite
1051 1149 1123 1222 ΙΙ.),
1155 1148 1300 1211 diametro
1323 1148 1448 1232 epioyoli
1470 1147 1554 1223 ND,
1589 1147 1640 1228 qui

288 1239 443 1317 planetam
466 1235 496 1298 iu
511 1237 539 1298 D
553 1236 661 1310 habet,
695 1244 842 1299 manente·
857 1237 915 1317 ipsi
940 1237 1004 1301 AB
1028 1237 1174 1318 parallelo
1197 1233 1336 1318 respectu
1361 1237 1436 1300 situs
1459 1238 1489 1300 iu
1513 1236 1638 1298 mundo:

285 1329 353 1390 ideo
378 1327 426 1388 hic
448 1333 609 1406 poneretur
619 1385 622 1394 ,
633 1326 738 1388 eadem
753 1325 894 1388 celeritas
917 1327 945 1390 N
970 1327 1065 1389 centri
1089 1326 1216 1407 epicycli
1230 1328 1312 1389 circa
1326 1347 1346 1388 a
1356 1325 1462 1390 Solem
1477 1332 1510 1388 ιι
1523 1326 1552 1388 D
1567 1326 1639 1407 pla-

287 1425 376 1480 netae
400 1415 480 1480 circa
501 1415 528 1477 B
552 1423 685 1478 centrum
710 1415 849 1497 epioyoli,
884 1415 990 1478 itaut
1021 1415 1110 1478 simul
1142 1417 1370 1479 intenderentur
1400 1417 1452 1479 isti
1484 1423 1584 1478 motus
1608 1423 1642 1477 et

288 1505 377 1568 simul
406 1503 647 1568 remitterentur:
682 1512 713 1566 et
743 1504 813 1586 quia
835 1504 965 1567 intensio
990 1511 1020 1567 et
1042 1505 1179 1568 remissio
1203 1513 1252 1568 est
1279 1526 1298 1567 a
1325 1506 1429 1588 majori
1458 1505 1506 1568 vel
1533 1503 1641 1567 minori

288 1594 436 1658 distantia
460 1593 592 1676 corporis
615 1593 755 1674 planetae
775 1591 891 1669 aSole,
916 1594 983 1656 ideo
1007 1601 1141 1657 centmm
1165 1595 1307 1676 epicycli,
1332 1614 1457 1657 manens
1480 1595 1510 1656 iu
1536 1593 1663 1656 eadem·

292 1683 454 1759 distantia,
484 1684 646 1762 fingeretur
670 1683 755 1746 tarde
778 1683 828 1745 vel
851 1685 988 1747 celeriter
1017 1685 1129 1756 moveri
1152 1693 1276 1765 propter
1298 1685 1452 1765 planetam
1477 1683 1643 1746 distantem

290 1772 408 1854 longius
431 1773 479 1834 vel
502 1773 622 1834 brevius
645 1791 665 1834 a
687 1770 769 1834 Sole.

379 1861 421 1925 Et
443 1861 579 1943 quamvis
601 1857 697 1924 virtus
721 1861 862 1940 planetus
884 1860 997 1924 vehens
1012 1860 1137 1924 celerior
1160 1869 1211 1925 est
1233 1861 1368 1924 omuibus
1392 1862 1510 1924 omnino
1532 1859 1642 1943 plane-

292 1952 346 2028 tis,
367 1960 403 2014 ut
424 1959 579 2015 ostensum
603 1969 667 2031 cap.
690 1949 843 2026 XXXIV,
874 1950 923 2013 bic
945 1957 1047 2014 tamen
1071 1959 1155 2014 esset
1177 1951 1264 2014 nobis
1287 1950 1499 2032 supponendus
1529 1949 1642 2030 imagi-

296 2041 417 2104 natione
449 2060 525 2106 unus
557 2040 677 2103 virtutis
701 2059 738 2102 ex
761 2038 833 2102 Sole
861 2040 962 2103 radius
985 2041 1070 2118 AN,
1100 2057 1154 2103 ceu
1186 2042 1281 2118 linea,
1315 2041 1347 2103 in
1375 2059 1434 2122 qna
1455 2041 1485 2104 N
1509 2047 1644 2102 centrum

298 2131 424 2214 epicyoli
453 2137 599 2212 perpetuo
631 2137 781 2192 maneret:
815 2148 892 2211 quae
914 2129 996 2193 linea
1018 2149 1085 2192 cum
1115 2129 1180 2210 ipso
1203 2138 1306 2193 centro
1330 2131 1359 2194 N
1381 2129 1531 2194 interdum
1561 2135 1646 2193 esset

293 2221 392 2296 tarda,
414 2220 565 2282 interdum
588 2219 693 2293 volox;
726 2218 834 2280 iterum
857 2227 962 2282 contra
985 2239 1035 2294 ea,
1061 2239 1137 2300 quae
1161 2220 1367 2301 supradicta,
1391 2221 1471 2305 quod
1493 2221 1589 2282 virtus
1611 2219 1646 2281 iu·

179 2362 185 2376 .
294 2310 398 2372 eadam
421 2309 568 2371 distantia
590 2308 717 2370 eandem
737 2315 883 2389 perpetuo
905 2316 1042 2389 praestet
1056 2309 1258 2373 celeritatem:
1282 2311 1437 2392 planetam
1458 2327 1531 2372 vero
1546 2307 1643 2371 debe-

292 2418 391 2462 remus
412 2416 524 2478 ponere
548 2415 616 2458 sese
640 2396 829 2460 evolventem
843 2415 881 2459 ιι
902 2397 959 2462 ιιι
982 2398 1160 2479 imaginario
1185 2400 1268 2464 radio
1291 2400 1363 2463 AN
1386 2401 1417 2462 in
1439 2407 1544 2481 partes
1566 2415 1643 2461 con-

294 2487 404 2552 trarias
426 2485 611 2567 temporibus
634 2485 808 2568 aequalibus
832 2487 1046 2567 inaequaliter,
1077 2498 1165 2569 prout
1194 2490 1259 2572 ipse
1288 2489 1338 2552 bic
1360 2488 1462 2552 radius
1491 2489 1539 2550 vel
1562 2488 1645 2550 celer

294 2577 343 2640 uel
366 2577 472 2638 tardus
494 2575 589 2638 fieret.
635 2581 716 2658 (Hoc
738 2585 863 2643 ultimum
890 2587 1044 2644 declinatur
1070 2587 1143 2644 inira
1170 2605 1230 2660 cap.
1258 2589 1358 2646 XLIX.
1386 2589 1485 2644 ceteris
1516 2587 1645 2644 absurdis

294 2666 490 2745 manentibus.)
532 2661 600 2735 Quo
632 2674 721 2746 pecto
749 2667 940 2745 geometricis
968 2667 1086 2748 quidem
1116 2675 1253 2732 veterum
1281 2667 1537 2750 suppositionibus
1568 2685 1646 2748 pro·

224 2823 226 2831 ,
294 2757 395 2839 plores
418 2755 563 2830 fieremus,
589 2755 644 2818 sed
657 2776 676 2818 a
689 2754 822 2837 physicis
845 2755 1100 2837 speculationibus
1119 2756 1326 2844 aberraremus
1344 2775 1433 2840 quam
1456 2756 1646 2838 longissime,

294 2857 329 2909 ut
351 2840 504 2908 ostensum
526 2861 591 2926 cap.
617 2845 657 2910 11.
694 2844 799 2924 Neque
823 2845 976 2908 sufficiunt
999 2846 1197 2928 cogitationes
1221 2867 1305 2911 meae
1330 2847 1368 2910 ad
1393 2847 1555 2911 eruendum
1577 2862 1647 2909 mo-

297 2937 376 3012 dum,
400 2952 458 3016 quo
480 2933 543 2996 ista
565 2934 737 3014 contingere
761 2941 886 3014 possent
908 2935 1095 3000 naturaliter.

384 3021 579 3103 Simplicins'
571 3022 661 3104 igitur
681 3022 885 3103 cogitarentur
907 3024 977 3102 ista,
1001 3025 1028 3088 si
1051 3025 1267 3106 inspiceremus
1289 3025 1358 3089 ND
1382 3025 1562 3089 diametrum
1578 3024 1648 3106 epi-

296 3114 373 3199 cycli
404 3111 463 3176 sibi
494 3111 552 3193 ipsi
583 3119 726 3194 perpetuo
749 3113 926 3192 parallelum
950 3122 1130 3178 manentem.
1177 3116 1260 3178 Tunc
1292 3115 1384 3196 igitur
1413 3115 1539 3196 planeta
1568 3115 1648 3177 bunc

249 3231 252 3238 ¹
296 3213 409 3268 motum
442 3203 620 3277 conticeret,
651 3200 867 3282 imaginatione
898 3222 956 3265 nou
986 3204 1111 3286 epioyoli
1144 3205 1198 3267 sed
1232 3206 1326 3268 centri
1359 3203 1519 3268 eccentrici
1540 3205 1582 3280 B,
1616 3211 1649 3266 et

297 3293 407 3358 tuendo
430 3311 498 3356 sese
519 3291 551 3353 iu
574 3292 680 3354 eadem
702 3299 848 3373 perpetuo
865 3292 1011 3356 distantia
1034 3293 1071 3356 ab
1096 3293 1148 3355 illo
1171 3301 1286 3357 centro,
1324 3293 1368 3357 At
1390 3293 1445 3356 sub
1470 3293 1648 3375 principium

297 3384 396 3465 operis
420 3401 487 3463 cap.
511 3380 552 3443 II.
577 3380 774 3456 dictumest,
809 3381 1054 3466 absurdissimum
1077 3401 1161 3460 esse,
1195 3390 1229 3444 nt
1256 3384 1380 3464 planeta
1403 3383 1556 3464 (quamvis
1579 3401 1649 3444 eum

298 3479 398 3536 mente
421 3471 570 3544 instruas)
593 3469 772 3552 imaginetur
796 3471 852 3533 sibi
867 3480 1002 3534 centrum
1024 3479 1056 3533 et
1078 3473 1115 3534 ab
1139 3491 1174 3534 ιο
1199 3471 1385 3548 distantiam,
1410 3472 1440 3534 in
1464 3490 1521 3552 quo
1545 3479 1649 3534 centro

290 3563 412 3626 ,nullum
433 3558 583 3641 peculiare
597 3578 705 3642 corpus
728 3567 870 3640 pronote
893 3560 976 3623 insit.
1013 3560 1055 3624 Et
1078 3561 1213 3643 quamvis
1229 3561 1351 3638 dixeris,
1374 3563 1529 3643 planetam
1548 3559 1649 3642 respi-

300 3671 368 3716 cere
390 3651 429 3714 ad
452 3647 555 3713 Solem
576 3648 620 3725 A,
645 3649 760 3731 etjam
783 3656 874 3711 autea
900 3649 976 3712 scire
1008 3651 1193 3728 memoriter,
1228 3653 1332 3732 quales
1356 3651 1458 3714 ordine
1483 3651 1650 3714 distantiae

301 3740 415 3805 aSole
442 3737 568 3821 perfecti
591 3738 748 3803 eccentrici
772 3738 945 3818 contingere
968 3739 1114 3804 debeant:
1144 3741 1272 3823 primum
1295 3742 1352 3805 hoc
1375 3740 1519 3804 remotius
1547 3747 1596 3804 est
1619 3746 1652 3802 et
1746 3817 1751 3822 .

301 3831 419 3913 indiget
439 3827 556 3902 mediis,
579 3847 655 3911 qnae
669 3828 809 3890 effectum
831 3827 958 3909 perfecti
975 3827 1130 3894 circularis
1148 3831 1270 3910 itineris
1293 3849 1360 3897 cum
1383 3830 1469 3911 signo
1484 3829 1649 3893 crescentis

302 3929 335 3984 et
349 3917 550 3984 decrescentis
573 3917 713 3982 diametri
728 3915 809 3982 Sulis
831 3925 1021 3994 conuectant,
1046 3919 1137 3982 etiam
1159 3920 1191 3982 in
1214 3921 1316 4001 aliqua
1329 3927 1438 3983 mente.
1487 3919 1524 3982 Id
1546 3927 1650 3982 autem

303 4011 432 4074 medium
461 4027 519 4072 non
549 4016 598 4071 est
625 4007 718 4082 aliud,
752 4005 810 4070 nisi
843 4007 953 4089 positio
984 4009 1079 4070 centri
1107 4009 1266 4072 eccentrici
1294 4009 1322 4072 B
1351 4010 1383 4072 iu
1413 4014 1498 4071 certa
1528 4027 1548 4071 a
1577 4005 1650 4072 Sole

306 4100 469 4174 distantia3
493 4096 572 4180 quod
589 4097 655 4181 jam
675 4097 762 4160 modb
786 4096 908 4173 dictum,
932 4118 951 4158 a
972 4097 1053 4160 nuda
1075 4107 1175 4162 mente
1199 4098 1262 4161 fieri
1287 4118 1343 4161 nou
1366 4115 1467 4180 posse.

295 4221 298 4228 ·
391 4190 461 4256 Nou
493 4205 585 4269 nego,
617 4187 744 4268 cogitari
776 4203 866 4268 posse
899 4194 1047 4264 centrum,
1081 4196 1113 4251 et
1135 4188 1216 4251 circa
1242 4187 1274 4250 id
1303 4189 1454 4251 circulum.
1500 4183 1563 4250 Sed
1594 4185 1653 4250 boc

305 4280 386 4356 dico,
411 4279 437 4342 si
461 4285 595 4341 cenmnm
619 4275 803 4357 cogitatione
826 4275 893 4338 sola
915 4277 1077 4354 consistat,
1101 4278 1181 4341 nullo
1205 4287 1357 4360 tempore,
1382 4277 1462 4340 nullo
1485 4276 1571 4356 signo
1596 4295 1652 4338 ex-

304 4375 401 4447 terno,
424 4385 483 4430 non
507 4384 596 4448 posse
612 4365 692 4430 circa
713 4365 745 4428 id
759 4364 890 4428 ordinari
912 4366 1035 4428 realiter
1058 4365 1190 4449 corporis
1209 4367 1335 4448 alicujus
1358 4365 1476 4431 mobilis
1498 4365 1559 4429 iter
1579 4381 1652 4446 per-

306 4459 384 4523 fecte
406 4456 561 4521 circulare.

298 4581 304 4592 ·
394 4547 560 4612 Praeterea
582 4545 611 4609 si
631 4545 755 4626 planeta
778 4560 850 4606 suas
869 4544 970 4625 justas
993 4543 1156 4608 distantias
1179 4563 1199 4607 a
1221 4543 1293 4609 Sole
1311 4543 1379 4626 lege
1403 4542 1504 4607 circuli
1527 4543 1651 4607 ordina·

188 4641 194 4652 '
307 4646 368 4702 tas
382 4637 571 4719 depromeret
594 4654 632 4698 ιι
654 4633 805 4707 memoria,
830 4633 1018 4716 depromeret
1046 4634 1177 4698 indidem
1199 4635 1292 4698 etiam
1314 4643 1457 4716 tanquam
1481 4651 1518 4696 ιι
1539 4631 1653 4696 tabulis

310 4727 481 4791 Prutcuicis
506 4731 559 4788 aut
575 4722 773 4806 Alpheosinis
797 4723 938 4806 aequales
961 4741 1048 4787 arcus
1071 4723 1239 4801 eccentrici,
1263 4723 1460 4786 decurrendos
1484 4722 1653 4806 inaequali-

309 4815 367 4880 bus
385 4814 579 4896 temporibus,
601 4821 634 4878 ιι
651 4811 852 4878 deeurrendos
874 4811 1064 4877 viextranea
1086 4833 1124 4879 ιι
1138 4812 1226 4891 Sole;
1249 4821 1281 4877 et
1293 4811 1525 4926 obpresserat
1538 4829 1653 4876 memo-
