3674 5532
648 289 709 348 Pars
727 291 818 348 Tertia.
855 291 937 362 Caput
953 291 1050 348 xxm
1133 307 1138 316 ·
1286 361 1293 374 κ
1453 295 1517 366 299

269 469 364 552 Atqui
387 489 443 552 ego
458 469 534 543 dico,
558 494 604 554 υγ
626 470 670 535 sic
686 455 868 535 delineatum
882 489 982 534 arcum
996 471 1148 552 temporis,
1162 478 1198 535 ut
1210 471 1306 534 voluit
1323 473 1524 551 Ptolemaeus,

180 577 249 622 esse
272 577 361 640 quam
382 559 515 640 proxime
538 561 579 623 ad
602 566 651 638 oq
674 579 775 622 areum
797 559 932 634 itineris,
963 567 997 623 ut
1019 569 1067 628 est
1089 565 1133 623 ord
1154 559 1302 623 distantia
1324 581 1410 624 arcus
1433 569 1485 643 dp
1507 584 1526 626 a

180 655 285 711 centro
307 649 424 725 mundi,
448 649 488 711 ad
510 650 553 728 ββ
576 648 752 712 distantiam
776 649 954 712 mediocrem
976 657 1150 728 punctorum
1172 671 1239 730 rap
1262 649 1300 713 ab
1323 675 1361 726 α,
1386 662 1418 713 et
1439 651 1525 715 simi-

179 736 249 798 liter
271 755 373 800 arcum
395 737 540 820 temporis
563 759 608 818 φτ
630 757 697 800 esse
715 738 754 799 ad
773 757 873 801 arcum
890 737 1005 800 itineris
1029 761 1078 800 ιιυ
1101 757 1190 820 quam
1207 739 1353 818 proxime,
1367 748 1402 803 ut
1416 747 1464 802 est
1486 764 1526 803 αι

180 825 327 888 distantia
355 845 442 890 arcus
472 850 518 890 ιιυ
550 835 695 890 aeentro
719 827 824 902 mundi
851 852 872 890 α
904 827 943 888 ad
973 828 1012 905 ιβ
1041 827 1215 890 distantiam
1245 849 1265 890 a
1289 836 1394 892 centro
1422 829 1523 892 muudi
1572 903 1575 915 .

179 915 371 988 mediocrem,
405 935 480 998 quae
504 924 607 998 potest
629 917 803 997 contingere
826 916 857 978 iu
879 935 914 992 α,
935 938 952 997 ρ
976 916 1080 996 signis.
1132 915 1192 978 Est
1213 917 1291 979 enim
1314 926 1347 980 ut
1368 918 1467 999 prius,
1492 927 1526 982 ut

178 1027 216 1086 γυ
245 1005 284 1068 ad
312 1005 418 1086 ytsic
440 1030 483 1088 υγ
506 1005 546 1068 ad
566 1012 637 1084 βψς
664 1013 697 1068 et
722 1014 756 1068 ut
778 1027 820 1087 γφ
841 1005 882 1067 ad
904 1026 940 1085 γι
962 1005 1006 1066 sic
1028 1026 1073 1082 φτ
1095 1005 1133 1066 ad
1157 1025 1217 1081 ιυ;
1255 1007 1309 1068 sed
1337 1030 1376 1087 γυ
1404 1015 1453 1070 est
1484 1007 1523 1070 ad

177 1097 218 1176 yd
248 1094 310 1158 fere
339 1101 373 1158 ut
394 1096 440 1174 βό
462 1095 526 1169 (vel
548 1097 599 1178 γυ)
624 1093 663 1156 ad
686 1099 751 1157 ot:
775 1102 862 1176 patet
884 1094 953 1155 inde
976 1093 1045 1183 quia
1067 1095 1110 1171 lit
1132 1101 1180 1157 est
1202 1095 1330 1158 medium
1353 1096 1524 1160 arithmeti-
1587 1139 1592 1146 -

178 1203 245 1246 curn
277 1183 356 1247 inter
382 1190 422 1265 γᾶ
443 1192 476 1246 et
498 1189 553 1248 ad.
607 1184 800 1247 Ptolemaeus
832 1183 911 1246 enim
937 1182 1011 1246 facit
1043 1185 1103 1260 αβ,
1127 1184 1147 1261 β
1155 1206 1170 1263 γ
1192 1184 1344 1264 aequales.
1390 1185 1523 1248 Medium

178 1281 280 1336 autem
303 1273 523 1337 arithmeticum
544 1273 624 1358 inter
646 1272 800 1348 terminos,
824 1273 901 1337 iuter
925 1291 998 1352 quos
1022 1291 1118 1352 parva
1140 1281 1188 1335 est
1206 1274 1369 1354 proportio,
1393 1273 1523 1337 insensi-

177 1361 231 1424 bili
253 1362 354 1445 aliquo
377 1364 473 1444 majus
498 1369 547 1426 est
569 1362 666 1426 medio
689 1361 880 1442 geometrico.
927 1359 1021 1423 Verbi
1049 1361 1150 1440 gratia
1172 1361 1250 1424 inter
1276 1361 1316 1425 10
1339 1373 1371 1424 et
1396 1361 1435 1426 12
1458 1383 1523 1426 me·
1564 1363 1569 1386 ⁸

178 1450 259 1514 dium
282 1452 502 1516 arithmeticum
522 1460 572 1517 ost
588 1451 623 1515 11
640 1472 647 1512 :
671 1451 801 1515 medium
815 1449 1028 1532 geometricum
1047 1459 1095 1512 est
1120 1443 1234 1534 10¹⁹),
1262 1451 1338 1514 lere:
1363 1451 1413 1514 ubi
1428 1452 1525 1514 minus

176 1559 238 1603 una
267 1542 412 1606 vicesima
443 1541 531 1606 unius
559 1540 725 1622 particulae
751 1541 829 1602 inter
851 1549 1006 1621 utrumque
1030 1540 1158 1602 medium
1179 1540 1316 1604 interest.
1362 1541 1404 1602 Et
1425 1549 1526 1604 tamen

56 1631 62 1644 '
176 1629 208 1692 bi
231 1631 347 1694 numeri
371 1641 442 1695 sunt
456 1631 622 1694 familiares
638 1629 774 1692 theoriae
789 1629 910 1702 Martis,
934 1628 983 1710 qui
1005 1628 1098 1691 habet
1120 1629 1375 1692 eccentricitatem
1396 1631 1526 1694 omnium

176 1719 340 1783 maximam
368 1721 446 1801 apud
469 1720 686 1783 Ptolemaeum.

268 1806 345 1874 Cum
376 1809 467 1892 igitur
504 1809 658 1890 proportio
686 1831 725 1888 γυ
756 1808 795 1868 ad
831 1811 872 1886 pt
900 1805 941 1868 sit
962 1803 1130 1868 insensibili
1152 1805 1247 1884 maJor
1268 1805 1460 1887 proportione
1483 1813 1527 1871 αδ

177 1897 217 1960 ad
241 1899 295 1977 tri,
321 1898 379 1962 erit
401 1908 433 1962 et
454 1898 607 1980 proportio
630 1921 672 1980 γυ
695 1897 734 1960 ad
757 1901 808 1977 qd
829 1894 997 1958 insensibili
1020 1893 1116 1974 major
1133 1913 1221 1976 quam
1243 1895 1396 1974 proportio
1420 1902 1465 1960 at
1486 1897 1526 1960 ad

176 1989 229 2066 ὅβ.
277 1985 423 2051 Similiter
454 1998 489 2052 ut
513 2010 551 2066 γι
583 1986 623 2047 ad
650 2007 692 2066 γφ
719 1984 763 2048 sic
790 2007 833 2046 ια
857 1985 896 2046 ad
919 2005 975 2063 φτ.
1023 1983 1092 2046 'Sed
1121 2005 1158 2063 γι
1187 1984 1225 2045 ad
1254 2005 1299 2064 γφ
1326 1986 1465 2050 estsere
1492 1995 1527 2050 ut

177 2077 219 2156 ιβ
247 2077 288 2140 ad
317 2100 375 2141 oe:
408 2076 546 2140 nimirum
576 2075 729 2156 proportio
752 2073 806 2136 illa
827 2071 993 2135 insensibili
1016 2073 1115 2154 alique
1139 2072 1234 2135 minor
1257 2081 1307 2134 est
1328 2073 1398 2138 ista.
1443 2075 1525 2156 Ergo

176 2175 208 2230 et
230 2167 386 2250 proportio
420 2189 465 2228 ιω
497 2167 536 2227 ad
564 2185 610 2243 φτ
631 2162 798 2226 insensibili
822 2162 921 2243 aliquo
945 2161 1039 2224 minor
1063 2169 1110 2224 est
1132 2162 1324 2241 proportione
1348 2165 1387 2242 ιβ
1408 2164 1447 2226 ad
1471 2187 1524 2226 αι.

265 2257 336 2320 Jaur
353 2263 567 2338 permutemus.
605 2253 663 2314 Est
684 2252 760 2315 enirn
774 2250 926 2332 proportio
950 2255 1002 2313 ad
1024 2251 1063 2313 ad
1086 2255 1104 2313 d
1111 2252 1132 2330 β
1154 2249 1320 2314 insensibili
1340 2252 1435 2314 minor
1451 2272 1525 2333 pro-

174 2346 314 2427 portione
344 2347 388 2422 trl
414 2345 464 2406 vel
490 2345 533 2423 βι
564 2341 604 2404 ad
631 2364 684 2419 ια,
716 2361 750 2404 eo
775 2341 853 2423 quod
882 2341 927 2419 βδ
949 2341 996 2402 vel
1019 2342 1059 2428 βι
1082 2348 1130 2403 est
1152 2339 1282 2408 medium
1304 2340 1525 2404 arithmeticum

175 2435 256 2498 iuter
283 2441 327 2497 ut
350 2442 382 2498 et
403 2456 462 2510 αι,
496 2442 531 2497 ut
551 2430 644 2514 prius.
691 2431 854 2493 Probatum
878 2437 978 2491 autem
1001 2429 1072 2502 luit,
1101 2429 1322 2508 proportionem
1344 2453 1388 2512 υγ
1411 2431 1449 2492 ad
1473 2437 1527 2512 oq

175 2544 245 2587 esse
268 2525 414 2605 maj0rem
435 2522 626 2604 proportione
650 2526 695 2582 at
716 2520 755 2582 ad
777 2525 796 2580 d
804 2519 838 2595 β,
873 2537 912 2579 ex
943 2517 1057 2580 duabus
1084 2517 1208 2581 minori:
1236 2526 1269 2580 et
1297 2519 1523 2600 proportionem

175 2635 219 2676 ιω
245 2615 286 2676 ad
302 2636 357 2694 ,φτ
379 2612 522 2676 minorem
546 2630 612 2672 esse
626 2607 818 2691 proportione
841 2608 881 2683 ιβ
904 2607 943 2668 ad
965 2628 1014 2680 αι,
1037 2625 1075 2668 ex
1089 2606 1204 2668 duabus
1218 2607 1339 2686 majori:
1364 2615 1398 2670 ut
1411 2618 1523 2689 quantu

174 2721 213 2763 ex
242 2701 359 2766 duabus
390 2708 436 2765 ab
464 2701 504 2762 ad
536 2699 593 2777 θβ,
625 2707 656 2760 et
679 2699 721 2776 ιβ
742 2696 783 2757 ad
805 2719 859 2768 αι,
889 2695 943 2758 illa
964 2695 1058 2757 minor
1081 2703 1113 2757 et
1134 2695 1209 2758 haee
1232 2697 1343 2776 major,
1375 2706 1462 2760 tanto
1487 2715 1525 2761 ex

174 2790 295 2854 duabus
317 2816 359 2875 υγ
382 2791 420 2854 ad
443 2795 492 2870 dep
514 2795 546 2850 et
570 2811 613 2850 ιω
637 2787 675 2848 ad
697 2807 751 2866 φτ,
773 2785 827 2847 illa
849 2784 955 2865 major,
978 2784 1054 2846 haec
1069 2784 1172 2848 minor.
1205 2784 1313 2864 Itaque
1333 2786 1426 2848 etiam
1444 2786 1525 2848 illius

173 2880 362 2946 insensibilis
393 2877 578 2942 differentiae
610 2877 644 2938 fit
674 2875 774 2955 aliqua
806 2872 1029 2954 compensatio,
1062 2882 1096 2934 ut
1118 2873 1210 2935 multo
1232 2874 1355 2954 propius
1379 2893 1451 2938 vero
1473 2877 1525 2951 sit,

173 2971 400 3054 proportionem
427 2991 467 3050 υγ
496 2967 536 3028 ad
566 2971 613 3045 tq
644 2963 683 3025 ad
711 2980 837 3043 unguem
860 2981 927 3024 esse
950 2961 1105 3041 aequalem
1126 2961 1311 3042 proportioni
1326 2967 1380 3026 ἰω
1404 2964 1443 3025 ad
1467 2985 1523 3042 φτ.

174 3059 365 3142 Aequalibus
389 3057 480 3137 igitur
503 3054 608 3117 sumtis
629 3041 756 3115 arcubus
779 3056 828 3132 βψ
850 3059 882 3112 et
904 3073 959 3124 ιω,
983 3049 1031 3132 qui
1046 3050 1189 3112 hactenus
1204 3050 1326 3113 fuerunt
1340 3051 1524 3132 inaequales,

175 3151 234 3212 erit
266 3156 392 3228 uterque
415 3151 468 3226 δψ
490 3144 538 3206 vel
561 3166 609 3206 ιυ
631 3133 760 3204 medium
782 3139 1002 3219 proportionale
1030 3137 1107 3200 inter
1129 3162 1147 3199 υ
1160 3161 1192 3219 γ,
1216 3157 1330 3202 moram
1353 3140 1381 3200 in
1406 3139 1525 3220 aphelio

174 3247 207 3300 et
221 3259 277 3318 φτ,
294 3255 408 3299 moram
421 3231 616 3314 inperilrelio,
631 3239 661 3294 et
670 3228 822 3312 proportio
833 3227 924 3308 igitur
941 3251 985 3308 υγ
1001 3227 1040 3288 ad
1054 3247 1102 3306 φτ
1124 3227 1314 3308 (aequalibus
1327 3228 1526 3292 existentibus

174 3333 224 3408 tp
238 3334 272 3389 et
287 3327 348 3400 eo)
358 3324 450 3405 dupla
460 3323 518 3385 erit
529 3317 829 3403 proportionisatad
845 3318 885 3396 δβ
899 3316 946 3378 vel
956 3317 995 3394 βι
1011 3313 1049 3376 ad
1060 3339 1108 3390 ια,
1124 3316 1204 3379 illius
1215 3316 1346 3394 minoris,
1361 3316 1448 3396 hujus
1458 3337 1524 3380 ma·

169 3417 260 3496 juris,
282 3412 449 3476 insensibili
468 3411 576 3492 aliquo.
607 3411 655 3472 Ac
674 3404 999 3490 cumetiamproportio
1018 3405 1117 3468 adad
1131 3428 1175 3468 αι
1191 3405 1283 3486 dupla
1295 3406 1336 3468 sit
1350 3405 1538 3470 alterutrius·

173 3507 286 3568 harum
300 3502 501 3582 (componitur
517 3499 594 3562 enim
609 3519 646 3560 ex
655 3499 800 3578 utrisque,
812 3515 888 3574 pene
897 3493 1071 3576 aequalibus
1081 3494 1290 3571 existentibus,
1300 3505 1417 3558 exemto
1427 3496 1525 3560 medio
1574 3495 1578 3500 '

173 3592 371 3657 arithmetico
394 3589 597 3669 crivellis),
622 3606 692 3666 ergo
717 3584 891 3668 aequalibus
915 3582 1115 3647 existentibus
1131 3583 1258 3646 arcubus
1271 3584 1403 3647 eccentri
1426 3592 1479 3666 oq
1494 3593 1526 3651 et

174 3707 233 3760 ιω,
256 3679 412 3762 proportio
435 3696 534 3740 morae
557 3701 599 3759 υγ
622 3676 797 3738 admoram
820 3694 868 3754 φτ
890 3673 1024 3754 aequalis
1047 3672 1106 3734 erit
1126 3673 1311 3752 proportioni
1332 3680 1378 3737 ort
1400 3674 1440 3736 ad
1462 3694 1525 3752 αις

176 3782 209 3836 et
231 3769 360 3834 clarius:
385 3775 495 3849 quanto
518 3766 634 3846 longior
656 3772 704 3827 est
725 3767 775 3826 ad
797 3768 886 3841 quem
908 3784 965 3839 αι,
999 3768 1086 3822 tanto
1110 3761 1220 3824 diutius
1245 3771 1379 3828 moratur
1401 3764 1526 3844 planeta

175 3861 207 3924 iu
231 3871 318 3922 certo
342 3857 440 3938 aliquo
465 3874 535 3917 arcu
557 3853 688 3917 eccentri
711 3851 790 3933 apud
814 3857 839 3926 d,
863 3871 951 3932 quam
976 3851 1004 3912 iu
1027 3849 1146 3930 aequali
1169 3870 1239 3914 arcu
1258 3851 1389 3916 eccentri
1403 3853 1483 3933 apud
1501 3875 1524 3916 ι.

176 3951 283 4031 Atque
306 3947 363 4010 hoc
386 3943 519 4024 sequitur
542 3962 579 4004 ex
602 3942 787 4005 ordinatione
802 3941 915 4002 fornae
930 3943 1071 4020 (intellige
1091 3949 1268 4019 particularis
1286 3957 1317 4006 et
1329 3950 1525 4022 inaequalitati

176 4049 285 4121 primae
317 4039 476 4114 servientis)
505 4032 708 4094 Ptolemaicae
737 4031 857 4110 ejusque
880 4036 990 4110 puncto
1013 4029 1202 4107 aequatorio,
1227 4037 1312 4092 certa
1334 4037 1367 4091 et
1390 4029 1525 4109 legitima

179 4124 456 4197 demonstratione,
488 4129 630 4202 quantum
657 4119 696 4182 ad
726 4119 793 4181 loca
820 4136 953 4199 apogaeo
981 4124 1014 4178 et
1035 4117 1177 4198 perigaeo
1199 4118 1300 4180 vicina
1322 4118 1442 4180 attinet.
1489 4121 1524 4182 Iu

179 4214 293 4279 ceteris
324 4211 501 4278 tenuissima
532 4217 658 4295 apparet
680 4206 855 4292 diversitas,
887 4225 980 4287 eaque
1009 4214 1127 4286 quanto
1152 4205 1320 4268 evidentior
1342 4205 1373 4268 iu
1399 4207 1524 4268 demon·
1638 4221 1643 4233 “

179 4305 348 4378 stratioue,
378 4308 464 4364 tauto
497 4300 593 4363 minor
623 4297 655 4360 in
678 4298 804 4359 effectu:
838 4295 906 4376 quia
934 4294 1018 4357 verbi
1046 4294 1146 4374 gratia
1166 4294 1319 4375 proportio
1341 4318 1394 4371 αμ
1417 4294 1456 4357 ad
1479 4317 1524 4357 ατ

180 4394 277 4456 minor
308 4401 372 4467 est,
404 4397 436 4452 et
465 4393 519 4452 cd
549 4388 589 4450 ad
618 4411 662 4450 αι
684 4386 778 4449 multa
804 4385 907 4460 minor,
933 4402 1021 4463 quam
1043 4388 1092 4446 at
1114 4385 1152 4446 ad
1175 4406 1218 4446 αι
1241 4382 1371 4446 οιιιιιίιιιιι
1393 4383 1524 4449 maxima

179 4481 362 4566 maximique
386 4479 519 4542 ellectus.
