3604 5534
286 229 348 306 186
765 231 806 292 De
824 233 932 292 Motibus
951 229 1044 292 Stellae
1061 233 1150 292 Martis

281 415 348 495 Ego
372 436 452 490 vero,
477 417 544 479 dum
560 415 757 498 Copernioum
781 419 820 480 ad
842 438 939 481 meam
962 419 1028 498 ejus
1052 419 1119 482 libri
1141 419 1298 482 materiam
1323 415 1529 489 accommodo,
1559 434 1633 500 opus

282 507 372 568 habui
403 506 522 568 diversa
550 507 677 570 fictione
731 508 824 570 Visus
855 509 999 570 animab
1028 508 1079 569 illo
1102 519 1212 590 puncto
1236 509 1266 570 in
1290 509 1473 589 ipsissimum
1497 519 1634 570 centrum

283 595 413 675 corporis
438 593 518 657 Solis
542 616 595 673 per
618 597 862 676 imaginationem
886 598 1113 660 transferendus
1136 598 1203 667 fuit,
1226 607 1316 679 atque
1345 599 1412 660 iude
1437 598 1573 672 (scilicet
1595 606 1659 658 ex'
1756 609 1758 622 ’

282 704 403 764 corpore
428 683 523 757 Solis)
556 686 747 764 computandi
781 686 900 748 inerunt
931 687 1092 748 abscessus
1123 705 1278 765 corporum
1311 687 1566 766 planetariorum,
1602 687 1632 748 in

283 777 386 836 eodem
416 772 533 854 quidem
562 775 683 850 itinere,
712 775 790 855 qood
815 775 974 854 Copernioi
1003 775 1225 854 suppositiones
1255 776 1467 852 efformabant,
1501 776 1556 838 sed
1585 777 1636 847 (ut

280 865 345 943 jam
373 863 486 942 patuit)
518 882 574 924 non
604 864 693 943 plane
724 865 801 926 idem
832 865 892 925 iter
919 883 1011 946 causa
1043 864 1267 943 particularium
1302 874 1470 946 temporum
1493 866 1635 926 effectum

282 962 330 1014 est
358 953 429 1014 mihi
458 969 511 1032 per
541 953 617 1013 hanc
640 953 871 1016 translationem
893 953 991 1016 lineae
1015 953 1168 1033 apsidum,
1193 955 1363 1018 differentia
1385 960 1486 1016 umen
1508 955 1635 1033 perexi-

283 1061 342 1119 gua
372 1051 403 1102 et
426 1041 455 1102 in
481 1041 530 1103 illo
554 1041 672 1123 quidem
692 1043 796 1104 libello
819 1042 907 1122 plane
931 1042 1042 1104 nullius
1065 1043 1222 1117 momenti;
1255 1043 1296 1104 ibi
1325 1043 1403 1104 enim
1422 1044 1458 1106 de
1483 1044 1548 1106 solo
1571 1043 1648 1104 situ.

281 1130 399 1192 itineris
422 1131 578 1208 agebatur,
603 1131 653 1210 qui
675 1132 731 1192 hoc
755 1141 845 1211 pacto
869 1132 990 1194 mansit.

328 1251 333 1264 ·
371 1216 511 1282 Ceterum
539 1219 568 1279 in
597 1221 791 1300 sequentibus
824 1221 863 1282 ad
890 1220 1044 1282 vitandam
1067 1213 1270 1282 confusionem
1294 1219 1461 1282 eccentrico
1485 1219 1541 1282 hoe
1566 1216 1632 1282 Co-

281 1309 442 1390 pernicano
472 1311 572 1388 (quern
605 1327 662 1371 non
687 1310 792 1384 stella,
827 1309 881 1371 sed
909 1318 1043 1371 centrum
1072 1309 1196 1389 epicyoli
1225 1309 1393 1383 describat)
1418 1329 1476 1371 uon
1501 1308 1632 1388 amplius

283 1409 359 1460 utar.
406 1397 516 1459 Differt
547 1397 624 1460 enim
649 1399 686 1460 ab
710 1399 862 1479 ipsissimo
885 1399 992 1461 itinere
1015 1397 1174 1476 planetae,
1208 1399 1287 1478 quod
1316 1398 1408 1460 altius
1435 1399 1469 1459 iit
1491 1399 1523 1460 in
1546 1397 1631 1478 peri-

284 1505 371 1566 gaeo,
396 1485 535 1548 humilius
559 1486 588 1547 in
612 1507 757 1568 apogaeo.
807 1489 854 1548 At
880 1507 954 1549 voce
986 1486 1146 1549 eccentrici
1169 1505 1257 1565 porro
1281 1495 1399 1549 utemur
1422 1487 1631 1550 tantummodo

284 1579 312 1637 in
337 1575 522 1654 designando
555 1575 705 1654 ipsissimo
733 1577 838 1639 itinere
868 1577 1024 1656 planetae,
1057 1576 1107 1636 vel
1129 1577 1233 1656 puncti
1265 1577 1295 1638 in
1318 1577 1404 1656 cujus
1428 1585 1510 1639 motu
1534 1576 1633 1656 prima

281 1664 483 1744 inaequalitas
517 1664 609 1741 inest,
642 1685 698 1746 quo
726 1675 815 1744 pacto
848 1665 1054 1728 tantummodo
1082 1664 1299 1727 Ptolemaicom
1334 1666 1534 1728 eccentricum
1567 1663 1632 1736 (vet

282 1755 415 1832 proxime
440 1755 546 1826 talem)
579 1773 634 1834 par·
662 1753 713 1818 est'
736 1774 791 1816 nos
820 1754 986 1834 imaginari.
1027 1752 1191 1816 Ostensum
1215 1754 1292 1816 enim
1315 1763 1364 1816 est
1387 1755 1487 1834 capite
1511 1761 1635 1833 quarto,

282 1843 518 1922 discrepaturum
544 1852 677 1906 nostrum
700 1845 846 1907 calculum
871 1843 1058 1924 aequatinnis
1076 1843 1296 1914 (Ptolemaicae
1313 1845 1424 1906 formae
1434 1843 1585 1915 innixum)
1612 1862 1631 1902 a

283 1929 488 2010 Copernioano
521 1933 727 1996 tantummodo
761 1935 874 1995 duobus
906 1931 1069 2011 scrupulis,
1101 1932 1151 1992 ubi
1181 1933 1319 1994 maxime.
1374 1933 1448 1994 Tum
1473 1943 1575 1994 autem
1600 1939 1633 1992 et

283 2023 398 2084 l'acilior
439 2031 486 2082 est
525 2023 629 2084 modus
662 2023 851 2103 computandi
895 2024 923 2083 in
959 2023 1054 2082 sonna
1086 2021 1273 2082 Ptolemaica
1314 2022 1430 2102 primae
1465 2020 1634 2100 inaequali-

284 2111 357 2171 tatis
382 2131 468 2190 quaru
492 2111 521 2170 in
547 2109 763 2190 Copernicana.
811 2111 947 2189 Denique
979 2111 1053 2170 haec
1078 2109 1263 2171 Ptolemaios
1287 2111 1383 2172 forma
1406 2111 1520 2190 primae
1544 2110 1633 2170 inae-

282 2201 438 2279 qualitatis
462 2201 510 2272 (ut
534 2199 660 2274 dictum)
685 2201 741 2280 ipsi
764 2220 862 2263 rerum
887 2209 1011 2261 naturae
1035 2207 1067 2260 et
1089 2199 1283 2278 sequentibus
1308 2195 1419 2262 nos'tris
1443 2200 1634 2281 speculatio-

283 2290 368 2351 nibus
401 2299 487 2368 parte
521 2289 612 2350 tertia
641 2299 673 2349 et
702 2299 810 2368 quarta
833 2297 882 2349 est
906 2287 1167 2350 accommodatior.
1215 2288 1343 2366 Propter
1367 2287 1644 2369 aequipollentiam⁴

284 2398 364 2450 vero,
389 2379 415 2438 si
439 2379 485 2438 cui
509 2378 600 2452 lubet,
624 2379 785 2458 poteritis
809 2397 926 2456 semper
949 2386 1019 2438 tunc
1042 2396 1157 2458 quoque
1173 2375 1411 2455 Copernioanum
1435 2376 1648 2456 eccentrepi-¹

283 2469 412 2546 cyclum,
438 2467 494 2528 buc
518 2486 609 2545 usque
634 2469 689 2528 hoc
713 2468 810 2546 capite
834 2468 939 2547 quinto
963 2475 1146 2546 usurpatum,
1172 2465 1408 2544 subintelligere.

370 2556 491 2616 Accede
511 2556 576 2634 jam
600 2557 638 2615 ad
654 2557 782 2637 priorem
799 2555 1002 2618 instituendae
1017 2555 1190 2634 propositae
1206 2555 1456 2634 aequipollentiae
1472 2553 1631 2628 rationem,

282 2644 513 2724 particularibus
537 2653 691 2708 auctorum
715 2645 930 2727 hypothesibus
954 2661 1154 2717 conrmunem3
1179 2643 1257 2724 qnod
1280 2643 1311 2704 in
1326 2642 1514 2706 Ptolemaios
1535 2642 1634 2704 forma

222 2727 228 2746 '
282 2733 366 2814 prius
390 2734 609 2797 demonstrabo.

827 2885 832 2894 ,
983 2819 1096 2882 Centro
1114 2822 1134 2898 β
1157 2820 1307 2882 scribatur
1325 2818 1511 2884 eccentricus
1530 2819 1639 2881 Ptole-

898 2911 1011 2972 maicus
1030 2906 1100 2986 ιζη;
1125 2909 1222 2989 sitque
1243 2910 1322 2974 linea
1342 2909 1477 2990 apsidum
1493 2910 1536 2986 ιβ,
1558 2909 1641 2970 visus

898 3001 928 3061 in
952 3023 981 3076 a,
1005 3008 1145 3078 punctum
1170 2998 1376 3078 aequatoriurn
1398 3022 1423 3077 y.

987 3089 1066 3150 Dum
1096 3097 1194 3148 autem
1227 3088 1311 3160 dico,
1345 3087 1440 3148 visum
1463 3085 1493 3148 in
1517 3109 1537 3148 α
1561 3106 1640 3158 esse,

900 3178 1035 3255 intelligo
1058 3177 1106 3237 vel
1129 3195 1181 3254 per
1204 3175 1352 3252 fictionem
1379 3176 1425 3237 vel
1450 3193 1537 3251 vere3
1562 3176 1642 3258 phy-

819 3287 839 3344 3
900 3269 961 3330 sice
994 3265 1139 3345 loquendo
1163 3284 1220 3325 non
1248 3275 1311 3328 tam
1339 3267 1422 3328 visus
1445 3263 1473 3324 in
1497 3287 1518 3326 α
1542 3265 1640 3326 collo-

785 3378 787 3381 ’
901 3357 1013 3420 candus
1037 3364 1099 3430 est,
1124 3373 1212 3434 quarn
1237 3355 1302 3434 ipsa
1334 3357 1444 3426 virtus,
1478 3373 1553 3434 quae
1579 3354 1641 3416 cir-

900 3447 1010 3508 cuitum
1029 3446 1109 3506 circa
1132 3463 1164 3506 se
1184 3443 1325 3506 conciliat
1346 3445 1487 3523 planetae
1511 3443 1641 3510 tardum,

900 3536 1048 3606 velocem,
1078 3551 1131 3613 pro
1155 3531 1271 3594 ratione
1299 3532 1533 3614 propinquitatis
1558 3533 1598 3593 ad
1621 3556 1642 3594 α

785 3634 835 3703 :⁵
900 3633 933 3686 ut
969 3641 1059 3702 supra
1095 3622 1217 3683 dictum.
1278 3620 1482 3684 Connectatur
1518 3621 1641 3699 aliquod

900 3710 1156 3776 circumferentiae
1196 3721 1339 3790 punctum
1379 3720 1465 3772 extra
1502 3709 1645 3790 apsidum,

898 3803 1122 3878 lineamputa
1145 3802 1176 3876 η)
1201 3819 1266 3861 curu
1290 3823 1312 3880 y,
1331 3802 1359 3878 β,
1378 3818 1415 3874 α;
1439 3807 1505 3860 esto
1530 3807 1564 3860 ct
1586 3817 1641 3878 per

899 3894 976 3954 hanc
1013 3888 1192 3971 hypothesin
1229 3890 1331 3969 anguli
1363 3911 1419 3964 ιαη
1455 3907 1509 3968 per
1542 3897 1640 3950 totum
1738 3891 1742 3898 '

899 3980 1054 4044 circuitum
1074 3978 1151 4039 tanti
1167 3979 1301 4058 proxime
1320 3978 1488 4058 computari
1510 3978 1639 4057 possint

900 4069 1003 4152 quanti
1032 4066 1230 4130 observantur
1263 4088 1299 4128 ex
1322 4092 1359 4142 a,
1393 4075 1424 4130 et
1453 4074 1523 4146 post
1555 4074 1641 4128 certa

894 4170 1040 4238 tempora,
1057 4175 1132 4236 quae
1148 4158 1289 4219 metiatur
1303 4157 1430 4236 angulus
1445 4178 1496 4236 qyr
1520 4176 1639 4236 aequa-

285 4272 364 4333 liter.
413 4263 601 4330 Osteudetur
624 4267 724 4322 antem
749 4262 857 4336 postea
878 4258 964 4332 parte
988 4246 1134 4318 secunda,
1160 4246 1306 4325 quomodo
1330 4265 1384 4326 per
1407 4246 1638 4308 observationes

287 4354 505 4422 astronomicas
538 4349 794 4431 deprehendatur,
825 4349 954 4424 quantus
985 4334 1111 4414 angulus
1144 4356 1204 4412 ραι
1235 4335 1359 4396 cuilibet
1388 4357 1442 4414 ηγι
1478 4335 1637 4398 debeatur.

286 4448 414 4509 Rursum
438 4443 479 4504 sit
502 4441 584 4502 visus
608 4457 661 4499 sen
684 4437 779 4497 virtus
803 4447 926 4494 movens
951 4427 980 4488 in
1003 4432 1113 4504 puncto
1138 4431 1224 4486 extra
1246 4423 1418 4498 lineamro,
1444 4423 1523 4504 quod
1547 4424 1590 4486 sit
1609 4429 1636 4498 d,

288 4537 432 4614 deturque
456 4530 551 4601 nobis,
576 4527 653 4607 q‘uod
678 4525 769 4587 etiam
789 4520 817 4582 in
835 4523 853 4579 d
869 4534 921 4598 per
944 4513 1162 4576 astronomicas
1186 4513 1415 4576 ohservationes
1439 4514 1531 4574 certis
1555 4522 1638 4575 tem-

286 4623 407 4703 poribus
444 4620 519 4683 certi
552 4616 651 4696 anguli
689 4611 790 4674 visorii
823 4607 884 4668 sint
916 4601 1112 4683 deprehensi,
1147 4601 1203 4662 hoc
1238 4610 1285 4662 est
1323 4610 1467 4682 quantum
1502 4602 1638 4683 quolibet

289 4723 421 4791 ternpore
446 4711 568 4788 planeta
591 4706 646 4766 sub
669 4703 736 4766 fixis
765 4694 931 4779 promoveri
960 4692 1097 4754 videatur
1122 4709 1158 4752 ex
1182 4695 1199 4751 d
1220 4691 1395 4770 inspectus:
1427 4691 1513 4754 detur
1543 4691 1637 4753 etiam

289 4799 355 4876 hoc,
380 4797 458 4880 quod
475 4797 537 4860 hae
561 4795 591 4856 in
615 4788 857 4874 &apparitiones
891 4781 1038 4862 quadrent
1060 4778 1092 4840 in
1115 4778 1294 4859 hypothesin
1323 4779 1503 4844 conformem
1533 4781 1636 4860 priori,
