3604 5534
570 289 576 302 ’
640 313 702 371 Pars
719 313 810 372 Prima.
853 313 933 384 capue
950 313 995 370 Vi.

141 2901 349 2986 pertineam
371 2899 440 2965 VC.
487 2905 536 2968 Aa
557 2905 616 2968 aaz·
636 2904 722 2968 aaut
742 2905 779 2966 in
801 2899 826 2966 (i
851 2901 956 2965 Terra
979 2909 1033 2977 ea,
1053 2901 1188 2985 per-inde
1210 2891 1315 2966 tamea
1339 2911 1393 2978 est,
1417 2924 1456 2966 ac
1470 2905 1500 2967 si

145 2999 222 3057 esset
244 2993 286 3054 ira
308 2992 340 3050 V
358 2999 494 3075 puncto,
525 2995 609 3057 ande
639 2994 789 3078 dependet
815 2992 925 3074 priato
953 2990 1173 3072 inaequalitas.
1222 2991 1380 3076 Captatur
1401 2994 1500 3075 ipitar

145 3082 368 3146 tutamentis
391 3079 478 3144 locas
497 3082 644 3164 planetae
665 3085 721 3145 sal>
736 3083 827 3166 ytres,
850 3083 971 3164 quotes
993 3081 1028 3142 ta
1050 3079 1152 3143 lineae
1176 3077 1232 3142 GV
1253 3091 1367 3162 puncto
1390 3081 1498 3161 aliquo

145 3191 161 3230 e
180 3163 316 3254 cepione
334 3169 366 3230 V
389 3168 476 3234 altra
493 3170 518 3235 C
534 3173 639 3255 fuer-it
660 3174 747 3234 meae
770 3170 852 3251 (esta
875 3171 910 3231 ia
932 3169 1026 3231 lineis
1049 3167 1116 3243 GV,
1142 3165 1200 3231 OG
1222 3177 1252 3231 st
1274 3164 1441 3252 oppositio)
1465 3177 1500 3234 ar

145 3262 244 3338 merit
268 3267 415 3324 semaam
437 3263 615 3344 systematis
631 3261 809 3346 planetarii
829 3259 865 3322 ta
880 3255 997 3321 circata
1015 3257 1079 3332 VP,
1105 3255 1163 3320 Sol
1184 3258 1220 3320 in
1235 3257 1257 3320 S
1281 3267 1311 3322 et
1325 3257 1364 3334 G,
1388 3279 1501 3343 capus

142 3349 297 3433 planetae
322 3350 545 3430 asapiencia
569 3349 607 3422 Ο,
627 3352 667 3424 F;
692 3350 748 3412 etsi
773 3349 800 3410 io
825 3347 943 3410 theoria
956 3346 1066 3408 Martis
1090 3346 1273 3408 eceentrieos
1295 3347 1436 3427 planetae
1462 3348 1500 3409 ad

147 3437 355 3500 eccentricum
380 3435 461 3500 Solis
484 3439 513 3502 in
538 3439 642 3501 minori
666 3438 856 3519 proportione
881 3442 942 3510 est,
972 3435 1047 3496 adeo
1071 3441 1104 3496 ut
1127 3436 1311 3499 eccentricns
1334 3437 1444 3500 Martis
1468 3444 1500 3499 et

148 3535 262 3608 puncta
286 3525 334 3600 0,
363 3527 390 3588 F
422 3525 495 3590 fiant
523 3529 579 3608 ipsi
604 3527 629 3592 O
653 3530 764 3590 Terrae
794 3526 935 3607 propiora
958 3543 1045 3606 quam
1070 3523 1093 3586 S
1116 3522 1189 3586 Sol:
1222 3545 1297 3607 quae
1331 3547 1391 3590 uua
1421 3526 1499 3588 inter

147 3637 255 3682 causas
282 3615 353 3691 tuit,
388 3633 440 3679 cur
462 3618 597 3681 Braheus
621 3618 736 3680 orbium
766 3615 950 3678 soliditatem
983 3621 1119 3694 negaret.
1166 3615 1212 3677 Ex
1241 3615 1378 3697 pluribus
1409 3615 1501 3697 igitur

146 3707 219 3772 loeis
243 3704 420 3787 hujusmodi
443 3714 475 3768 et
497 3709 615 3770 omnino
639 3702 679 3770 ex'
700 3707 844 3781 totidem,
876 3713 948 3786 quot
976 3703 1079 3766 haberi
1107 3711 1249 3784 potuere,
1274 3705 1374 3790 Tycha
1399 3707 1498 3768 Brahe

148 3797 254 3859 solitus
280 3801 334 3856 est
355 3795 539 3876 investigare
567 3795 793 3878 inaequalitatis
820 3795 933 3876 primae
961 3793 1154 3876 hypothesin,
1188 3795 1323 3876 seposita
1355 3795 1498 3875 amplitu7

149 3885 215 3949 dine
240 3883 412 3959 orbisve,
437 3904 530 3966 eaque
553 3905 607 3966 pro
630 3887 716 3948 unico
735 3892 845 3965 puncto
869 3882 1040 3958 aestimata,
1065 3882 1150 3964 quasi
1169 3883 1222 3946 VP
1240 3892 1372 3946 centmm
1397 3892 1495 3966 syste-

150 3975 239 4036 matis
256 3973 434 4054 planetarii,
455 3993 506 4037 seu
522 3983 663 4056 punctum
680 3973 838 4048 affixionis,
859 3972 977 4035 interim
988 3971 1160 4052 quievisset.
1185 3975 1234 4035 Ita
1247 3973 1499 4052 comparationem

149 4062 283 4126 institnit
313 4063 460 4142 temporis
488 4065 645 4144 interlapsi
669 4073 700 4126 et
724 4065 913 4144 angulorum,
942 4080 1016 4141 quos
1040 4059 1099 4122 VO
1124 4069 1154 4124 et
1177 4063 1227 4124 PF
1250 4083 1286 4124 ex
1311 4081 1367 4124 uno
1390 4070 1500 4143 puncto

150 4154 278 4214 eductae
304 4151 558 4224 (coincidentihns
582 4154 621 4231 V,
645 4155 696 4229 P),
721 4153 961 4224 conformarent,
996 4151 1045 4233 qui
1075 4149 1192 4230 quidem
1220 4160 1289 4213 sunt
1318 4152 1408 4214 iidem
1432 4170 1499 4214 cum

153 4241 268 4323 augulis
294 4238 382 4304 OGF
403 4242 451 4303 rel
475 4241 569 4306 VOP.

105 4371 107 4376 -
235 4331 319 4392 Esto
340 4330 405 4410 jam
428 4331 568 4394 coniecta
590 4331 759 4412 pragmatio
782 4339 814 4392 et
835 4331 963 4410 prodeat
985 4329 1066 4391 linea
1086 4327 1221 4408 apsidum
1243 4328 1402 4391 eccentrici
1417 4327 1500 4392 VLD

152 4419 199 4483 vel
221 4419 326 4492 ΡΜ).
358 4417 386 4480 D
409 4411 551 4500 pun'ctum
582 4421 786 4500 aequatorinm
815 4428 845 4481 et
868 4419 894 4481 L
924 4426 1060 4481 centrum
1090 4416 1248 4480 ecoentrici
1275 4419 1305 4479 in
1329 4419 1386 4480 hac
1410 4420 1517 4496 linea,-

153 4516 182 4571 et
214 4507 407 4572 ecoentricus
430 4507 493 4570 ΗΟ
527 4519 558 4572 et
580 4512 654 4585 ΡΗ,
680 4518 710 4571 et
733 4509 916 4590 respondeat
947 4508 1022 4570 haec
1054 4507 1228 4589 hypothesis
1261 4508 1395 4570 omnibus
1425 4508 1500 4569 locis

152 4599 296 4677 planetae
333 4597 503 4661 observatis
544 4600 599 4662 snb
637 4599 781 4662 articulos
814 4597 1010 4680 oppositionis
1044 4596 1183 4676 planetae
1223 4613 1286 4658 cum
1322 4597 1403 4660 Solis
1434 4599 1500 4660 loco

154 4688 256 4760 medio.

240 4775 339 4838 Mitto
363 4775 394 4837 in
418 4793 563 4855 praesens
587 4777 759 4857 diligentius
779 4785 928 4852 excutere,
953 4783 1051 4839 utrum
1064 4772 1139 4834 haec
1154 4772 1328 4854 hypothesis
1347 4774 1376 4835 in
1392 4793 1500 4854 genere

157 4865 288 4949 physicis
317 4863 475 4946 principiis
503 4865 545 4928 sit
568 4875 784 4941 consentanea,
808 4866 838 4928 in
862 4885 921 4950 qua
944 4865 997 4930 Sol
1021 4866 1145 4931 Terram
1167 4861 1304 4930 circumit
1326 4873 1422 4930 mente
1446 4885 1502 4930 sun
