3666 5532
427 1337 496 1413 sn
520 1335 734 1439 utrumq
759 1338 926 1441 aurun
951 1333 1333 1412 ansrmurmrras
1365 1328 1712 1413 assumamus

755 1532 758 1539 ·
807 1495 1068 1562 DOGUMENTA
1097 1491 1334 1563 PRAECIPUE

456 1601 805 1668 OBSERVATARUM
827 1605 880 1668 ΕΤ
902 1601 1061 1668 PARTIM
1084 1601 1430 1666 EXAMINATARUM
1451 1598 1689 1664 ECLIPSIUM.

403 1921 569 2006 Pleraeque
594 1923 720 2004 eclipses
743 1923 838 1987 Lincii
876 1942 993 1986 rursum
1016 1924 1052 1985 de
1081 1941 1156 1984 novo
1184 1922 1385 1996 examinatae,
1415 1919 1519 2002 quibus
1547 1924 1738 1981 accesserunt

591 2015 682 2076 etiam
705 2013 892 2094 sequentium
921 2032 1064 2076 annorum
1087 2013 1213 2093 eclipses
1236 1995 1556 2074 observatae‘ib‘idem.
1606 2023 1611 2034 ’

977 2207 1160 2218 ,ι--ι-ι-

644 2335 664 2390 Ι.
704 2334 822 2404 Eolipsia
843 2334 954 2398 Lunae,
979 2350 1050 2404 quae
1069 2332 1129 2388 visa
1149 2337 1194 2391 est
1212 2349 1237 2390 a.
1260 2327 1345 2390 1572.
1366 2326 1412 2388 35.
1433 2332 1496 2386 Juu.

480 2431 640 2486 Historia
660 2431 938 2486 observationis.
974 2431 1052 2486 corn.
1075 2431 1235 2486 Gemma-in
1256 2430 1444 2486 Goamooriticu
1466 2432 1500 2484 ud
1529 2428 1737 2500 praecedentem

404 2511 473 2566 diem
500 2506 546 2568 24
568 2517 684 2566 annotat
697 2519 845 2566 *ventorum
865 2517 1058 2581 tempestatem
1077 2527 1205 2582 magnam
1225 2512 1253 2566 in
1273 2511 1381 2582 Belgis.
1624 2506 1633 2517 ¹

479 2591 698 2646 Lauterbachius
720 2592 826 2646 Grastii
855 2591 965 2661 Styriae
986 2593 1013 2645 in
1033 2589 1241 2662 prameridum
1270 2589 1339 2644 libro
1361 2593 1395 2645 sd
1415 2591 1484 2644 diem
1508 2590 1597 2662 ipsum
1625 2585 1673 2646 25.
1694 2591 1738 2644 ad·

403 2670 512 2741 scripsit
531 2687 660 2742 magnam
680 2679 880 2740 tempestatem,
903 2674 938 2726 ud
959 2667 1004 2728 26.
1025 2672 1153 2742 pluviam.
1194 2673 1251 2726 Neo
1270 2672 1368 2740 Tycha,
1383 2671 1506 2725 Braheus
1527 2671 1581 2724 hac
1600 2687 1668 2737 usus
1689 2677 1738 2733 eat,

403 2752 497 2822 utique
518 2751 583 2820 quia
603 2751 686 2804 etism
705 2751 732 2804 in
754 2752 839 2824 ipsius
861 2752 920 2806 loco
941 2754 1046 2806 coelum
1064 2754 1187 2808 nubilum
1202 2753 1299 2806 iuerat.
1318 2745 1444 2831 Suuefi)
1465 2759 1494 2804 at
1517 2741 1539 2809 ὅ
1558 2752 1739 2822 retrogradus

398 2831 591 2904 jungebantur
604 2831 659 2884 illis
673 2832 768 2886 diebus
783 2834 811 2886 iu
829 2823 864 2895 U
877 2827 911 2890 d·
946 2834 1041 2904 ltaque
1057 2833 1136 2886 valde
1150 2833 1295 2917 verisimile
1317 2839 1368 2895 est,
1389 2831 1461 2886 hano
1481 2830 1595 2901 eclipsin
1615 2831 1741 2902 nuspiam

321 2924 324 2932 '
403 2929 463 2966 esse
485 2913 667 2967 observatam.

468 2992 643 3048 ·Maestlinus
665 2999 756 3046 tumen
777 2991 804 3045 iu
818 2986 1157 3063 Epitomaedstronomiise,
1177 2992 1225 3045 ubi
1245 2991 1345 3055 delinit,
1363 3007 1502 3062 quaenam
1515 2987 1633 3059 eclipses
1657 3007 1740 3062 usque

404 3075 445 3132 ad·
463 3072 597 3125 dimidiam
617 3072 776 3126 diametrum
797 3074 937 3138 deficiant,
968 3075 1054 3138 addit,
1086 3072 1240 3142 hujusmodi
1260 3066 1344 3126 fuisse
1364 3071 1479 3141 eclipsin
1500 3088 1518 3125 a
1538 3065 1585 3126 72.
1608 3063 1655 3126 25.
1676 3071 1739 3125 Jun.

402 3153 460 3209 Nec
480 3159 579 3215 tamen,
603 3153 685 3216 addit,
708 3168 726 3205 a
745 3170 775 3205 se
796 3154 969 3208 observatam
991 3171 1059 3208 esse.
1101 3159 1141 3222 (in
1159 3173 1250 3224 marg:
1279 3159 1385 3209 Tantam
1403 3159 1553 3222 computavit
1573 3162 1600 3208 at
1617 3157 1700 3222 pinxit
1716 3159 1740 3206 iu

403 3231 462 3281 libro
481 3245 551 3280 macr.
573 3229 641 3285 Oba,
654 3245 689 3287 er
708 3230 769 3280 Tab.
789 3230 905 3294 Aipbons.
926 3239 950 3282 at
967 3232 1034 3282 Prut.
1054 3231 1126 3296 paulo
1150 3231 1276 3280 minonem.
1314 3231 1406 3289 Addit,
1435 3243 1490 3280 sam
1508 3229 1639 3295 'l'ubingaa
1664 3229 1740 3279 videri

403 3317 451 3352 non
469 3303 587 3365 potuisse,
606 3309 657 3350 tuto
676 3303 741 3350 enim
758 3301 798 3351 iiio
818 3303 857 3352 dis
870 3308 952 3354 atram
969 3305 1072 3353 nubibus
1090 3301 1209 3377 rapietvn
1228 3301 1311 3358 fuisse,
1329 3303 1444 3352 imbribus
1463 3301 1570 3358 trohtin
1589 3307 1647 3364 post
1658 3301 1683 3350 h.
1700 3297 1739 3348 12

404 3372 447 3435 (m.
467 3372 504 3430 n.)
524 3373 645 3422 discussas
664 3374 748 3428 nubas,
768 3377 850 3423 atram
869 3377 1065 3440 temperatiorem
1083 3370 1178 3432 misas.)

482 3443 698 3515 Lauterbaohius
727 3447 871 3516 adscripsit
899 3441 926 3501 in
956 3449 1024 3501 libro
1045 3447 1159 3516 Ephem.
1183 3445 1342 3515 principium
1362 3448 1387 3500 d.
1410 3439 1454 3500 25.
1469 3445 1531 3498 Jun.
1553 3443 1580 3499 b.
1604 3438 1662 3508 10..
1686 3461 1740 3499 me·
1768 3483 1772 3492 ·

405 3525 477 3580 dium
502 3526 529 3582 b.
553 3521 596 3582 11.
618 3521 680 3589 25⁰,
711 3527 790 3583 finem
817 3523 913 3582 1.·11.
936 3523 981 3599 50.
1023 3529 1076 3581 Sed
1095 3525 1202 3579 ridetur
1221 3526 1272 3579 boo
1291 3543 1344 3580 non
1365 3543 1401 3579 ex
1422 3524 1612 3579 observatione
1634 3525 1683 3578 sed
1705 3539 1741 3577 ex

405 3597 613 3675 computatione
631 3606 801 3661 desumsisse.
829 3607 938 3662 Statius
960 3613 1055 3667 auctor
1074 3605 1145 3676 Epir.
1166 3606 1245 3675 ponit
1266 3606 1444 3675 Antwerpiae
1458 3604 1562 3658 initium
1576 3605 1603 3661 h.
1622 3601 1666 3660 10.
1682 3599 1739 3660 40‘.

404 3687 468 3742 Diu.
489 3702 553 3740 vero
572 3686 780 3741 meridianorum
801 3687 872 3741 inter
894 3688 1024 3741 Viennam
1046 3693 1075 3740 et
1094 3691 1187 3740 Antw.
1207 3686 1235 3738 in
1255 3685 1329 3739 horis
1349 3683 1377 3741 0.
1400 3681 1451 3748 45;
1473 3697 1548 3740 esset
1567 3684 1662 3755 itaque
1684 3702 1740 3738 me·

406 3767 476 3820 dium
493 3766 613 3820 Vienuaa
633 3767 716 3835 piane
736 3767 765 3821 h.
782 3756 827 3823 11.
843 3761 889 3830 25,
906 3774 942 3820 ut
962 3768 1070 3838 scripsit
1089 3765 1317 3820 Lauterbachius.
1347 3765 1452 3820 Grastii
1473 3765 1543 3818 enim
1563 3771 1593 3818 et
1613 3765 1740 3819 Viennae

405 3847 450 3900 lon
474 3888 480 3901 .
502 3848 693 3916 propemodum
714 3855 758 3900 est
778 3849 881 3914 eadem,
901 3847 1148 3918 Lauterbaohiique
1169 3861 1249 3900 mauu
1270 3846 1399 3915 apposita
1421 3851 1465 3914 est
1485 3844 1539 3898 diff.
1555 3844 1738 3900 interantur.

405 3935 435 3980 et
452 3864 596 3983 {raetiam
617 3925 643 3983 h.
664 3923 691 3988 Ο.
714 3923 770 3982 43’.
811 3932 903 3998 Atque
924 3928 967 3981 hic
988 3928 1056 3981 idem
1076 3928 1106 3981 L.
1129 3925 1276 3997 quantitati
1296 3925 1378 3995 hujus
1399 3927 1540 3995 eclipseos,
1563 3940 1644 3996 quam
1664 3924 1739 3996 Epis.

406 4005 554 4062 Stadiauae
575 4006 739 4060 vestibulum
761 4008 850 4076 prodit
870 4009 925 4080 dig.
947 4007 974 4061 7.
998 4003 1060 4073 14¹,
1082 4006 1225 4078 supposuit
1245 4006 1462 4077 quaternarium,
1491 4004 1569 4076 quusi
1589 4006 1607 4061 4
1628 4012 1741 4060 tantum

406 4086 485 4160 digiti
506 4086 661 4148 defecerint,
686 4104 739 4140 non
760 4083 786 4140 6.
1604 4091 1609 4098 ’

497 4163 610 4228 Sequitur
628 4164 703 4228 igitur
721 4163 828 4214 calculus
844 4163 917 4227 hujus
936 4164 1068 4228 eclipseoar
1086 4164 1189 4228 primum
1202 4179 1230 4214 aa
1243 4163 1271 4213 Τ.
1285 4162 1416 4214 Brahao.
1441 4161 1480 4212 sd
1491 4161 1516 4212 h.
1529 4161 1554 4213 3.
1569 4159 1613 4213 460
1631 4163 1743 4214 madiam

282 4219 291 4232 ’
406 4234 508 4286 Uranib.
528 4233 648 4284 iuvenitur
666 4236 760 4285 madius
779 4230 811 4296 Q
831 4245 909 4284 mutua
928 4238 959 4285 ab
979 4235 1132 4300 aequinoctio
1152 4233 1179 4284 3·
1200 4231 1248 4284 130
1265 4231 1308 4285 430
1327 4232 1387 4284 5300.
1420 4232 1563 4294 (Auomaiia
1580 4231 1614 4296 Q
1635 4230 1669 4283 80
1683 4232 1743 4291 33ος

407 4305 546 4373 prostbapb.
563 4301 663 4354 170470
684 4307 750 4356 iocus
770 4303 802 4367 Q
826 4301 872 4354 130
891 4305 932 4353 240
951 4305 985 4354 300
1005 4306 1057 4364 Θ.)
1076 4298 1102 4370 D
1122 4319 1138 4355 a
1157 4303 1189 4369 Q
1210 4303 1240 4354 30
1260 4303 1299 4355 130
1319 4303 1379 4366 400,
1399 4319 1479 4356 auom
1499 4303 1526 4354 4·
1548 4303 1594 4354 170
1612 4305 1656 4358 52·
1679 4303 1745 4367 5³¹¹,

407 4388 488 4428 motus
500 4378 541 4426 lat.
556 4375 598 4426 24.
613 4375 636 4425 2.
651 4375 675 4426 3.
697 4376 778 4438 Quare
790 4377 880 4443 prosth.
895 4370 920 4441 J
937 4371 966 4425 30
979 4375 1021 4424 240
1035 4375 1086 4426 4500
1100 4379 1161 4426 subt.
1177 4384 1202 4428 st
1213 4378 1279 4428 iocus
1292 4369 1318 4440 )
1331 4379 1357 4427 iu
1369 4377 1449 4427 orbita
1460 4391 1506 4427 sua
1519 4372 1566 4426 130
1579 4374 1622 4428 380
1634 4376 1690 4426 3100
1701 4373 1743 4440 ἦ,

407 4457 436 4498 ut
448 4441 539 4510 rara8
558 4448 677 4498 acaiculo
689 4446 768 4497 10-1
779 4451 799 4496 10
808 4456 926 4498 mutunus
933 4449 1061 4499 inducetur.
1072 4463 1144 4514 quam
1154 4449 1264 4499 maurnai.
1284 4447 1363 4498 Varus
1371 4457 1450 4498 mutua
1460 4449 1503 4498 lat
1514 4448 1541 4496 ὅ*
1558 4443 1607 4498 2θο
1615 4447 1659 4498 270
1678 4447 1744 4505 18ος
1762 4455 1764 4460 ’

408 4521 451 4570 lat.
473 4516 514 4568 430
534 4515 603 4576 330ος
631 4512 763 4584 εειῃίἀ.)
788 4519 825 4566 17·
847 4515 906 4574 3300,
935 4521 1020 4570 umbra
1037 4515 1079 4568 460
1101 4517 1160 4578 1300,
1187 4524 1255 4582 cujus
1279 4521 1382 4570 variatio
1407 4519 1491 4577 nulia,
1518 4514 1597 4581 Qiu
1625 4534 1745 4586 apogaso

410 4596 531 4641 ramenta.
562 4588 662 4639 Summa
680 4591 753 4655 igitur
770 4589 854 4639 tamid.
875 4587 916 4638 330
936 4589 1005 4650 520ος
1025 4591 1110 4642 ablata
1126 4591 1254 4642 latitudine
1272 4599 1368 4642 restant
1386 4588 1427 4639 140
1447 4588 1505 4640 1300.
1535 4589 1607 4642 Haec
1626 4591 1747 4656 scrupula

413 4661 523 4712 deiectus
539 4661 565 4710 in
584 4661 702 4710 diametro
722 4653 748 4725 J)
770 4657 812 4709 ‘db'
834 4657 883 4708 1800
901 4661 996 4710 iaciunt
1018 4663 1067 4728 dig.
1087 4662 1112 4712 4.
1132 4659 1185 4712 5100
1209 4662 1282 4727 paulo
1308 4663 1386 4712 minua
1414 4669 1471 4712 anta
1491 4659 1541 4712 1⁰¹.
1578 4661 1611 4712 Et
1628 4665 1692 4728 quia
1711 4657 1745 4723 Q

408 4733 434 4782 iu
455 4727 501 4782 140
519 4737 549 4789 e}
568 4741 680 4782 versante
698 4733 813 4796 temporis
831 4733 945 4796 aequatio
963 4733 1068 4784 Lunaria
1086 4748 1115 4783 ax
1132 4733 1261 4800 Progymn.
1280 4740 1318 4784 ast
1335 4731 1360 4780 40
1379 4729 1441 4791 4200,
1461 4732 1575 4783 addenda
1600 4735 1747 4798 apparenti,

410 4817 485 4868 quara
502 4801 550 4852 hac
569 4804 694 4853 subtracta
712 4817 728 4852 a
746 4813 852 4867 tempore
871 4802 949 4852 medio
967 4801 1095 4865 113460,
1114 4805 1193 4867 prodit
1210 4813 1305 4869 tompus
1323 4817 1407 4868 appar.
1425 4802 1525 4854 Urauib.
1543 4803 1568 4853 b.
1582 4802 1607 4854 3.
1620 4803 1667 4854 410
1683 4803 1747 4855 1800.

410 4873 467 4923 Jam
494 4872 594 4923 tabulas
622 4888 705 4940 geogr.
732 4875 792 4924 dant
818 4873 869 4923 diff.
897 4874 980 4923 marid.
1001 4889 1021 4924 c.
1041 4889 1062 4923 o.
1084 4871 1125 4924 33.
1161 4874 1270 4927 Medium
1296 4876 1370 4941 igitur
1391 4874 1438 4925 hoc
1456 4889 1486 4926 ex
1503 4875 1599 4926 calamo
1617 4875 1749 4940 Tycbonia

411 4944 576 4994 caussatur.
595 4947 829 5008 percontationem
850 4945 1006 5010 oppositionis
1023 4941 1047 4994 ia
1066 4941 1091 4995 d.
1111 4943 1162 4993 530.
