3666 5532
732 238 894 304 massana.
1168 335 1171 342 .
1415 237 1479 308 547
1518 183 1521 190 .

145 415 245 496 itaque
277 413 396 498 quoties
426 418 615 482 horariorum
651 419 792 480 tractatio
827 418 859 480 in
890 417 1005 499 copulis
1041 417 1077 480 de
1114 418 1220 509 majori
1248 415 1480 500 eccentricitate,

147 523 234 585 quam
271 513 320 566 est
348 501 465 581 6520,
455 507 583 569 ιιιιιιί
610 507 782 583 videbatur,
801 500 909 569 toties
941 505 1032 568 animi
1062 507 1184 582 dubius·
1220 507 1348 572 horariis
1374 471 1480 572 asslu-
1496 563 1505 582 ,

145 593 219 655 tirer
242 611 280 654 an
304 593 468 669 diametris,
493 596 589 675 abJ’eci
611 604 708 658 totum
731 597 881 674 negotium
904 589 1062 678 desperato
1087 592 1246 676 explicatu.
1293 597 1338 660 At
1359 618 1480 661 nonme
1524 647 1526 655 r

145 682 278 745 deseruit
299 681 425 765 physica
447 685 669 766 contemplatio,
693 683 854 748 fidissimus
869 685 940 747 mihi
959 705 1058 750 comes
1075 705 1128 766 per
1144 695 1238 750 totam
1255 689 1479 764 astronomiam,

144 771 203 832 imo
227 771 286 832 dux
309 772 531 876 sagacissimus.
576 773 683 836 Erec
707 775 784 836 enim
806 776 926 837 taudem
946 773 1050 855 patuit,
1074 795 1132 836 non
1157 792 1231 854 opus
1247 795 1323 850 esse
1348 783 1381 838 ut
1395 795 1479 840 nuen-

145 869 230 922 strua
250 867 377 942 ponatur
400 861 506 924 mutat
499 881 525 922 ιο
549 861 792 937 eccentricitatis,
818 865 970 937 sufficere,
995 870 1029 924 ut
1052 863 1092 924 sit
1115 883 1229 926 annua.
1255 863 1312 926 imo
1338 884 1374 925 ne
1398 873 1479 929 stare

145 950 262 1032 quidem
284 952 417 1014 rationes
440 953 589 1035 physicas,
603 954 671 1016 nisi
695 953 735 1014 sit
758 973 864 1015 annua
917 953 1077 1015 Etenim
1069 973 1099 1016 rn
1130 972 1217 1032 opere
1242 955 1277 1016 de
1301 950 1400 1025 Marte
1425 957 1480 1018 de-

144 1047 340 1102 monstratum
364 1045 424 1116 est,
457 1030 713 1104 eccentricitatem
736 1041 876 1104 circuitus
898 1042 1039 1123 planetae
1064 1043 1194 1104 existere
1218 1064 1236 1104 a
1258 1044 1289 1104 vi
1312 1045 1481 1122 magnetica

144 1127 226 1208 globi
248 1128 422 1208 planetarii,
455 1149 530 1214 qnae
559 1131 646 1193 lineis
669 1129 761 1235 rectis
784 1138 849 1193 toto
852 1149 996 1236 corpore
1019 1131 1100 1238 globi
1123 1133 1285 1236 porrigitur
1307 1142 1480 1197 constanter
1500 1161 1503 1168 ·

144 1308 260 1369 tra'ctus
276 1306 434 1389 magnetici
444 1307 582 1390 opposita
596 1320 706 1389 puncta
714 1309 778 1372 Soli
791 1307 992 1383 obvertuntur,
1014 1329 1089 1390 quae
1107 1319 1138 1372 ut
1158 1311 1297 1390 opposita
1311 1311 1480 1391 oppositam

146 1396 239 1458 etiarn
261 1395 321 1460 vim
343 1395 487 1462 obtinent.
532 1399 609 1462 Nam
634 1399 686 1460 illo
710 1406 852 1474 extremo,
876 1397 953 1480 quud
969 1397 998 1459 in
1013 1399 1227 1478 longitudinem
1248 1401 1374 1462 mediam
1396 1401 1479 1485 prio-

144 1505 206 1548 rem
228 1486 336 1568 vergit‚
360 1487 473 1549 iaciunt
495 1487 616 1567 globum
638 1504 723 1550 suum
747 1489 848 1568 lugere
872 1509 890 1549 a
913 1488 984 1550 Sola
1007 1507 1061 1567 per
1081 1489 1290 1552 ascendentem
1306 1491 1478 1552 semicircu-

144 1576 217 1650 lum,
251 1575 344 1639 donec
375 1577 552 1639 transmisso
572 1577 645 1656 J'ugc
675 1578 772 1640 altera
795 1577 970 1638 extremitas
993 1575 1021 1638 in
1045 1579 1240 1657 posteriorem
1263 1579 1478 1658 longitudinem
1570 1572 1579 1590 ’

143 1664 268 1728 mediam
297 1665 424 1728 obversa
450 1685 504 1748 per
532 1665 760 1728 descendentem
784 1665 998 1728 semicirculum
1021 1667 1187 1746 prolectare
1211 1665 1335 1750 incipiat
1356 1670 1476 1747 globum

143 1773 238 1829 suum,
262 1761 295 1816 ut
316 1755 449 1816 vicissim
473 1756 510 1817 ad
534 1754 635 1817 Solem
660 1753 831 1834 adnaviget.
869 1756 1042 1818 Ascendere
1066 1757 1143 1821 enim
1167 1757 1320 1832 satiator
1341 1757 1476 1839 gyratio-

142 1861 210 1905 nem
232 1843 417 1906 extrinsecus
441 1843 497 1906 sibi
520 1843 634 1906 illatam
659 1845 762 1924 iugera
784 1865 805 1908 a
822 1843 910 1907 Sole:
931 1843 1113 1906 descendero
1137 1851 1192 1920 ast,
1218 1847 1314 1926 raptui
1339 1847 1475 1908 circulari

142 1915 328 1996 extrinsecus
357 1933 415 1996 sibi
444 1932 531 1996 illato
556 1933 683 1996 miscere
707 1953 861 1997 accessum
884 1952 969 1997 suum
977 1930 1029 1994 ad
1046 1933 1148 1998 Solem
1170 1933 1365 2000 intrinsecus
1369 1947 1475 2001 ortum

141 2023 226 2084 Haec
253 2040 290 2083 ex
312 2021 423 2086 Martis
451 2021 617 2088 comment.
646 2023 703 2085 huc
732 2024 942 2088 transferenda
973 2025 1110 2089 fuerunt:
1134 2025 1201 2108 jam
1224 2024 1261 2087 ad
1284 2024 1401 2088 Lunam
1422 2044 1477 2088 ac·
1547 2084 1549 2094 .

142 2110 346 2174 commodabo
1358 2151 1363 2170 .
1497 2131 1500 2140 ¹

230 2201 316 2262 Luna
338 2201 436 2282 itaque
459 2199 539 2260 circa
561 2200 683 2262 Terram
706 2201 849 2262 aTerraa
873 2201 1029 2304 gyratione
1053 2209 1204 2264 menstruo
1224 2203 1405 2275 circumactu
1416 2221 1475 2284 gy

140 2295 211 2352 rata
233 2290 353 2352 easdem
375 2308 441 2351 cum
464 2289 573 2351 ceteris
595 2289 725 2370 planetis
748 2282 935 2352 affectiones
944 2289 989 2350 sui
1013 2291 1145 2370 corporis
1169 2291 1298 2367 obtinet,
1332 2293 1383 2356 sed
1394 2291 1476 2395 qui-

141 2379 198 2442 bus
221 2398 278 2440 non
302 2378 403 2441 Solem
426 2377 625 2457 longinquum,
650 2378 703 2439 scd
725 2377 854 2440 vicinam
877 2379 1040 2453 Tellurem,
1066 2391 1164 2456 aqua
1187 2388 1320 2462 gyratur,
1345 2381 1476 2443 vicissim
1595 2423 1598 2433 ·

140 2467 234 2548 fugit'
242 2477 274 2530 et
295 2467 424 2550 appetit:
450 2487 523 2547 quae
547 2468 637 2529 etiam
660 2466 801 2545 effitiunt,
823 2468 1001 2550 utquamvis
1021 2467 1123 2530 Tellus
1139 2489 1156 2529 a
1172 2467 1243 2532 Sole
1256 2489 1310 2550 per
1325 2469 1475 2532 aetherem
1518 2511 1519 2514 =

140 2557 292 2638 rapiatur,
315 2554 503 2620 nihilominus
526 2557 613 2620 Luna
634 2556 718 2620 illam
741 2556 897 2620 comitetur
920 2575 1037 2638 semper
1058 2557 1088 2618 in
1108 2558 1193 2636 Justa
1213 2558 1367 2642 distantia.
1392 2559 1475 2621 Haec

141 2647 236 2728 igitur
259 2646 353 2708 virtus
376 2647 544 2725 magnetica
567 2646 699 2728 corporis
722 2647 862 2721 Lunaris,
886 2647 1032 2730 quomodo
1057 2658 1196 2709 causetur
1219 2647 1475 2712 eccentricitatem

140 2736 319 2817 aliquama
301 2742 450 2815 aceutro
465 2731 594 2796 Telluris
618 2733 800 2814 simplicem,
833 2734 1022 2800 mediocriter
1050 2745 1136 2816 patet
1157 2736 1189 2798 in
1212 2737 1346 2819 exemplo
1367 2737 1475 2817 plane-

121 2833 236 2887 tarum
261 2832 439 2894 ceterorum,
464 2823 513 2925 qni
535 2845 554 2885 a
576 2831 677 2911 centro
702 2821 783 2886 Solis
805 2824 878 2885 fiunt
865 2823 1073 2886 teccentrici.
1119 2825 1164 2887 At
1195 2827 1341 2905 quomodo
1380 2826 1474 2888 virtus

135 2915 214 2979 haec
236 2913 339 2975 Lunae
362 2911 531 3011 magnetica
554 2894 668 2973 intendi
698 2920 730 2973 et
750 2913 861 2976 remitti
884 2912 997 2993 possit,
1030 2922 1063 2973 ut
1085 2913 1153 2975 aliis
1176 2915 1360 2994 temporibus
1384 2915 1474 2976 aliam

136 3010 277 3066 causetur
308 2985 575 3077 eccentricitatem,
597 3001 629 3062 id
652 3001 857 3063 difficultatem
884 3001 977 3064 habet
964 3001 1142 3080 taliquam‚
1167 3021 1221 3064 nec
1242 3003 1402 3083 profiteor,
1427 3023 1473 3064 ma

134 3101 233 3155 totum
260 3093 338 3154 hunc
366 3111 505 3154 arcanum
532 3097 656 3152 naturae
687 3090 858 3152 thesaurum
891 3098 1076 3190 aperturum:
1114 3090 1170 3151 noir
1199 3092 1330 3152 reticebo
1361 3100 1471 3166 tamen,

136 3181 209 3264 quid
233 3179 398 3264 diutissime
422 3199 567 3263 quaereus
590 3179 762 3254 invenerim,
786 3181 865 3261 quod
887 3177 1015 3240 numeris
1039 3187 1070 3239 et
1093 3178 1352 3242 observationibus
1372 3199 1404 3240 se
1419 3198 1473 3240 ac-

136 3255 330 3336 commodet.
360 3270 505 3333 Nimiruni
529 3269 555 3331 si
572 3262 736 3359 apogaeum
756 3269 858 3332 Lunae
878 3276 1004 3330 estcum
1021 3255 1102 3341 Sole,
1122 3268 1169 3328 vel
1188 3268 1369 3350 pangaeum,
1388 3269 1474 3330 Luna

135 3361 301 3422 virtuosam
332 3359 440 3422 lineam
464 3378 552 3420 eccen
555 3344 696 3421 tricitalis
719 3354 897 3420 erectricem
916 3365 977 3419 tum
999 3357 1147 3418 demum'
1139 3377 1169 3418 ru
1193 3357 1315 3421 Terram
1338 3357 1473 3437 porrigit,

137 3467 206 3512 cum
230 3456 278 3512 est
298 3448 328 3509 in
353 3449 498 3530 quadrato
522 3448 613 3512 Solis.
657 3449 703 3511 At
724 3448 840 3510 Luna
833 3467 860 3508 ιιι
886 3447 1030 3550 quadrato
1054 3445 1135 3511 Solis
1155 3465 1283 3508 versans
1299 3447 1474 3510 diametrum

136 3537 271 3622 aliquam
284 3537 396 3600 circuli
419 3532 642 3625 illuminationis
666 3535 712 3599 sui
735 3537 866 3618 corporis
890 3537 1001 3598 etiarn·
1003 3535 1034 3597 in
1059 3530 1199 3597 Terram
1204 3536 1341 3623 porrigit,
1366 3545 1397 3598 ιι
1420 3536 1473 3612 sic,

136 3647 196 3711 quo
225 3635 357 3718 tempoJe
381 3627 435 3691 Sol
466 3626 559 3689 babet
586 3644 751 3707 apogaeum
778 3612 834 3687 vel'
856 3625 1028 3726 perigaeum
1056 3617 1166 3690 Lunae',
1186 3625 1300 3702 locum,
1332 3633 1398 3688 toto
1420 3625 1474 3688 illo

138 3735 242 3781 meuse
277 3736 347 3809 pars
377 3716 545 3778 illuminata
567 3717 670 3780 Lunae
701 3723 826 3798 aparte
850 3715 975 3778 obscura
991 3708 1141 3775 dividitur
1164 3675 1323 3780 secunduin
1347 3722 1475 3778 tractum

136 3783 355 3870 filamentorurir
376 3806 639 3900 'magneticornm
671 3805 714 3867 sic
749 3812 784 3867 ut
814 3804 909 3867 virtus
936 3803 1105 3882 magnetica
1134 3811 1165 3864 et
1195 3803 1272 3867 lucis
1304 3805 1474 3867 terminatio

137 3893 305 3980 parallelae
342 3885 413 3957 sirit
482 3893 596 3958 Contra
636 3895 662 3957 si
698 3893 751 3959 Sol
788 3893 923 3956 obtineat
963 3891 1078 3953 medias
1114 3889 1217 3955 Lunae
1261 3893 1472 3972 longitudines,

139 3984 268 4048 circulus
303 3983 527 4048 illuminationis
565 3986 669 4048 Lunae
702 3991 786 4046 secat
819 4001 921 4045 ornnes
958 3981 1054 4043 lineas
1089 3981 1239 4045 virtuosas
1280 3983 1319 4044 ad
1348 3981 1473 4086 angulus

139 4082 248 4138 rectos.
293 4073 339 4137 At
365 4080 514 4137 testantur
544 4073 786 4161 observationes,
829 4071 854 4134 si
885 4071 939 4135 Sol
966 4069 1082 4133 obtinet
1113 4089 1277 4152 apogaeum
1308 4072 1357 4134 vel
1391 4071 1474 4152 peri-

139 4182 247 4246 gaeum
267 4161 385 4238 Lunae,
417 4171 487 4226 tunc
522 4163 586 4226 lieri
614 4165 807 4245 aequatioues
830 4161 991 4235 maximas,
1030 4162 1207 4241 quadrarum
1230 4161 1365 4224 scilicet:
1395 4161 1475 4242 quod

141 4253 300 4316 secundum
322 4253 382 4316 ista
402 4251 549 4334 principia
571 4253 744 4316 tantundem
768 4259 816 4315 est
838 4269 872 4312 ac
896 4249 921 4311 si
945 4248 1054 4326 dicam,
1082 4250 1229 4313 Lunam'
1221 4269 1250 4312 rn
1267 4249 1388 4331 quadris
1403 4269 1473 4311 ver-

142 4349 256 4406 santem
281 4342 385 4405 lortius
408 4337 530 4405 Terram
553 4350 709 4446 appetere
738 4351 768 4404 ιι
790 4339 922 4403 vicissim
946 4338 1079 4418 fugere
1070 4359 1101 4401 ιιι
1125 4339 1277 4419 opposito,
1314 4345 1347 4401 ut
1374 4339 1452 4400 ita
1445 4359 1473 4400 m

140 4450 275 4516 apogaeo
302 4431 391 4494 altius
418 4432 578 4513 pervadat,
612 4431 641 4493 iu
673 4431 814 4514 perigaeo
840 4427 989 4490 humilius.
1041 4425 1281 4491 Consentaneum
1304 4436 1352 4491 est
1373 4427 1473 4508 igitur,

140 4541 206 4585 com
241 4521 336 4586 virtus
364 4522 466 4585 Lunae
501 4519 669 4602 magnetica
701 4517 830 4582 extentis
861 4523 891 4578 et
919 4515 1010 4580 rectis
1042 4516 1188 4581 lateribus
1211 4515 1349 4596 objicitur
1371 4516 1474 4578 lumini

121 4609 231 4688 'Solia
256 4609 299 4672 sic
322 4617 356 4672 ut
377 4611 504 4675 circulus
527 4629 580 4674 seu
602 4609 746 4672 terminus
768 4607 993 4686 illuminationis
1016 4605 1070 4670 fiat
1091 4605 1193 4667 virtuti
1213 4606 1386 4684 parallelus,
1409 4605 1473 4668 vir-

138 4707 234 4765 tutem
257 4701 335 4763 hanc
356 4699 553 4780 magneticam
574 4718 629 4782 per
651 4698 729 4762 hunc
753 4695 843 4760 situm
866 4697 904 4760 ad
918 4695 1020 4760 Solem
1044 4694 1175 4769 intendi;
1199 4693 1311 4757 nullam
1325 4713 1395 4758 vero
1410 4694 1474 4775 ejus

140 4811 209 4858 esse
232 4789 482 4872 fortificationem,
505 4807 569 4853 cum
591 4789 686 4860 virtue
710 4787 879 4870 magnetica
900 4786 990 4855 rectis
1013 4783 1131 4852 liueis'
1123 4802 1153 4847 m
1179 4781 1280 4846 Solem
1302 4785 1474 4868 porrigitur,

1206 4885 1265 4940 ³5*
