3666 5532
775 327 938 402 missua.
1462 315 1526 392 ets
1604 299 1608 318 '

279 507 498 594 Albateguius,
531 517 649 576 retenta
680 513 849 597 quantitate
877 509 1063 595 aequatiouis
1086 511 1188 594 hujus,
1213 509 1285 575 nihil
1309 507 1399 572 etiam
1422 505 1452 569 in
1476 523 1529 566 ec-

194 599 382 663 centrieitate
406 608 519 664 mutare
541 603 648 682 potuit.

279 686 463 769 Oopernicus
486 691 624 768 exiguum
648 692 760 770 aliquid
781 691 901 754 demsit.
941 691 1019 754 Narn
1043 691 1108 770 ejus
1131 689 1270 772 aequatio
1288 687 1526 764 maximaoopu-

192 777 264 840 laris
293 777 322 840 in
351 778 483 860 syzygiis
513 775 552 842 4⁰
584 776 637 845 56‘
673 779 737 844 20⁴⁴
774 780 906 844 ostendit
937 781 1188 843 ecceutrioitatem
1210 776 1308 843 8610.
1354 778 1455 856 Atque
1479 773 1526 838 hic

192 867 297 930 modus
320 875 368 928 est
390 867 618 948 investigandae
642 869 875 932 eccentricitatis
897 870 1001 934 Lunae
1024 870 1101 931 idem
1125 869 1204 948 apud
1227 887 1338 932 omnes.

278 955 374 1036 Atqui
402 975 460 1018 nou
487 978 577 1021 unum
605 966 666 1034 est,
697 960 774 1038 quod
802 959 831 1021 in
855 958 912 1021 hac
935 959 1051 1021 ratione
1075 958 1252 1022 desiderem.
1299 955 1428 1018 Primum
1452 952 1528 1014 enim

190 1041 287 1114 innixi,
306 1052 375 1107 sunt
396 1045 542 1126 principio
571 1046 772 1112 insufficienti.
819 1048 886 1110 Non
911 1048 989 1110 enim
1010 1048 1106 1110 omnis
1129 1047 1239 1110 variati
1266 1054 1363 1107 motus
1385 1044 1530 1122 inaequa-

192 1135 263 1198 litas
300 1153 337 1195 ex
364 1134 485 1197 fallacia
512 1136 595 1199 visus
619 1137 728 1199 oritur:
769 1137 880 1218 aliquid
903 1137 962 1215 ipsi
986 1137 1076 1200 etiam
1098 1131 1211 1212 Lunae,
1247 1154 1304 1198 nou
1322 1134 1419 1198 minus
1442 1149 1531 1213 quam

191 1223 300 1286 ceteris
335 1242 370 1284 ra
397 1241 470 1285 vera
507 1225 588 1288 inest
617 1226 758 1307 planetis.
819 1224 1074 1296 Quemadmodum
1111 1226 1189 1288 enim
1221 1225 1337 1287 illorum
1369 1230 1467 1284 motus
1500 1225 1532 1280 et

191 1313 363 1374 lentescunt
388 1332 474 1382 vere,
503 1333 610 1378 cuma
635 1314 706 1377 Sole
734 1315 940 1396 digrediuntur
965 1324 997 1376 et
1018 1314 1154 1378 contrahi
1169 1315 1197 1376 in
1213 1319 1370 1393 angustum
1384 1311 1530 1384 videntur,

191 1402 228 1464 ob
256 1401 422 1463 discessum
454 1422 474 1463 a
495 1403 580 1478 visu,
612 1403 700 1486 idque
730 1405 904 1483 aequalibus
930 1405 1144 1485 propemodum
1167 1403 1299 1484 utrisque
1324 1399 1531 1473 decrementis,

172 1509 229 1574 ¹ex
252 1509 310 1572 qno
333 1490 442 1562 evenit,
465 1498 499 1553 ut
522 1493 604 1556 sinus
628 1494 815 1575 aequatiouis
837 1493 985 1555 maximae
1008 1512 1068 1556 uon
1090 1502 1182 1568 totns,
1207 1493 1260 1554 sed
1278 1500 1364 1574 parte
1380 1488 1425 1552 ani
1441 1487 1530 1550 dimi-

194 1579 246 1641 dia
268 1577 409 1642 metiatur
432 1582 697 1656 eccentrioitatem,
721 1602 780 1663 qua
802 1582 839 1644 de
862 1601 894 1644 re
918 1582 987 1644 vide
1009 1582 1193 1662 praeludium
1211 1582 1277 1655 locq
1292 1600 1382 1661 supra
1401 1579 1532 1656 allegato

192 1665 264 1750 Opt
288 1685 317 1746 p.
344 1664 423 1743 030,
453 1670 658 1748 plenissimam
688 1690 759 1734 vero
793 1671 1077 1734 demonstrationem
1110 1671 1340 1736 Commentariis
1364 1670 1400 1730 de
1424 1667 1531 1740 Marte,

192 1777 256 1838 cup.
265 1755 355 1820 XVI.
379 1758 430 1819 Ad
440 1760 565 1822 eundem
575 1761 694 1823 modum
705 1761 774 1822 etin
786 1761 930 1824 Lunares
941 1761 1040 1836 habet,
1054 1770 1089 1823 ut
1099 1760 1311 1834 semicirculus,
1327 1757 1376 1841 qui
1387 1755 1533 1820 aTellure

191 1845 312 1925 longius
347 1845 453 1919 abest,
486 1867 542 1910 non
573 1857 690 1912 tantum
719 1850 815 1912 minor
847 1850 924 1912 visui
954 1849 1091 1912 videatur
1114 1852 1152 1912 ob
1174 1850 1368 1912 remotionem
1390 1846 1532 1926 majorem

196 1935 313 2009 anisa,
338 1935 392 1996 sed
415 1937 505 1998 stiam
527 1937 639 2001 lentius
662 1949 694 2000 et
720 1939 847 2019 longiori
871 1947 1006 2020 tempore
1036 1940 1175 2001 asidere
1206 1940 1389 2002 decurratur.
1445 1932 1530 2006 Quae

195 2024 270 2087 duae
301 2041 411 2087 causae
435 2028 620 2106 compositae
648 2046 713 2089 cum
741 2027 898 2091 conficiant
926 2029 1135 2110 aequationem
1162 2028 1320 2091 maximam
1350 2025 1531 2106 copularem,

196 2118 228 2173 ut
250 2129 340 2194 supra
362 2113 483 2190 dietum,
508 2113 555 2184 5⁰.
579 2117 730 2200 quaelibet
752 2117 842 2196 igitur
864 2135 921 2198 per
943 2136 976 2178 se
1000 2117 1172 2182 causabitur
1195 2117 1347 2180 dimidium
1368 2107 1452 2197 2¹b⁸
1473 2113 1534 2173 cir-

195 2200 288 2263 citer:
314 2209 345 2262 et
367 2201 411 2264 sio
434 2205 651 2267 eccentricitati
675 2205 756 2268 orbis
778 2207 883 2267 Lunae
912 2206 1093 2290 (epinyclum
1121 2207 1199 2270 enim
1221 2213 1354 2268 veterum
1379 2211 1534 2266 auctorum

196 2309 251 2370 ego
282 2289 313 2351 in
340 2292 538 2355 eccentrioum
567 2302 730 2369 commuto,
768 2303 802 2356 nt
825 2295 964 2356 similium
991 2315 1090 2358 rernm
1122 2296 1235 2358 similes
1263 2295 1353 2356 etiam
1377 2293 1438 2355 sint
1460 2307 1533 2352 con-

196 2381 315 2466 ceptus)
338 2379 514 2461 relinquitur
529 2401 587 2446 nou
609 2384 677 2464 plus
700 2403 788 2466 quam
811 2379 907 2459 4365,
932 2383 1085 2446 dimidium
1108 2403 1150 2447 sc.
1176 2386 1212 2447 de
1228 2383 1431 2447 Ptolemaios:
1456 2377 1533 2463 quod

195 2467 346 2532 minimum
361 2468 449 2531 abest
466 2471 504 2533 ab
527 2491 578 2547 eo,
602 2472 680 2553 quod
703 2492 741 2534 ex
763 2472 976 2553 apparentibus
999 2472 1154 2536 diametris
1177 2493 1269 2554 supra
1291 2474 1470 2534 inveneram.

283 2555 319 2619 Si
332 2557 399 2638 quis
421 2577 460 2620 ex
482 2579 529 2622 ms
552 2569 687 2643 quaerat,
709 2561 758 2643 qui
775 2561 908 2643 probem,
931 2561 1010 2624 idem
1033 2563 1152 2626 evenire
1167 2563 1280 2635 Lunae,
1305 2561 1383 2643 qnod
1405 2556 1534 2640 planetis

197 2647 322 2721 ceteris,
345 2653 533 2730 metuatque,
565 2669 603 2712 ne
634 2651 704 2732 quid
735 2650 1003 2714 indemonstratum
1026 2651 1141 2732 irrepat
1161 2652 1240 2714 inter
1263 2651 1364 2714 initia:
1387 2649 1456 2712 huic
1480 2663 1534 2724 ego

195 2736 224 2800 si
253 2735 423 2816 analogiam
454 2738 582 2819 allegem
610 2739 796 2820 planetarum
830 2740 958 2802 omnium
990 2739 1143 2821 ipsiusque
1179 2739 1254 2803 adso
1291 2738 1373 2802 Solis
1409 2737 1534 2812 (Terrae

199 2823 381 2906 Copernico)
408 2843 573 2909 causasque
604 2828 763 2909 physicas,
799 2827 906 2910 quibus
936 2829 1078 2908 planetae
1110 2829 1233 2912 ipsaque
1257 2829 1343 2892 Luna
1366 2827 1482 2889 cientur
1504 2824 1535 2888 iu

197 2933 293 2976 vacuo
316 2913 439 2977 aethere
462 2917 552 2978 nullis
571 2917 698 2978 revincti
715 2916 844 2990 orbibus,
868 2936 991 2997 quarum
1013 2917 1165 2996 ingenium
1186 2919 1242 2980 hoo
1257 2924 1314 2992 ast,
1338 2925 1372 2978 ut
1391 2932 1536 2977 concessa

196 3001 366 3066 uariatione
387 3003 540 3067 intervalli
570 3006 665 3087 (quod
692 3005 723 3066 in
746 3005 834 3068 Luna
860 3013 942 3067 carto
973 3007 1072 3085 arguit
1093 3007 1246 3069 mutabilis
1269 3005 1445 3086 apparentia
1467 3003 1535 3064 dia-

197 3091 300 3168 metri)
324 3093 494 3164 necassario
516 3101 548 3155 et
568 3094 694 3176 physica
715 3101 813 3156 motus
836 3092 961 3156 intentio
985 3100 1017 3156 et
1037 3094 1175 3158 remissio
1199 3103 1357 3176 sequatur:
1388 3093 1464 3155 haee
1485 3091 1535 3153 lu·

197 3183 287 3265 quam
309 3180 336 3244 si
359 3181 497 3262 allegem,
526 3183 696 3264 repudiabit
716 3183 788 3246 talis
812 3182 920 3262 aliquis
941 3190 976 3244 ut
996 3183 1124 3264 physica
1146 3203 1181 3246 ac
1198 3184 1322 3264 proinde
1338 3189 1482 3244 extranea
1497 3179 1536 3242 ab

198 3269 402 3334 asmonomia:
425 3271 550 3351 perinde
573 3291 609 3334 ao
632 3272 659 3334 si
682 3271 863 3334 contrarium
884 3272 953 3334 huic
976 3271 1095 3335 axioma
1118 3273 1155 3334 de
1178 3281 1309 3334 motuum
1323 3268 1536 3352 aequabilitate

197 3379 258 3424 non
289 3359 331 3420 sit
365 3378 458 3441 aeque
485 3361 660 3444 physicum,
692 3361 771 3443 qnod
799 3369 900 3424 tamen
928 3367 1073 3443 usurpant
1095 3369 1211 3423 veteres
1234 3361 1313 3422 inter
1336 3357 1535 3421 astronomiae

197 3447 352 3531 principia
399 3447 499 3519 Quare
523 3458 557 3514 ut
578 3451 661 3513 litem
679 3450 920 3530 intempestivam
944 3451 1096 3526 differam,
1133 3452 1253 3513 remitto
1280 3457 1478 3530 opponentem
1505 3447 1535 3510 in

199 3539 365 3604 Comment
396 3538 521 3615 Martis,
553 3540 604 3604 ubi
635 3540 672 3602 de
701 3541 789 3602 Luna
815 3539 965 3619 peculiare
988 3548 1078 3623 eaput
1099 3539 1171 3602 Nro.
1195 3538 1364 3604 XXXVII.
1396 3536 1536 3602 inveniet

198 3631 236 3694 Iu
257 3627 431 3708 praesentia
453 3629 529 3692 satis
552 3636 611 3702 est,
635 3628 727 3691 eoiise
750 3628 837 3691 nobis
860 3628 922 3691 dno.
940 3635 1180 3710 argumentorum
1203 3645 1314 3708 genera
1337 3628 1366 3689 in
1389 3623 1537 3689 accentui-

198 3717 324 3782 oitatem
345 3719 558 3797 propemodum
580 3719 715 3793 eandem,
739 3736 863 3799 quornm
883 3719 932 3780 vel
947 3719 1114 3782 solitarium
1130 3717 1306 3782 alterutrum
1321 3717 1474 3798 probando
1489 3715 1538 3778 in-

197 3805 305 3872 stituto
328 3804 448 3870 sufficit.

287 3893 445 3970 Braneus,
481 3895 618 3974 adjutore
647 3894 822 3960 Christiano
849 3892 988 3956 Severini
1016 3895 1295 3974 (Longomontsuo)
1325 3913 1390 3956 eum
1413 3891 1539 3966 videret,

199 4003 312 4050 causas
335 3984 546 4066 aequationem
569 4003 607 4048 ax
628 3984 751 4048 dimidio
775 4002 842 4048 esse
865 3983 1016 4065 physicas,
1039 3983 1127 4064 idque
1150 3983 1223 4046 mihi
1238 3984 1267 4045 in
1284 3981 1354 4046 Sole
1370 3981 1537 4056 succedere,

200 4071 371 4138 introduxit
393 4073 483 4136 etiam
512 4072 543 4136 iu
566 4073 682 4138 Lanam
704 4073 802 4136 simile
824 4072 903 4155 qnid,
927 4089 1009 4134 mora
1031 4079 1227 4148 tamensim,
1259 4080 1293 4134 ut
1314 4073 1363 4152 qui
1386 4087 1452 4133 curn
1475 4067 1538 4134 Co-

199 4162 323 4245 pernieo
337 4161 582 4242 inaequalitatem
598 4171 696 4226 motus
706 4181 841 4243 perosus,
866 4167 1032 4242 aequantes
1040 4159 1239 4226 Putsmaiess
1261 4180 1315 4221 seu
1331 4179 1413 4222 meas
1431 4176 1539 4222 causas

199 4251 342 4335 physicas
364 4257 501 4333 speraret
523 4251 637 4314 duobus
661 4249 813 4333 epicyuliis
829 4249 953 4330 exprimi
968 4254 1000 4310 et
1011 4249 1232 4328 repraesentari
1247 4269 1300 4311 sen
1314 4249 1425 4312 salvari
1438 4265 1538 4329 posse.

198 4342 311 4421 Igitur,
335 4339 557 4402 eccentricitate
585 4340 784 4415 Ptolemaios,
816 4336 904 4404 8700
925 4337 1053 4400 rotundo
1066 4357 1197 4414 numero,
1221 4357 1258 4402 ex
1280 4338 1347 4400 sinu
1361 4338 1389 4400 in
1408 4345 1538 4416 tangen-

201 4439 265 4492 tem
287 4448 431 4492 conversa
446 4427 553 4510 rqlicta
567 4430 753 4508 quantitate,
777 4447 830 4509 pro
849 4427 1025 4507 aequatione
1048 4422 1087 4491 5⁰
1111 4427 1140 4491 1¹
1163 4427 1306 4489 assumsit
1330 4423 1369 4499 4⁰
1391 4423 1445 4490 58¹
1463 4423 1539 4500 tot,

202 4526 347 4601 quantum
370 4516 506 4593 wionis
527 4535 666 4579 numerus
688 4515 776 4581 8700
795 4515 951 4578 estabula
963 4523 1147 4596 tangentum.
1177 4517 1281 4598 quue
1294 4521 1377 4578 secto
1391 4515 1539 4594 inpastus

200 4617 276 4680 tres,
299 4606 377 4687 quod
398 4598 486 4670 8700
508 4605 539 4668 in
561 4606 621 4670 tria
643 4606 733 4668 facile
755 4605 947 4682 divideretur,
971 4612 1003 4666 et
1024 4605 1209 4670 cicallorum
1229 4604 1317 4668 alteri
1339 4603 1419 4666 datis
1442 4600 1538 4678 0800,

201 4696 318 4778 relique
343 4691 438 4770 2000,
462 4695 562 4758 effecit
583 4701 617 4756 ut
633 4694 721 4758 Luna
742 4694 771 4756 in
795 4709 929 4775 apogaeu
951 4691 1003 4756 vd
1021 4693 1161 4781 prigaeo
1176 4703 1317 4755 versante
1332 4693 1539 4756 eocentricitas
1591 4713 1596 4721 ’

205 4793 292 4848 esset
314 4801 373 4846 non
394 4783 491 4864 maJ'or
514 4803 601 4866 quam
624 4780 727 4861 2900;
752 4785 830 4864 quod
853 4785 944 4848 etiam
966 4783 995 4844 in
1009 4782 1214 4864 paraliaxibus
1227 4781 1391 4845 tractandis
1410 4781 1468 4845 sibi
1483 4799 1539 4862 op-

203 4883 364 4960 portunum
399 4889 466 4935 esse
498 4874 647 4939 credebat.
700 4873 782 4972 yida
809 4873 846 4939 de
875 4872 931 4937 hoe
961 4878 992 4936 et
1020 4877 1137 4958 partem
1158 4872 1286 4963 primam
1309 4871 1476 4942 comment.
1501 4872 1538 4944 ds
