3606 5562
345 304 409 374 731
834 313 944 434 apocr.
961 314 992 366 a
1010 313 1074 368 aa·
1091 314 1195 381 sesqua

344 488 389 552 lbi
411 495 444 552 et
465 489 635 553 methodum
658 465 754 556 rheam
776 491 910 566 videbis,
942 479 1107 576 quomodo
1116 494 1192 556 citra
1221 510 1308 554 omne
1330 490 1493 573 periculum
1517 489 1697 571 parallaxes

343 596 528 656 removeam,
557 585 646 660 atquo
668 580 738 642 inde
760 600 798 644 ex
820 581 965 664 principio
989 591 1021 645 et
1042 583 1101 646 line
1123 601 1177 663 per
1199 571 1319 656 diversa
1341 581 1409 644 loca
1432 578 1607 642 observatis
1634 579 1697 640 dil-

344 668 499 730 ferentiam
532 669 747 748 longitudinum
781 671 907 733 eliciam.
958 673 1023 736 Hoc
1050 673 1140 734 modo
1172 691 1237 733 cum
1270 679 1302 733 et
1330 687 1471 750 maguam
1500 669 1587 732 illam
1610 667 1696 731 Solis

344 756 470 837 eclipsin
489 757 636 838 superiori
650 759 775 823 Octobri
794 760 1010 838 observassem,
1036 771 1068 824 ot
1085 759 1219 822 dimissis
1241 760 1355 822 chartis
1378 759 1455 820 meis
1477 759 1623 840 (quarum
1647 757 1695 818 hic

343 847 437 908 habes
466 847 649 927 exemplum)
680 867 717 910 ox
744 849 881 912 Londino
903 851 1036 931 Angliao
1064 869 1242 932 responsum
1270 848 1357 929 quale
1385 847 1465 909 volui
1492 846 1694 927 accepissem,

343 935 433 997 didici
456 935 518 998 diff.
543 937 623 1016 long.
647 937 726 999 inter
752 934 930 1002 1119112ο
952 941 1029 1002 citra
1052 959 1138 1002 omne
1162 939 1259 1020 majus
1282 937 1403 1000 dubium
1426 935 1596 999 certissime
1620 954 1694 997 rer-

343 1023 416 1100 sari,
439 1043 527 1106 qnam
550 1025 673 1088 chartae
700 1021 1006 1092 160-190faciunr.
1056 1029 1178 1092 Utinam
1201 1037 1265 1090 toto
1287 1027 1340 1089 illo
1363 1025 1517 1101 districtu,
1541 1043 1600 1108 qno
1625 1025 1694 1086 visa

343 1123 401 1187 est,
425 1112 454 1176 in
477 1113 555 1176 bunc
577 1115 694 1178 modum
717 1115 826 1179 fuisset
847 1117 1027 1192 observata3
1051 1138 1111 1180 una
1129 1118 1208 1178 enim
1230 1115 1353 1197 eclipsis
1374 1115 1432 1176 tibi
1453 1113 1692 1176 cumulatissime

343 1201 553 1268 satisfecisset
589 1205 694 1266 Finem
717 1206 747 1266 in
769 1207 883 1285 Anglia
907 1208 1104 1269 observarunt
1124 1206 1154 1269 h.
1171 1203 1282 1280 2..2l‘,
1307 1223 1362 1284 ego
1384 1204 1501 1283 Pragse
1525 1203 1555 1266 h.
1573 1199 1604 1266 3.
1626 1199 1691 1275 28‘,

344 1291 406 1353 dili.
430 1291 460 1354 1ι.
482 1292 509 1355 1.
527 1291 556 1354 7’
580 1293 633 1356 dat
656 1313 727 1356 sane
754 1289 834 1378 167,
843 1291 864 1368 ⁰,
889 1296 988 1358 sinon
1012 1295 1235 1358 consideremus
1257 1293 1437 1375 parallaxin.
1475 1293 1520 1354 At
1542 1291 1614 1374 quia
1638 1311 1693 1372 per

341 1379 512 1461 parallaxin
534 1383 621 1444 Luna
643 1382 716 1444 mihi
738 1384 953 1447 occidentalior
976 1393 1024 1448 est
1047 1386 1129 1448 lacta
1151 1403 1239 1464 qnam
1261 1383 1379 1463 Angla,
1404 1381 1501 1444 serius
1524 1379 1695 1444 deseruerit

330 1467 456 1540 ·Solcm‚
476 1472 521 1532 ita
536 1472 621 1532 vides
637 1472 779 1534 minorem
795 1473 859 1535 lieri
878 1474 1078 1543 differentiam
1097 1473 1326 1536 meridianorum
1346 1489 1435 1553 quam
1452 1467 1491 1535 16
1499 1463 1534 1553 Ἰ.
1542 1469 1565 1532 ⁰.
1601 1468 1693 1542 Quod

343 1566 442 1620 autem
466 1561 503 1621 de
529 1555 565 1624 1⁰
588 1561 689 1623 dubito
713 1579 806 1623 causa
830 1573 886 1638 est,
910 1563 980 1644 qnia
1001 1562 1120 1642 Anplus
1142 1561 1397 1644 principium'uon
1415 1559 1599 1634 observavit,
1626 1579 1691 1620 me-

342 1647 423 1710 dium
446 1667 526 1725 vero,
551 1651 628 1731 quod
652 1651 704 1712 ille
726 1651 859 1731 prodidit
880 1671 917 1713 en
941 1651 1132 1716 inclinatione
1155 1650 1246 1712 ducto
1262 1656 1453 1730 argumento,
1478 1648 1577 1710 aline
1602 1647 1691 1710 aliter

342 1736 439 1812 abest,
463 1749 549 1820 quam
574 1739 651 1819 apud
675 1758 721 1800 me
745 1741 801 1802 luit
825 1741 974 1822 separatis
992 1742 1130 1823 utrinque
1146 1737 1362 1820 parallaxibus.
1396 1738 1442 1799 De
1460 1737 1569 1818 majori
1589 1747 1693 1799 autom

254 1855 257 1864 ,
340 1843 428 1907 quam
452 1827 488 1888 de
515 1822 550 1890 1⁰
573 1827 721 1891 dubitatio
745 1829 833 1909 plane
857 1831 940 1892 nulla
964 1841 1010 1891 est
1013 1875 1154 1893 .....

481 1917 662 1980 ..Interim
685 1919 858 1980 commendo
883 1919 949 1982 Tibi
973 1919 1126 1998 negotium
1146 1937 1242 1980 meum
1262 1913 1431 1996 eclipticum
1453 1933 1542 1996 quam
1566 1933 1692 1995 possum

339 1961 580 2084 diligentissime.
626 2005 767 2083 Literas,
798 2009 822 2069 si
852 2009 957 2088 quibus
980 2027 1028 2078 me
1056 2007 1149 2070 fueris
1177 2007 1338 2086 dignatus,
1369 2011 1440 2086 puto
1469 2013 1498 2064 ta
1522 2003 1693 2066 rectissime

338 2102 572 2175 procuraturum,
598 2095 625 2158 si
648 2095 699 2158 via
713 2096 873 2159 Parisinus
896 2097 1030 2160 inclusae
1052 2097 1225 2161 deferantur
1244 2096 1282 2158 sd
1302 2101 1442 2173 agentem
1457 2091 1553 2173 Regis
1570 2090 1694 2156 Gallia-

338 2203 412 2258 rum,
438 2183 487 2264 qui
508 2185 629 2265 Prapae
653 2187 732 2266 apud
756 2186 855 2248 aulam
880 2185 1021 2251 Caesaris
1044 2193 1190 2266 perpetuo
1214 2191 1361 2248 versatur.
1406 2182 1485 2243 Illud
1509 2181 1597 2244 unice
1621 2189 1694 2262 peto

338 2281 372 2336 ut
394 2271 525 2348 discam,
554 2294 592 2335 an
621 2274 651 2336 in
680 2273 829 2356 aliquibus
852 2276 989 2356 partibus
1013 2275 1135 2336 ultimae
1160 2273 1280 2336 Galliae
1304 2271 1426 2352 eclipsis
1448 2269 1556 2332 totalis
1581 2271 1694 2346 luerit3

338 2368 370 2423 et
392 2361 418 2424 si
441 2363 605 2424 accesserit
627 2382 730 2425 verum
752 2365 870 2426 initium
893 2373 925 2426 et
947 2365 1027 2438 linis,
1053 2363 1288 2428 cumulatissime
1311 2361 1384 2424 mihi
1407 2359 1466 2422 erit
1489 2359 1693 2422 satisfactum.

338 2449 399 2512 Sed
416 2451 487 2532 quid
506 2470 561 2530 ego
580 2451 694 2524 multis,
717 2471 784 2514 cum
800 2453 902 2534 capita
920 2452 1123 2534 quaesitorum
1142 2453 1303 2532 diligenter
1321 2449 1432 2514 fuerint
1453 2449 1483 2512 in
1509 2447 1692 2530 „Epistola“

338 2539 498 2613 inculcata,
523 2557 602 2620 quae
622 2557 695 2620 rogo
720 2540 824 2603 sedulo
849 2543 996 2614 excutias,
1022 2547 1052 2602 et
1074 2542 1132 2603 hac
1156 2542 1246 2604 etiam
1271 2541 1299 2603 in
1323 2547 1409 2620 parte
1434 2556 1488 2600 seu
1508 2557 1546 2599 ex
1571 2547 1602 2600 te
1610 2539 1694 2620 ipso

308 2627 488 2690 ·narrando
512 2647 564 2690 sen
589 2646 626 2688 ox
649 2629 718 2690 aliis
742 2631 945 2712 percontando
968 2629 1221 2710 philosophiam
1208 2649 1308 2711 Juves
1343 2625 1548 2692 Celebrabnnt
1570 2627 1603 2689 id
1628 2635 1693 2690 stu-

338 2716 418 2778 dium
448 2716 561 2799 posteri
592 2723 623 2778 et
644 2717 767 2780 Deus'
759 2737 824 2798 ipse
852 2718 1040 2800 approbabit
1088 2719 1178 2782 Vale
1223 2721 1323 2782 Datae
1346 2718 1465 2797 Pragae
1493 2715 1695 2812 Bohemorum

298 2830 300 2838 ·
339 2825 367 2866 a
394 2802 843 2870 immanissimo.

433 2945 541 3000 Michsel
559 2945 781 3014 Goignetus‚
806 2947 887 3015 Belgil
908 2949 1019 3000 ordinum
1043 2951 1234 3003 mathematicus
1258 2944 1387 3012 (11023)
1410 2948 1556 3012 conscripsit
1573 2947 1697 3012 quadam

345 3020 377 3071 de
395 3023 449 3070 arte
467 3019 600 3084 usdpsndi
619 3017 711 3082 (Ante.
728 3017 824 3083 1681);
843 3021 932 3072 ιιιιιιι
951 3028 1086 3074 tractatum
1104 3023 1135 3074 de
1154 3021 1238 3087 eclipsi
1254 3020 1317 3071 Solis
1336 3021 1395 3070 sami
1416 3016 1493 3077 1106,
1512 3019 1697 3084 quoKaplerus

344 3097 424 3142 motus
437 3089 568 3142 Nicolaum
580 3089 703 3143 Seruium
721 3087 746 3153 (e
759 3091 816 3144 Soc.
829 3091 897 3149 lesu.
916 3092 1072 3159 Mogontias)
1091 3093 1160 3150 adiit,
1178 3100 1208 3144 ιιι
1224 3093 1351 3144 certiorem
1370 3105 1397 3142 sc
1414 3091 1510 3142 ιιιιιιι
1527 3091 1558 3142 de
1576 3091 1619 3142 illo
1638 3094 1695 3142 ι1ιι.

344 3164 457 3228 Accepta
473 3164 630 3228 responsione
649 3163 675 3223 („
678 3161 798 3214 Dominus
816 3163 856 3213 ills
870 3157 1008 3230 'Coipnetus
1032 3166 1101 3216 albus
1130 3181 1163 3215 sn
1188 3171 1242 3216 ater
1265 3169 1343 3216 esset.
1366 3163 1458 3212 nesciri
1475 3161 1606 3213 hactenus.
1647 3163 1697 3214 Sed

343 3233 410 3285 hisce
429 3233 524 3292 diebus,
543 3248 598 3284 cum
617 3235 664 3284 iter
680 3234 728 3285 huc
746 3234 849 3286 haberet
867 3233 1015 3286 clarissimus
1034 3244 1059 3286 et
1075 3251 1184 3286 summm
1201 3235 1400 3291 mathematicus
1418 3233 1450 3282 D.
1464 3233 1589 3284 Adrianus
1601 3233 1696 3285 Roma·

344 3321 400 3363 uus.
420 3306 467 3356 duo
485 3305 544 3355 mihi
563 3305 737 3371 significabat.
756 3321 839 3362 unum,
859 3307 935 3356 sirum
954 3309 1045 3358 cassin
1058 3309 1227 3358 astronomicis
1244 3306 1382 3364 Ιιιιιιιιιιιι,
1402 3305 1515 3366 alterurn,
1534 3306 1613 3355 rhum
1632 3321 1696 3368 esse,

344 3391 415 3441 quem
435 3376 484 3428 slic
506 3375 638 3441 siquando
660 3377 784 3442 abripiant
804 3375 893 3438 alis“)
911 3379 994 3429 literas
1016 3379 1084 3430 dedit
1103 3379 1225 3444 chlerns
1238 3378 1357 3442 Goignato
1375 3390 1496 3442 quaereus
1515 3377 1585 3427 saria
1603 3378 1636 3429 dc
1654 3379 1697 3428 ills

343 3449 429 3513 eclipsi
448 3445 511 3498 Solis
529 3448 627 3514 alisque
644 3449 816 3498 uuonomica.

431 3517 584 3570 Scheibelius
602 3519 678 3578 (mni.
698 3533 741 3570 sur
758 3519 838 3570 Maon.
857 3519 1096 3582 Btlohorlreuntniss)
1114 3522 1146 3572 ad
1166 3535 1258 3572 annum
1279 3515 1356 3569 idilb.
1378 3519 1465 3570 librum
1488 3519 1520 3570 de
1537 3519 1614 3571 atella
1632 3535 1698 3572 nors

341 3589 414 3642 verbo
434 3591 524 3656 tangit,
544 3585 737 3640 claramontihm
755 3599 862 3648 secutus,
882 3597 982 3643 anctore
996 3592 1124 3644 'Michaele
1144 3591 1301 3658 ,Cognato“‚
1321 3591 1406 3642 dicans
1424 3591 1486 3641 torte
1502 3589 1662 3658 Goigncmm.

428 3661 531 3712 Praeter
547 3661 611 3713 hacc
628 3662 663 3712 nil
681 3662 750 3712 nobis
769 3663 800 3714 do
818 3661 938 3728 Coipneto
961 3664 1082 3723 innotuit.
1111 3665 1189 3715 donec
1211 3665 1321 3728 inspecto
1345 3662 1393 3712 rol.
1416 3677 1539 3712 manuscr.
1558 3661 1696 3729 Pstropoli-

343 3738 402 3783 tauo
421 3731 623 3798 deprehendimus
641 3735 706 3784 iuter
724 3748 774 3792 es,
793 3747 857 3800 quae
874 3733 996 3799 Keplerus
1015 3735 1115 3802 collegit
1132 3736 1165 3786 sd
1184 3733 1402 3792 stereometriam,
1428 3733 1480 3794 ,lh
1500 3732 1618 3799 Goignoti
1637 3751 1697 3800 opus

342 3803 461 3870 palliam
479 3803 510 3854 de
527 3817 575 3854 usu
595 3802 627 3852 12
646 3804 825 3862 diaconum?
847 3806 912 3870 quod
931 3807 969 3856 ait
991 3807 1071 3858 multa
1087 3807 1178 3858 habere
1197 3805 1231 3857 ad
1255 3821 1326 3856 scum
1343 3821 1443 3871 scopum
1468 3805 1631 3870 pertinentis.
1669 3808 1697 3858 Iu

341 3873 531 3927 stereometrlsa
559 3875 667 3926 editione
695 3878 844 3928 Gemanica
861 3874 904 3939 (N.
926 3874 972 3940 98)
996 3878 1118 3943 Keplems
1146 3879 1206 3929 dicit
1234 3877 1397 3943 Goignetum:
1432 3877 1531 3937 „Ertsh
1550 3875 1695 3929 Mathema-

341 3947 418 3998 ticum
438 3961 470 3996 su
485 3945 621 4007 Brtissel,“
644 3947 764 4032 ablegans
782 3948 886 4000 lectores
904 3949 937 3999 ad
956 3949 1098 4012 ejusdem„
1101 3949 1267 4002 hansosische
1285 3949 1433 3999 lusuuction
1452 3947 1513 4034 iiber
1532 3947 1573 4000 die
1592 3949 1696 4015 Propos-
1740 3993 1744 4002 .

342 4019 419 4069 douai
439 4017 560 4076 Gischala.
580 3982 620 4069 die
638 4019 684 4068 mir
701 4035 748 4068 nur
765 4019 900 4070 schriltlich
918 4021 1042 4072 anscheri
1060 4021 1185 4072 vordan

430 4089 545 4155 (loipncti
563 4089 700 4140 observatio
719 4091 764 4140 ecl.
787 4088 854 4140 1006
871 4091 944 4141 valde
962 4093 1069 4142 turbarit
1086 4093 1234 4156 Keplerum‚
1257 4105 1313 4141 cum
1331 4105 1387 4140 cam
1405 4105 1466 4142 snae
1484 4091 1560 4156 ipsius
1580 4093 1692 4144 obseres·

338 4163 401 4212 tioai
418 4175 469 4212 nou
487 4173 621 4226 congruam
639 4163 760 4213 inveniret
777 4159 869 4228 (comp.
888 4161 928 4220 Π,
947 4160 1011 4225 sac)
1038 4148 1075 4213 i'ts
1100 4158 1468 4226 somnolentissimos)
1491 4163 1556 4214 hacc
1582 4165 1694 4216 dedatis:

337 4232 469 4312 Eclipsis
486 4253 513 4294 a.
535 4227 617 4296 1605
634 4233 861 4296 observationes
878 4255 896 4296 a
912 4236 1008 4297 tribus
1024 4235 1295 4316 praestantissimis
1315 4235 1548 4311 mathematicis,
1567 4234 1693 4300 Ericio

337 4320 488 4403 Tycbonis
512 4321 659 4400 discipulo
682 4323 820 4397 Londini,
847 4322 1027 4403 Coipnsto
1051 4332 1083 4387 et
1104 4323 1291 4400 Fabricio,
1317 4343 1414 4386 meam
1438 4323 1692 4400 observationem,

336 4410 486 4490 Pragae
477 4430 508 4471 ιιι
531 4410 674 4474 viridario
699 4369 842 4476 Caesaris
872 4413 952 4475 inter
981 4414 1085 4476 turbas
1117 4413 1280 4476 aulicorum
1312 4412 1465 4487 habitam,
1498 4415 1611 4478 erroris
1643 4425 1694 4478 aut

336 4498 525 4562 hortulanum
547 4499 645 4562 malae
668 4500 735 4562 fidei
759 4509 896 4580 arguunt.
926 4502 976 4584 qui
999 4522 1057 4565 non
1081 4502 1241 4582 diligenter
1264 4503 1396 4564 arcuerit
1419 4502 1458 4564 ab
1481 4503 1692 4567 instrumentis

336 4588 518 4651 turbatores.
564 4588 642 4652 Nam
666 4589 782 4652 initium
806 4589 835 4652 in
861 4589 1039 4671 „Epistola“
1066 4590 1213 4672 adscripsi
1237 4591 1266 4654 h.
1296 4591 1323 4654 l.
1350 4588 1381 4655 θ’
1405 4609 1434 4671 p.
1459 4611 1509 4668 ιιι,
1536 4595 1617 4672 qnod
1639 4612 1692 4675 per

256 4720 259 4728 ι
336 4677 397 4740 tria
420 4677 566 4740 dictorum
590 4678 722 4742 locorum
746 4680 907 4741 observata
930 4681 1009 4743 inter
1032 4701 1065 4744 se
1089 4679 1309 4745 consentientia
1332 4680 1397 4742 fieri
1419 4700 1479 4742 non
1503 4689 1616 4761 potest

423 4775 506 4840 Ipsum
524 4772 670 4841 cognatum
693 4775 732 4826 his
756 4777 818 4828 siit
835 4776 957 4841 Kapierss
978 4779 1071 4834 ιιιιιιιι
1095 4819 1102 4833 .
1120 4815 1127 4832 .
1146 4815 1177 4834 ..
1199 4769 1362 4834 Concessit
1377 4769 1449 4832 mihi
1465 4769 1509 4834 ill.
1526 4771 1690 4853 Hispanias

334 4854 429 4937 Regis
448 4856 571 4938 legatus
593 4855 736 4940 scriptum
763 4867 846 4922 tuum
871 4857 962 4922 breve
991 4860 1028 4924 de
1058 4859 1163 4944 eclipsi
1187 4857 1270 4924 Solis
1294 4859 1366 4921 suni
1394 4853 1488 4924 1605.
1533 4859 1583 4922 Ex
1605 4861 1689 4941 cujus
