3630 5534
833 1241 866 1316 li
893 1243 925 1316 Ε
977 1241 1007 1314 1.
1033 1241 1067 1316 U
1094 1245 1130 1316 rt
1156 1243 1201 1317 A.

900 1379 943 1444 (e.
962 1381 1025 1434 u...
1046 1379 1136 1448 reor.)

428 1687 576 1750 Assnmta
598 1684 655 1747 bac
678 1685 888 1767 aequationnro
913 1686 1083 1769 hypothesi,
1108 1688 1186 1768 quod
1208 1695 1345 1768 tempora
1360 1686 1506 1766 graduum
1517 1686 1700 1768 ,aequalium

342 1777 403 1838 sint
426 1776 463 1836 ad
489 1775 616 1836 invicem
639 1781 674 1836 ut
697 1775 860 1838 distantiae
884 1795 904 1837 a
925 1775 1047 1840 virtutis
1070 1777 1167 1852 fonte,
1193 1777 1252 1840 erit
1274 1775 1357 1838 sinus
1380 1777 1574 1855 aequationis
1596 1777 1699 1837 maxi-

342 1883 409 1928 mae
433 1863 635 1927 dimidiaudns
658 1870 712 1944 pro
737 1865 972 1928 eccentricitate.
1019 1865 1078 1928 Est
1101 1875 1201 1928 antem
1226 1865 1308 1928 siuns
1334 1862 1523 1945 aequationis
1546 1866 1700 1927 maximae

342 1955 373 2016 io
397 1953 513 2036 copulis
537 1949 634 2017 8672.
681 1952 762 2032 Ergo
787 1953 995 2016 eccentricitas
1019 1955 1101 2016 orbis
1129 1949 1230 2030 4336,
1262 1973 1338 2036 quae
1366 1953 1454 2014 efficit
1483 1954 1700 2034 aequationem

344 2043 502 2106 eecentrici
527 2038 565 2105 2⁰
585 2038 640 2105 29¹
660 2038 741 2116 20¹¹;
767 2043 906 2123 aequatio
930 2063 1001 2106 vero
1025 2044 1183 2148 aequantia
1208 2051 1257 2106 est
1278 2041 1381 2105 itidem
1404 2038 1443 2103 2⁰
1465 2039 1520 2106 29¹
1543 2039 1622 2106 20¹¹.
1662 2045 1699 2105 In

293 2191 298 2198 .
343 2131 534 2214 quadraturis
559 2140 608 2193 eet
630 2138 761 2214 aequant
764 2132 788 2194 is
812 2133 952 2214 aequatio
983 2135 1119 2214 praecise
1147 2133 1255 2214 dupla,
1284 2151 1327 2194 so.
1349 2127 1388 2195 4⁰
1410 2117 1464 2195 58⁴
1486 2129 1564 2208 40¹¹,
1596 2139 1633 2194 ut
1655 2132 1701 2193 sit

342 2230 411 2286 tota
434 2218 472 2284 7θ
495 2219 558 2286 28⁴.
604 2219 669 2282 Hac
695 2223 795 2301 itaque
820 2223 935 2283 ratione
959 2223 1125 2304 speculatio
1151 2223 1297 2286 concinna
1320 2222 1423 2283 oritur.
1471 2219 1617 2286 Centrum
1641 2241 1699 2282 ae-

342 2311 464 2396 quantia
488 2310 566 2372 enirn
590 2308 619 2371 io
643 2310 833 2390 quadraturis
858 2311 948 2390 dupio
973 2311 1064 2376 altius
1094 2332 1160 2374 esse
1189 2319 1330 2374 censetur
1353 2330 1372 2371 a
1401 2315 1502 2373 centro
1534 2309 1698 2372 eccentrici

341 2403 371 2464 in
395 2399 472 2462 locis
495 2398 692 2472 intermediis,
717 2418 793 2479 quae
808 2408 856 2460 est
869 2403 1024 2480 proportio
1044 2403 1134 2464 sinus
1147 2401 1347 2481 elongationis
1369 2399 1592 2472 adiametro(
1578 2397 1698 2477 (Θό)

342 2490 379 2550 ad
398 2489 492 2550 sinum
508 2496 614 2561 toturn,
638 2487 743 2548 eadem
766 2488 955 2568 aequationis
978 2491 1087 2556 tertiae
1112 2491 1245 2565 (dicatur
1268 2489 1347 2565 enim
1370 2489 1529 2552 eocsntrioi
1552 2489 1698 2571 aequatio

341 2578 448 2659 prirna,
473 2575 632 2656 aequantia
650 2575 791 2650 secunda,
814 2577 1004 2656 plasmatum
1028 2581 1135 2674 tertia)
1159 2581 1198 2642 ad
1217 2579 1426 2660 aequationem
1442 2579 1616 2642 secundam.
1654 2578 1699 2640 Ut

342 2666 435 2752 igitur
460 2665 601 2746 aequales
625 2673 695 2726 sunt
717 2665 814 2744 prima
829 2675 860 2728 et
878 2668 1009 2729 secunda
1024 2650 1175 2750 aequatio,
1202 2669 1244 2732 ita
1267 2669 1359 2731 etiam
1382 2669 1514 2730 secunda
1537 2676 1570 2728 et
1593 2668 1697 2730 tertia.

340 2753 548 2834 Aequationes
572 2761 673 2816 autem
697 2771 754 2816 non
778 2756 907 2820 manne
931 2775 969 2818 ex
993 2778 1046 2820 suo
1071 2777 1179 2839 genere
1198 2765 1388 2822 censeantur.
1424 2757 1534 2820 Nam
1524 2777 1555 2818 rn
1580 2775 1698 2838 aequa-

343 2843 476 2908 tionibus
500 2843 576 2906 solis
599 2843 784 2924 disputatum
808 2853 865 2920 est,
889 2865 931 2908 an
955 2847 1072 2910 mediae
1097 2857 1236 2910 secentur
1258 2865 1370 2912 omnes.

430 2932 548 2996 Aliter:
573 2931 723 2995 bisecetur
747 2935 971 3014 quadrantalis,
996 2945 1028 2998 et
1049 2936 1182 3017 prodibit
1207 2935 1347 3000 dimidius
1371 2935 1453 2998 sinos
1476 2929 1582 3011 0500,
1608 2953 1698 2997 arom

342 3020 382 3088 3⁰
404 3019 475 3098 44¹;
506 3023 658 3126 copularis
681 3017 721 3085 4⁰
743 3019 796 3086 58⁴
820 3019 901 3100 40¹,
933 3026 994 3086 diff.
1028 3024 1064 3088 1⁰
1089 3024 1140 3090 i4¹
1164 3023 1238 3102 40¹¹,
1270 3026 1392 3106 triplum
1415 3019 1454 3087 3⁰
1475 3020 1538 3088 44¹.
1586 3024 1698 3104 Itaque

341 3133 398 3200 quo
422 3113 518 3175 minus
542 3112 571 3174 iu
596 3112 781 3185 (diametris)
811 3073 926 3194 copulis
956 3135 1056 3177 morae
1087 3124 1189 3178 essent
1218 3123 1250 3177 ut
1280 3114 1463 3204 distantiae,
1497 3131 1569 3216 pars
1603 3113 1698 3175 tertia

342 3202 477 3283 praecise
507 3203 648 3272 deesset,
680 3210 765 3263 tanto
796 3222 838 3266 sc.
869 3212 951 3265 esset
974 3205 1063 3266 solito
1092 3205 1223 3274 velocior
1246 3205 1333 3266 Luna
1355 3191 1482 3266 ver'sans
1506 3203 1535 3266 in
1558 3202 1699 3265 virtuosa

221 3338 223 3346 .
345 3293 503 3357 diametro
549 3292 642 3354 Forte
665 3299 720 3352 o'ec
743 3291 830 3353 hoc'
821 3293 1036 3356 inconcinnum.

433 3381 535 3443 Aliter
566 3379 668 3443 tertio.
716 3377 860 3443 Oentmm
894 3383 1051 3444 eccentrici
1086 3401 1154 3444 vere
1182 3381 1321 3444 discedat
1350 3401 1368 3442 a
1396 3388 1498 3443 centro
1522 3379 1676 3442 Terrae
1668 3399 1698 3442 ιιι

248 3483 252 3498 ·
292 3543 295 3554 ¹
345 3469 551 3551 quadraturis,
580 3471 690 3548 fiatque
714 3470 805 3532 altius
827 3479 914 3551 parte
940 3472 1039 3534 tertia.
1086 3470 1135 3534 Sit
1157 3471 1235 3534 enim
1258 3472 1288 3533 in
1311 3470 1458 3532 diametro
1487 3465 1590 3538 4336.
1622 3471 1699 3531 foris

344 3556 440 3624 6505.
488 3561 570 3622 Tunc
593 3559 689 3639 prima
712 3567 744 3620 et
766 3561 1060 3640 secunda'aequatio
1085 3561 1191 3641 ubique
1214 3560 1446 3634 bisecabuntur,
1475 3555 1589 3640 eritque
1614 3558 1698 3620 nulla

344 3649 445 3711 tertia.
492 3649 575 3710 Tunc
598 3666 672 3709 sane
696 3648 786 3710 etiarn
818 3657 955 3711 notantes
979 3650 1181 3728 juvabuntur,
1213 3649 1314 3712 forsan
1342 3656 1374 3711 et
1402 3647 1586 3711 latitudines.
1636 3647 1697 3710 Sed

345 3737 503 3800 considera
532 3737 653 3811 melius,
684 3738 814 3799 maxima
840 3738 1049 3820 quadrantalis
1079 3740 1165 3820 ponit
1187 3747 1321 3801 centrum
1345 3738 1373 3798 in
1397 3737 1544 3799 diametro
1569 3733 1627 3814 (Θ
1644 3739 1697 3813 ὅ),

345 3826 532 3890 diametralis
555 3827 583 3889 in
608 3826 833 3909 quadrantibus.
880 3825 961 3907 Ergo
990 3837 1124 3890 centrum
1151 3828 1182 3890 in
1211 3829 1357 3890 diametro
1382 3823 1439 3903 (Θ
1460 3827 1501 3902 ὃ)
1526 3826 1637 3901 altum,
1667 3826 1697 3887 in

345 3915 559 4001 quadrantibus
575 3915 694 3978 homile.
731 3915 932 3980 Transeamus
955 3918 1182 3998 perspicuitatis
1196 3916 1305 3997 'gratia
1328 3917 1366 3979 ab
1383 3914 1549 3978 eccentrico
1573 3914 1602 3976 in
1628 3915 1696 3996 epi-

346 4007 471 4090 cycium,
495 4006 646 4090 epicyclus
662 4013 784 4068 maneat
799 4007 973 4082 invariatus,
999 4008 1053 4069 sed
1068 4017 1201 4070 centrum
1218 4005 1409 4080 concentrici,
1432 4005 1520 4067 Luna
1543 4003 1574 4065 in
1594 4003 1698 4082 lonqi-

347 4095 448 4159 tudine
465 4096 564 4159 media
578 4106 609 4157 et
625 4095 817 4176 quadraturis
836 4105 986 4170 versante,
1011 4097 1051 4159 sit
1074 4096 1102 4158 in
1118 4097 1264 4173 diametro
1288 4091 1405 4174 (Θὸ)
1429 4095 1520 4175 snpra
1542 4092 1592 4154 vel
1616 4093 1697 4155 infra

346 4188 480 4262 Terram,
505 4185 559 4248 sed
579 4187 666 4251 Luna
689 4194 830 4248 versante
853 4187 884 4248 in
907 4185 1093 4266 longitudine
1116 4187 1215 4248 media
1238 4195 1270 4249 et
1292 4185 1449 4259 diametro,
1473 4183 1516 4246 sit
1537 4182 1568 4244 in
1590 4189 1697 4244 centro

347 4277 469 4337 Terrae.
509 4275 586 4337 Nam
610 4282 642 4335 et
664 4283 767 4336 aestus
791 4276 881 4338 maris
904 4277 1016 4338 realem
1039 4276 1180 4339 videntur
1203 4273 1520 4358 appropinquationem
1543 4271 1704 4352 requirere

348 4365 450 4438 (modo
474 4382 532 4426 oon
557 4371 588 4425 et
609 4363 770 4436 diurnam).
805 4363 952 4428 Similiter
966 4365 1053 4428 Luna
1069 4365 1097 4428 in
1118 4383 1251 4447 apogaeo
1272 4374 1303 4427 et
1326 4361 1518 4447 quadraturis
1540 4371 1696 4436 versante,

347 4461 482 4518 centrum
505 4452 546 4516 sit
569 4472 659 4535 sopra
682 4452 731 4514 vel
754 4453 832 4515 inira
848 4455 972 4516 Terram
991 4455 1021 4516 in
1044 4455 1190 4517 diametro
1214 4451 1270 4532 (Θ
1287 4457 1338 4532 ὁ).
1376 4455 1454 4518 Nam
1470 4451 1545 4513 baec
1564 4450 1696 4513 elevatio

347 4544 389 4607 nil
412 4543 512 4606 vtriat
535 4542 755 4624 aequationem,
780 4561 855 4622 qnae
875 4543 959 4606 nulla
974 4553 1031 4608 est.
1070 4545 1133 4608 Sed
1148 4552 1230 4620 nota,
1255 4544 1311 4607 hoc
1334 4552 1423 4624 pacto
1446 4559 1516 4602 vere
1539 4547 1697 4603 octantum

347 4633 562 4716 inaequalitas,
586 4631 713 4693 variatio
738 4631 835 4707 dicta,
866 4634 895 4694 in
919 4634 1120 4715 quadraturas
1142 4634 1335 4706 redundabit,
1362 4632 1516 4715 possitque
1540 4629 1618 4692 i'orte
1643 4649 1697 4710 per

348 4722 439 4788 alium
462 4730 494 4784 et
517 4720 735 4784 conceptricum
759 4720 899 4784 circulum
923 4724 1016 4785 centri
1041 4722 1223 4787 concentrici
1243 4723 1348 4786 Lunae
1371 4721 1452 4784 circa
1474 4718 1576 4784 Solem
1601 4729 1710 4783 exon·

349 4813 420 4890 nori,
465 4813 546 4903 Ergo
568 4810 723 4906 rejiciatur
745 4811 821 4876 llaec
843 4812 1023 4894 permutatio
1047 4814 1206 4880 eccentrici
1229 4820 1260 4876 et
1283 4811 1419 4902 spicycii.
