3604 5534
332 275 396 345 208
809 279 849 332 De
867 280 974 332 Motibus
993 277 1087 332 Stellae
1104 277 1191 332 Martis

331 458 551 534 circumducit,
565 458 639 544 jam
659 461 696 524 in
717 456 871 524 stratam
894 457 948 522 GS
970 461 1215 544 transponimus,
1242 459 1394 524 nimirum
1415 459 1453 524 in
1473 459 1574 546 ipsam
1594 483 1656 526 cor-

231 569 239 590 ·
326 569 390 632 prm
412 547 508 622 Solis,
533 550 617 631 orcod
637 569 759 633 seraper
779 552 814 612 in
836 549 932 626 linco,
956 570 1035 631 qnos
1056 550 1121 632 ipsi
1144 548 1195 613 CB
1216 548 1392 632 paralleloe
1414 557 1468 623 est,
1491 553 1591 634 spatio
1613 549 1658 612 CB

330 657 432 720 supro
454 637 662 702 Brohecnum
682 647 832 720 mactum
851 641 1023 720 watinum
1043 647 1115 711 ctat,
1139 637 1257 703 scilicet
1279 639 1380 722 sripra
1401 639 1442 714 V,
1458 638 1493 714 P,
1516 640 1551 703 in
1572 639 1601 717 S,
1617 638 1657 702 G:

329 734 366 790 at
385 727 525 811 ipiturD
542 735 661 812 puncto
684 726 887 810 asprenate
907 737 1049 792 monento
1070 723 1203 807 (itatem
1221 727 1340 792 scilicet
1361 731 1523 792 momentis
1538 749 1597 812 por
1610 727 1660 790 dv

329 809 479 900 niphatis)
505 824 534 880 et
552 815 683 899 planeto
704 819 740 881 in
765 815 791 879 Ο
815 826 844 880 et
863 825 1014 898 punctum
1035 818 1191 900 afflationis
1211 820 1247 883 in
1269 816 1292 880 S
1320 837 1385 881 ecee
1406 820 1524 898 possit,
1554 825 1663 901 oportet

323 927 386 989 per·
405 913 554 988 punctum
575 905 604 966 D
628 912 656 967 et
679 903 702 967 S
724 905 773 969 uel
796 904 825 967 G
847 927 959 970 nocant
979 906 1097 970 lincam
1124 907 1274 988 apsidum
1299 907 1455 992 adjicere.
1503 907 1607 986 Qorc
1628 926 1663 968 ec

330 995 551 1058 demonstratis
573 995 688 1078 sopitis
709 995 744 1060 V.
771 991 868 1077 (quoe
890 1016 992 1079 snpra
1012 996 1048 1058 ia
1070 995 1278 1078 explicatione
1299 998 1422 1072 sannae
1443 995 1664 1079 Οορονηίοαπαε

329 1076 594 1168 olloyoveromus)
628 1083 724 1147 ducto
744 1085 798 1148 DS
821 1081 868 1148 oet
888 1083 959 1159 DG,
983 1093 1013 1148 ot
1043 1085 1147 1148 diviso
1176 1087 1212 1147 in
1243 1105 1282 1146 eo
1299 1085 1514 1168 proportione,
1546 1087 1580 1148 ia
1606 1103 1664 1166 qao

328 1174 384 1237 DP
404 1172 453 1237 cel
474 1173 535 1234 DV
553 1193 614 1256 per
635 1173 662 1233 L
685 1180 730 1235 est
752 1174 865 1248 diuiso,
888 1181 924 1236 ut
945 1174 987 1236 eit
1002 1182 1156 1257 punctam
1178 1174 1345 1237 divisionis
1367 1175 1415 1248 M,
1439 1180 1468 1236 et
1491 1182 1592 1236 centro
1614 1174 1665 1235 hcc

325 1269 440 1346 pnncto
462 1262 504 1337 M,
528 1259 694 1326 intervallo
716 1283 787 1326 uero
811 1283 870 1346 quo
889 1264 992 1346 princ,
1015 1264 1172 1328 scribatur
1193 1283 1291 1326 nouae
1313 1263 1520 1327 cosmetae:
1545 1263 1592 1324 ille
1613 1281 1665 1323 non

328 1359 445 1414 tantum
468 1351 575 1412 reddet
596 1350 824 1414 observationes
847 1352 903 1413 has
927 1352 1119 1432 posteriores,
1145 1372 1182 1414 ex
1206 1351 1311 1432 quibus
1332 1358 1398 1414 erat
1412 1359 1593 1423 exstructus,
1615 1349 1665 1410 sed

329 1441 479 1505 immissus
503 1439 532 1502 in
563 1440 692 1520 priorem
714 1440 911 1522 hypothesin,
943 1442 1114 1504 salvaturus
1143 1448 1191 1504 est
1221 1441 1311 1504 etiam
1335 1441 1562 1504 observationes
1591 1440 1666 1520 prius

328 1530 479 1593 adhibitae
505 1529 587 1591 intra
609 1528 824 1610 praecisionem
848 1530 975 1612 quinque
999 1531 1213 1610 scrupulorum.

420 1617 504 1689 Quae
528 1637 599 1681 vero
623 1620 862 1698 computationes
884 1619 1080 1682 instituentur
1102 1627 1189 1682 extra
1212 1619 1303 1680 sitnm
1330 1617 1542 1700 aoronychium
1565 1624 1601 1678 et
1618 1635 1667 1697 per

331 1709 461 1790 priorem
493 1714 526 1769 et
556 1725 609 1788 per
632 1725 739 1769 novum
762 1709 840 1771 hunc
864 1709 1078 1782 eccentricum,
1110 1707 1220 1771 alicubi
1252 1709 1372 1786 (nempe
1396 1707 1477 1769 circa
1502 1707 1671 1788 perigaeum

331 1797 428 1870 Solis)
455 1797 522 1877 plus
545 1816 604 1858 uno
627 1797 723 1876 gradu
746 1797 891 1860 dissidere
914 1806 1070 1879 poterunt,
1110 1799 1136 1860 si
1160 1807 1299 1860 numeros
1323 1795 1486 1858 familiares
1511 1803 1545 1858 et
1567 1795 1669 1858 stellae

332 1887 440 1950 Martis
464 1885 676 1968 appropriatos
698 1906 752 1966 per
774 1887 925 1950 Braheum
948 1886 1084 1967 proditos
1108 1904 1276 1970 sequamur.

418 1975 717 2037 Demonstratiouem
738 1995 796 2038 non
830 1983 879 2038 est
907 1994 981 2056 opus
1013 1983 1160 2056 repetere.
1206 1973 1379 2037 Delineatio
1411 1972 1557 2036 facillima
1579 1979 1624 2034 est
1646 1971 1672 2033 in

328 2066 480 2127 schemate
519 2061 726 2142 Copernicano
776 2071 842 2140 (rig.
866 2069 932 2139 tc),
969 2065 995 2126 si
1027 2083 1065 2127 ex
1091 2087 1107 2127 r
1134 2065 1227 2127 Terra
1258 2063 1425 2144 parallelon
1462 2063 1521 2142 ipsi
1550 2064 1593 2140 βκ
1615 2059 1674 2122 eri-

327 2173 392 2234 gas,
416 2153 504 2236 inque
529 2173 566 2214 ea
590 2153 748 2216 intervallo
763 2155 804 2232 βκ
827 2161 961 2215 centrum
985 2154 1144 2216 eceentrici
1168 2153 1248 2217 Solis
1272 2152 1395 2215 metaris
1419 2169 1510 2232 supra
1524 2174 1551 2226 r,
1576 2159 1608 2213 et
1620 2151 1673 2212 hoc

327 2251 430 2306 centro
455 2242 655 2304 ecoentricum
683 2241 765 2305 Solis
788 2243 977 2307 Braheanum
1011 2245 1153 2307 traducas
1176 2262 1230 2325 per
1253 2267 1269 2306 a
1292 2249 1325 2304 et
1346 2242 1450 2304 deleas
1479 2241 1676 2304 ecoentricum

327 2334 437 2395 Terrae
462 2329 710 2412 Oopernicannm.
954 2389 959 2400 ,

418 2420 571 2502 Exposita
601 2419 695 2501 igitur
726 2421 783 2483 hac
815 2421 1024 2504 hypothesium
1053 2420 1229 2483 diversitate
1257 2437 1416 2502 earumque
1448 2419 1477 2480 in
1501 2418 1608 2500 primis
1631 2415 1676 2477 in-

330 2509 567 2591 aequalitatibus
591 2509 834 2591 aequipollentia,
857 2512 887 2572 in
911 2511 1049 2574 secundis
1070 2510 1282 2591 discrepantia,
1306 2508 1433 2590 primam
1448 2509 1551 2588 operis
1561 2513 1677 2588 partem

331 2598 554 2673 concludamus,
581 2617 657 2679 quae
682 2599 724 2672 (ei
747 2599 817 2680 quid
832 2599 935 2674 video)
960 2601 1052 2662 totius
1067 2598 1166 2680 operis
1181 2607 1229 2661 est
1245 2597 1420 2661 difficillima
1435 2597 1473 2659 ob
1487 2595 1678 2679 labyrinthos

330 2687 500 2769 opinionum
535 2705 612 2768 pene
641 2687 863 2752 inextricabiles
887 2698 919 2752 et
941 2708 1046 2752 vocum
1071 2687 1332 2771 aequivocationes
1354 2693 1518 2766 perpetuas
1544 2693 1599 2747 ant
1621 2683 1679 2745 cir-

330 2775 575 2854 cumscriptiones
603 2777 853 2839 taediosissimae.
897 2777 983 2850 Quae
1005 2786 1105 2840 autem
1127 2797 1174 2839 me
1188 2777 1356 2840 necessitas
1371 2775 1535 2854 impulerit,
1557 2775 1680 2837 uthanc

329 2863 497 2929 doctrinam
523 2867 763 2944 praemitterem,
787 2867 853 2945 jam
877 2867 980 2931 statim
1004 2867 1103 2949 capite
1127 2867 1198 2928 Vll.
1222 2863 1350 2945 patebit.
1396 2864 1550 2926 Hebctior
1575 2860 1681 2944 aliquis

328 2963 425 3018 totam
450 2953 568 3016 differre
591 2965 704 3033 potest,
730 2957 823 3018 donec
847 2977 923 3039 quae
947 2965 1018 3020 sunt
1040 2956 1177 3020 faciliora
1200 2953 1440 3036 apprehenderit.
