<?xml version="1.0" encoding="UTF-8"?>
<!DOCTYPE html PUBLIC "-//W3C//DTD XHTML 1.0 Transitional//EN"
    "http://www.w3.org/TR/xhtml1/DTD/xhtml1-transitional.dtd">
<html xmlns="http://www.w3.org/1999/xhtml" xml:lang="en" lang="en">
 <head>
  <title>
</title>
<meta http-equiv="Content-Type" content="text/html;charset=utf-8" />
  <meta name='ocr-system' content='tesseract 3.04.00' />
  <meta name='ocr-capabilities' content='ocr_page ocr_carea ocr_par ocr_line ocrx_word'/>
</head>
<body>
  <div class='ocr_page' id='page_1' title='image "./joanniskepleria28frisgoog_0087.png"; bbox 0 0 3552 5562; ppageno 0'>
   <div class='ocr_carea' id='block_1_1' title="bbox 365 241 1297 350">
    <p class='ocr_par' dir='ltr' id='par_1_1' title="bbox 365 241 1297 350">
     <span class='ocr_line' id='line_1_1' title="bbox 365 241 1297 350; baseline 0.002 -19"><span class='ocrx_word' id='word_1_1' title='bbox 365 277 409 350; x_wconf 78' lang='grc'><strong>63</strong></span> <span class='ocrx_word' id='word_1_2' title='bbox 783 279 885 334; x_wconf 84' lang='lat' dir='ltr'><strong>Literae</strong></span> <span class='ocrx_word' id='word_1_3' title='bbox 901 241 1005 346; x_wconf 72' lang='lat' dir='ltr'><strong>lieplert</strong></span> <span class='ocrx_word' id='word_1_4' title='bbox 1025 281 1177 348; x_wconf 80' lang='lat' dir='ltr'><strong>aliorumque</strong></span> <span class='ocrx_word' id='word_1_5' title='bbox 1194 285 1297 334; x_wconf 79' lang='lat' dir='ltr'><strong>mtnae</strong></span> 
     </span>
    </p>
   </div>
   <div class='ocr_carea' id='block_1_2' title="bbox 354 458 1745 4921">
    <p class='ocr_par' dir='ltr' id='par_1_2' title="bbox 354 458 1713 972">
     <span class='ocr_line' id='line_1_2' title="bbox 367 458 1713 546; baseline -0.001 -20"><span class='ocrx_word' id='word_1_6' title='bbox 367 481 423 546; x_wconf 91' lang='lat' dir='ltr'><strong>per</strong></span> <span class='ocrx_word' id='word_1_7' title='bbox 444 479 556 524; x_wconf 88' lang='lat' dir='ltr'><strong>verum.</strong></span> <span class='ocrx_word' id='word_1_8' title='bbox 601 461 761 524; x_wconf 74' lang='lat' dir='ltr'><strong>Dissident</strong></span> <span class='ocrx_word' id='word_1_9' title='bbox 782 460 813 524; x_wconf 90' lang='lat' dir='ltr'><strong>hi</strong></span> <span class='ocrx_word' id='word_1_10' title='bbox 837 459 895 522; x_wconf 92' lang='lat' dir='ltr'><strong>dno</strong></span> <span class='ocrx_word' id='word_1_11' title='bbox 919 479 1012 522; x_wconf 87' lang='lat' dir='ltr'><strong>causa</strong></span> <span class='ocrx_word' id='word_1_12' title='bbox 1034 458 1225 542; x_wconf 72' lang='lat' dir='ltr'><strong>evagationis</strong></span> <span class='ocrx_word' id='word_1_13' title='bbox 1248 480 1268 522; x_wconf 92' lang='lat' dir='ltr'><strong>a</strong></span> <span class='ocrx_word' id='word_1_14' title='bbox 1290 467 1408 536; x_wconf 84' lang='lat' dir='ltr'><strong>centrn;</strong></span> <span class='ocrx_word' id='word_1_15' title='bbox 1438 460 1514 524; x_wconf 89' lang='lat' dir='ltr'><strong>haec</strong></span> <span class='ocrx_word' id='word_1_16' title='bbox 1538 477 1609 540; x_wconf 72' lang='lat' dir='ltr'><strong>ergo</strong></span> <span class='ocrx_word' id='word_1_17' title='bbox 1630 477 1713 524; x_wconf 88' lang='lat' dir='ltr'><strong>eausa</strong></span> 
     </span>
     <span class='ocr_line' id='line_1_3' title="bbox 367 548 1713 633; baseline -0.002 -17"><span class='ocrx_word' id='word_1_18' title='bbox 367 549 604 633; x_wconf 86' lang='lat' dir='ltr'><strong>aequantiSolis</strong></span> <span class='ocrx_word' id='word_1_19' title='bbox 627 550 754 614; x_wconf 84' lang='lat' dir='ltr'><strong>accedit</strong></span> <span class='ocrx_word' id='word_1_20' title='bbox 790 549 857 630; x_wconf 80' lang='lat' dir='ltr'><strong>Ego</strong></span> <span class='ocrx_word' id='word_1_21' title='bbox 880 557 999 630; x_wconf 87' lang='lat' dir='ltr'><strong>partem</strong></span> <span class='ocrx_word' id='word_1_22' title='bbox 1022 550 1109 631; x_wconf 91' lang='lat' dir='ltr'><strong>hujus</strong></span> <span class='ocrx_word' id='word_1_23' title='bbox 1133 549 1241 612; x_wconf 89' lang='lat' dir='ltr'><strong>erroris</strong></span> <span class='ocrx_word' id='word_1_24' title='bbox 1264 550 1536 630; x_wconf 88' lang='lat' dir='ltr'><strong>perrednotiouem</strong></span> <span class='ocrx_word' id='word_1_25' title='bbox 1559 548 1598 612; x_wconf 91' lang='lat' dir='ltr'><strong>ad</strong></span> <span class='ocrx_word' id='word_1_26' title='bbox 1620 568 1713 612; x_wconf 86' lang='lat' dir='ltr'><strong>vernn</strong></span> 
     </span>
     <span class='ocr_line' id='line_1_4' title="bbox 368 637 1713 720; baseline -0.002 -15"><span class='ocrx_word' id='word_1_27' title='bbox 368 644 466 706; x_wconf 90' lang='lat' dir='ltr'><strong>locum</strong></span> <span class='ocrx_word' id='word_1_28' title='bbox 479 639 571 712; x_wconf 83' lang='lat' dir='ltr'><strong>Solis,</strong></span> <span class='ocrx_word' id='word_1_29' title='bbox 594 647 712 719; x_wconf 88' lang='lat' dir='ltr'><strong>partem</strong></span> <span class='ocrx_word' id='word_1_30' title='bbox 735 657 789 719; x_wconf 88' lang='lat' dir='ltr'><strong>per</strong></span> <span class='ocrx_word' id='word_1_31' title='bbox 812 648 991 720; x_wconf 73' lang='lat' dir='ltr'>aequantem</span> <span class='ocrx_word' id='word_1_32' title='bbox 1006 637 1087 702; x_wconf 90' lang='lat' dir='ltr'><strong>Solis</strong></span> <span class='ocrx_word' id='word_1_33' title='bbox 1102 638 1252 720; x_wconf 78' lang='lat' dir='ltr'>expedivi.</span> <span class='ocrx_word' id='word_1_34' title='bbox 1290 640 1325 702; x_wconf 95' lang='lat' dir='ltr'><strong>In</strong></span> <span class='ocrx_word' id='word_1_35' title='bbox 1345 647 1501 704; x_wconf 92' lang='lat' dir='ltr'><strong>aeternum</strong></span> <span class='ocrx_word' id='word_1_36' title='bbox 1516 657 1587 702; x_wconf 90' lang='lat' dir='ltr'><strong>vero</strong></span> <span class='ocrx_word' id='word_1_37' title='bbox 1602 643 1713 702; x_wconf 76' lang='lat' dir='ltr'><strong>causam</strong></span> 
     </span>
     <span class='ocr_line' id='line_1_5' title="bbox 366 726 1712 809; baseline -0.001 -17"><span class='ocrx_word' id='word_1_38' title='bbox 366 731 514 804; x_wconf 78' lang='lat' dir='ltr'>nescires,</span> <span class='ocrx_word' id='word_1_39' title='bbox 546 729 659 791; x_wconf 82' lang='lat' dir='ltr'><strong>frustra</strong></span> <span class='ocrx_word' id='word_1_40' title='bbox 689 729 728 792; x_wconf 89' lang='lat' dir='ltr'><strong>ad</strong></span> <span class='ocrx_word' id='word_1_41' title='bbox 752 727 952 808; x_wconf 78' lang='lat' dir='ltr'><strong>quadraturas</strong></span> <span class='ocrx_word' id='word_1_42' title='bbox 976 735 1008 790; x_wconf 93' lang='lat' dir='ltr'><strong>et</strong></span> <span class='ocrx_word' id='word_1_43' title='bbox 1031 728 1221 790; x_wconf 66' lang='lat' dir='ltr'><strong>scientialia,</strong></span> <span class='ocrx_word' id='word_1_44' title='bbox 1234 737 1349 809; x_wconf 88' lang='lat' dir='ltr'><strong>puncta</strong></span> <span class='ocrx_word' id='word_1_45' title='bbox 1371 729 1546 808; x_wconf 79' lang='lat' dir='ltr'><strong>respiciens.</strong></span> <span class='ocrx_word' id='word_1_46' title='bbox 1592 726 1669 790; x_wconf 86' lang='lat' dir='ltr'><strong>Nam</strong></span> <span class='ocrx_word' id='word_1_47' title='bbox 1689 729 1712 790; x_wconf 91' lang='lat' dir='ltr'><strong>in</strong></span> 
     </span>
     <span class='ocr_line' id='line_1_6' title="bbox 369 815 1712 898; baseline -0.001 -18"><span class='ocrx_word' id='word_1_48' title='bbox 369 835 419 895; x_wconf 73' lang='grc' dir='ltr'><strong>ει,</strong></span> <span class='ocrx_word' id='word_1_49' title='bbox 444 817 599 898; x_wconf 88' lang='lat' dir='ltr'><strong>hincjam</strong></span> <span class='ocrx_word' id='word_1_50' title='bbox 622 818 697 879; x_wconf 92' lang='lat' dir='ltr'><strong>bene</strong></span> <span class='ocrx_word' id='word_1_51' title='bbox 722 816 849 897; x_wconf 83' lang='lat' dir='ltr'><strong>colligo,</strong></span> <span class='ocrx_word' id='word_1_52' title='bbox 881 817 1063 880; x_wconf 85' lang='lat' dir='ltr'><strong>eontrarium</strong></span> <span class='ocrx_word' id='word_1_53' title='bbox 1088 819 1189 882; x_wconf 88' lang='lat' dir='ltr'><strong>evenit</strong></span> <span class='ocrx_word' id='word_1_54' title='bbox 1216 827 1248 880; x_wconf 89' lang='lat' dir='ltr'><strong>et</strong></span> <span class='ocrx_word' id='word_1_55' title='bbox 1271 817 1444 882; x_wconf 87' lang='lat' dir='ltr'><strong>observatio</strong></span> <span class='ocrx_word' id='word_1_56' title='bbox 1468 837 1533 882; x_wconf 89' lang='lat' dir='ltr'><strong>cum</strong></span> <span class='ocrx_word' id='word_1_57' title='bbox 1558 815 1712 898; x_wconf 81' lang='lat' dir='ltr'><strong>Goperuice</strong></span> 
     </span>
     <span class='ocr_line' id='line_1_7' title="bbox 354 908 1488 972; baseline -0.002 -1"><span class='ocrx_word' id='word_1_58' title='bbox 354 908 519 972; x_wconf 78' lang='lat' dir='ltr'><strong>eosvenit.</strong></span> <span class='ocrx_word' id='word_1_59' title='bbox 547 937 585 952; x_wconf 91' lang='lat'><strong>·-</strong></span> <span class='ocrx_word' id='word_1_60' title='bbox 1482 929 1488 942; x_wconf 76' lang='lat'>¹</span> 
     </span>
    </p>

    <p class='ocr_par' dir='ltr' id='par_1_3' title="bbox 365 989 1745 1416">
     <span class='ocr_line' id='line_1_8' title="bbox 401 989 1745 1079; baseline -0.003 -20"><span class='ocrx_word' id='word_1_61' title='bbox 401 1045 418 1078; x_wconf 74' lang='lat'><strong>,</strong></span> <span class='ocrx_word' id='word_1_62' title='bbox 456 995 524 1078; x_wconf 83' lang='lat' dir='ltr'><strong>Ego</strong></span> <span class='ocrx_word' id='word_1_63' title='bbox 547 995 577 1058; x_wconf 89' lang='lat' dir='ltr'><strong>in</strong></span> <span class='ocrx_word' id='word_1_64' title='bbox 601 994 743 1058; x_wconf 82' lang='lat' dir='ltr'><strong>methodo</strong></span> <span class='ocrx_word' id='word_1_65' title='bbox 761 1015 833 1058; x_wconf 89' lang='lat' dir='ltr'><strong>mes</strong></span> <span class='ocrx_word' id='word_1_66' title='bbox 856 1014 949 1076; x_wconf 87' lang='lat' dir='ltr'><strong>supra</strong></span> <span class='ocrx_word' id='word_1_67' title='bbox 972 995 1126 1076; x_wconf 87' lang='lat' dir='ltr'><strong>descripta</strong></span> <span class='ocrx_word' id='word_1_68' title='bbox 1140 989 1161 1056; x_wconf 80' lang='grc'><strong>4</strong></span> <span class='ocrx_word' id='word_1_69' title='bbox 1177 995 1423 1079; x_wconf 89' lang='lat' dir='ltr'><strong>aoronychiarum</strong></span> <span class='ocrx_word' id='word_1_70' title='bbox 1442 1015 1500 1060; x_wconf 91' lang='lat' dir='ltr'><strong>nou</strong></span> <span class='ocrx_word' id='word_1_71' title='bbox 1515 1013 1712 1076; x_wconf 84' lang='lat' dir='ltr'><strong>praesuppoue</strong></span> <span class='ocrx_word' id='word_1_72' title='bbox 1744 999 1745 1002; x_wconf 75' lang='grc'>’</span> 
     </span>
     <span class='ocr_line' id='line_1_9' title="bbox 367 1084 1714 1168; baseline -0.002 -19"><span class='ocrx_word' id='word_1_73' title='bbox 367 1085 567 1149; x_wconf 84' lang='lat' dir='ltr'><strong>bisentiouem</strong></span> <span class='ocrx_word' id='word_1_74' title='bbox 599 1084 855 1158; x_wconf 79' lang='lat' dir='ltr'><strong>eccentricitatis3</strong></span> <span class='ocrx_word' id='word_1_75' title='bbox 887 1084 940 1146; x_wconf 88' lang='lat' dir='ltr'><strong>illa</strong></span> <span class='ocrx_word' id='word_1_76' title='bbox 970 1085 1144 1165; x_wconf 73' lang='lat' dir='ltr'><strong>operatione</strong></span> <span class='ocrx_word' id='word_1_77' title='bbox 1175 1104 1286 1166; x_wconf 88' lang='lat' dir='ltr'><strong>quaero</strong></span> <span class='ocrx_word' id='word_1_78' title='bbox 1319 1085 1550 1168; x_wconf 83' lang='lat' dir='ltr'><strong>hypothesin</strong></span> <span class='ocrx_word' id='word_1_79' title='bbox 1584 1092 1714 1148; x_wconf 88' lang='lat' dir='ltr'><strong>tantum</strong></span> 
     </span>
     <span class='ocr_line' id='line_1_10' title="bbox 365 1173 1713 1257; baseline 0 -23"><span class='ocrx_word' id='word_1_80' title='bbox 365 1175 556 1239; x_wconf 85' lang='lat' dir='ltr'><strong>vicariam.</strong></span> <span class='ocrx_word' id='word_1_81' title='bbox 603 1174 683 1241; x_wconf 85' lang='lat' dir='ltr'><strong>Nam</strong></span> <span class='ocrx_word' id='word_1_82' title='bbox 706 1174 858 1236; x_wconf 89' lang='lat' dir='ltr'><strong>cuniculos</strong></span> <span class='ocrx_word' id='word_1_83' title='bbox 883 1194 919 1235; x_wconf 87' lang='lat' dir='ltr'><strong>ex</strong></span> <span class='ocrx_word' id='word_1_84' title='bbox 944 1174 1203 1238; x_wconf 84' lang='lat' dir='ltr'><strong>observationibus</strong></span> <span class='ocrx_word' id='word_1_85' title='bbox 1227 1177 1257 1239; x_wconf 93' lang='lat' dir='ltr'><strong>in</strong></span> <span class='ocrx_word' id='word_1_86' title='bbox 1275 1177 1373 1257; x_wconf 81' lang='lat' dir='ltr'><strong>ipsam</strong></span> <span class='ocrx_word' id='word_1_87' title='bbox 1398 1195 1521 1238; x_wconf 80' lang='lat' dir='ltr'><strong>veram</strong></span> <span class='ocrx_word' id='word_1_88' title='bbox 1544 1173 1713 1256; x_wconf 83' lang='lat' dir='ltr'><strong>hypothesin</strong></span> 
     </span>
     <span class='ocr_line' id='line_1_11' title="bbox 366 1261 1714 1410; baseline -0.001 -84"><span class='ocrx_word' id='word_1_89' title='bbox 366 1283 457 1346; x_wconf 80' lang='lat' dir='ltr'><strong>agere</strong></span> <span class='ocrx_word' id='word_1_90' title='bbox 490 1265 597 1346; x_wconf 89' lang='lat' dir='ltr'><strong>plane</strong></span> <span class='ocrx_word' id='word_1_91' title='bbox 611 1263 749 1342; x_wconf 85' lang='lat' dir='ltr'><strong>despero.</strong></span> <span class='ocrx_word' id='word_1_92' title='bbox 810 1261 942 1343; x_wconf 84' lang='lat' dir='ltr'><strong>Oportet</strong></span> <span class='ocrx_word' id='word_1_93' title='bbox 971 1264 1090 1326; x_wconf 91' lang='lat' dir='ltr'><strong>omniuo</strong></span> <span class='ocrx_word' id='word_1_94' title='bbox 1129 1265 1274 1327; x_wconf 85' lang='lat' dir='ltr'><strong>vicariam</strong></span> <span class='ocrx_word' id='word_1_95' title='bbox 1305 1265 1510 1410; x_wconf 78' lang='lat' dir='ltr'><strong>interponere,</strong></span> <span class='ocrx_word' id='word_1_96' title='bbox 1544 1272 1651 1342; x_wconf 85' lang='lat' dir='ltr'><strong>postea</strong></span> <span class='ocrx_word' id='word_1_97' title='bbox 1684 1281 1714 1324; x_wconf 87' lang='grc' dir='ltr'><strong>ιι</strong></span> 
     </span>
     <span class='ocr_line' id='line_1_12' title="bbox 371 1353 807 1416; baseline 0 -2"><span class='ocrx_word' id='word_1_98' title='bbox 371 1355 486 1416; x_wconf 86' lang='lat' dir='ltr'><strong>vicaria</strong></span> <span class='ocrx_word' id='word_1_99' title='bbox 508 1371 610 1415; x_wconf 84' lang='lat' dir='ltr'><strong>veram</strong></span> <span class='ocrx_word' id='word_1_100' title='bbox 635 1353 807 1415; x_wconf 88' lang='lat' dir='ltr'><strong>aestimare.</strong></span> 
     </span>
    </p>

    <p class='ocr_par' dir='ltr' id='par_1_4' title="bbox 354 1401 1716 2060">
     <span class='ocr_line' id='line_1_13' title="bbox 456 1401 1714 1524; baseline -0.002 -20"><span class='ocrx_word' id='word_1_101' title='bbox 456 1443 503 1504; x_wconf 90' lang='lat' dir='ltr'><strong>De</strong></span> <span class='ocrx_word' id='word_1_102' title='bbox 542 1441 776 1524; x_wconf 88' lang='lat' dir='ltr'><strong>aequipollentia</strong></span> <span class='ocrx_word' id='word_1_103' title='bbox 812 1440 1022 1523; x_wconf 84' lang='lat' dir='ltr'><strong>hypothesium</strong></span> <span class='ocrx_word' id='word_1_104' title='bbox 1052 1442 1096 1503; x_wconf 89' lang='lat' dir='ltr'><strong>ita</strong></span> <span class='ocrx_word' id='word_1_105' title='bbox 1124 1449 1188 1518; x_wconf 91' lang='lat' dir='ltr'><strong>est,</strong></span> <span class='ocrx_word' id='word_1_106' title='bbox 1227 1449 1260 1505; x_wconf 91' lang='lat' dir='ltr'><strong>ut</strong></span> <span class='ocrx_word' id='word_1_107' title='bbox 1292 1401 1418 1523; x_wconf 80' lang='lat' dir='ltr'><strong>scripsi3</strong></span> <span class='ocrx_word' id='word_1_108' title='bbox 1451 1441 1594 1505; x_wconf 85' lang='lat' dir='ltr'><strong>limitatio</strong></span> <span class='ocrx_word' id='word_1_109' title='bbox 1625 1448 1714 1502; x_wconf 82' lang='lat' dir='ltr'><strong>tanuen</strong></span> 
     </span>
     <span class='ocr_line' id='line_1_14' title="bbox 369 1528 1715 1613; baseline -0.004 -17"><span class='ocrx_word' id='word_1_110' title='bbox 369 1533 472 1613; x_wconf 86' lang='lat' dir='ltr'><strong>aliqua</strong></span> <span class='ocrx_word' id='word_1_111' title='bbox 494 1532 634 1592; x_wconf 88' lang='lat' dir='ltr'><strong>addenda</strong></span> <span class='ocrx_word' id='word_1_112' title='bbox 658 1539 721 1607; x_wconf 88' lang='lat' dir='ltr'><strong>est,</strong></span> <span class='ocrx_word' id='word_1_113' title='bbox 747 1551 822 1611; x_wconf 91' lang='lat' dir='ltr'><strong>qnae</strong></span> <span class='ocrx_word' id='word_1_114' title='bbox 847 1538 877 1591; x_wconf 91' lang='lat' dir='ltr'><strong>te</strong></span> <span class='ocrx_word' id='word_1_115' title='bbox 903 1529 1005 1608; x_wconf 85' lang='lat' dir='ltr'><strong>fugere</strong></span> <span class='ocrx_word' id='word_1_116' title='bbox 1029 1531 1156 1594; x_wconf 88' lang='lat' dir='ltr'><strong>videtur.</strong></span> <span class='ocrx_word' id='word_1_117' title='bbox 1183 1563 1225 1574; x_wconf 90' lang='lat'>—</span> <span class='ocrx_word' id='word_1_118' title='bbox 1249 1532 1363 1611; x_wconf 83' lang='lat' dir='ltr'><strong>Accipe</strong></span> <span class='ocrx_word' id='word_1_119' title='bbox 1388 1533 1436 1594; x_wconf 90' lang='lat' dir='ltr'><strong>hic</strong></span> <span class='ocrx_word' id='word_1_120' title='bbox 1452 1531 1575 1596; x_wconf 84' lang='lat' dir='ltr'><strong>schema</strong></span> <span class='ocrx_word' id='word_1_121' title='bbox 1590 1528 1715 1593; x_wconf 90' lang='lat' dir='ltr'><strong>theoriae</strong></span> 
     </span>
     <span class='ocr_line' id='line_1_15' title="bbox 369 1618 1715 1703; baseline -0.004 -18"><span class='ocrx_word' id='word_1_122' title='bbox 369 1620 480 1685; x_wconf 87' lang='lat' dir='ltr'><strong>Martis</strong></span> <span class='ocrx_word' id='word_1_123' title='bbox 505 1627 537 1683; x_wconf 91' lang='lat' dir='ltr'><strong>et</strong></span> <span class='ocrx_word' id='word_1_124' title='bbox 559 1619 651 1695; x_wconf 89' lang='lat' dir='ltr'><strong>Solis,</strong></span> <span class='ocrx_word' id='word_1_125' title='bbox 675 1635 707 1682; x_wconf 91' lang='lat' dir='ltr'><strong>et</strong></span> <span class='ocrx_word' id='word_1_126' title='bbox 729 1639 843 1683; x_wconf 89' lang='lat' dir='ltr'><strong>mecum</strong></span> <span class='ocrx_word' id='word_1_127' title='bbox 868 1618 1042 1698; x_wconf 84' lang='lat' dir='ltr'><strong>speculare,</strong></span> <span class='ocrx_word' id='word_1_128' title='bbox 1066 1620 1213 1702; x_wconf 88' lang='lat' dir='ltr'><strong>quomodo</strong></span> <span class='ocrx_word' id='word_1_129' title='bbox 1237 1621 1389 1702; x_wconf 90' lang='lat' dir='ltr'><strong>quaelibet</strong></span> <span class='ocrx_word' id='word_1_130' title='bbox 1411 1623 1561 1703; x_wconf 83' lang='lat' dir='ltr'><strong>imperata</strong></span> <span class='ocrx_word' id='word_1_131' title='bbox 1586 1619 1715 1700; x_wconf 88' lang='lat' dir='ltr'><strong>aequatio</strong></span> 
     </span>
     <span class='ocr_line' id='line_1_16' title="bbox 354 1709 1715 1792; baseline -0.002 -19"><span class='ocrx_word' id='word_1_132' title='bbox 354 1710 496 1786; x_wconf 75' lang='lat' dir='ltr'><strong>,seorsim</strong></span> <span class='ocrx_word' id='word_1_133' title='bbox 519 1709 721 1791; x_wconf 85' lang='lat' dir='ltr'><strong>computanda</strong></span> <span class='ocrx_word' id='word_1_134' title='bbox 744 1710 801 1785; x_wconf 88' lang='lat' dir='ltr'><strong>sit,</strong></span> <span class='ocrx_word' id='word_1_135' title='bbox 826 1727 917 1792; x_wconf 88' lang='lat' dir='ltr'><strong>quarn</strong></span> <span class='ocrx_word' id='word_1_136' title='bbox 940 1710 1088 1772; x_wconf 89' lang='lat' dir='ltr'><strong>rationem</strong></span> <span class='ocrx_word' id='word_1_137' title='bbox 1111 1728 1168 1790; x_wconf 79' lang='lat' dir='ltr'><strong>ego</strong></span> <span class='ocrx_word' id='word_1_138' title='bbox 1195 1711 1325 1772; x_wconf 90' lang='lat' dir='ltr'><strong>nondum</strong></span> <span class='ocrx_word' id='word_1_139' title='bbox 1348 1711 1406 1773; x_wconf 89' lang='lat' dir='ltr'><strong>uisi</strong></span> <span class='ocrx_word' id='word_1_140' title='bbox 1430 1730 1467 1773; x_wconf 86' lang='lat' dir='ltr'><strong>ex</strong></span> <span class='ocrx_word' id='word_1_141' title='bbox 1489 1711 1606 1774; x_wconf 81' lang='lat' dir='ltr'><strong>vicaria</strong></span> <span class='ocrx_word' id='word_1_142' title='bbox 1628 1711 1715 1792; x_wconf 89' lang='lat' dir='ltr'><strong>hypo-</strong></span> 
     </span>
     <span class='ocr_line' id='line_1_17' title="bbox 367 1799 1716 1900; baseline -0.002 -39"><span class='ocrx_word' id='word_1_143' title='bbox 367 1799 448 1862; x_wconf 91' lang='lat' dir='ltr'><strong>thesi</strong></span> <span class='ocrx_word' id='word_1_144' title='bbox 470 1799 578 1861; x_wconf 89' lang='lat' dir='ltr'><strong>calleo</strong></span> <span class='ocrx_word' id='word_1_145' title='bbox 610 1800 703 1861; x_wconf 92' lang='lat' dir='ltr'><strong>Puto</strong></span> <span class='ocrx_word' id='word_1_146' title='bbox 727 1807 828 1862; x_wconf 90' lang='lat' dir='ltr'><strong>autem</strong></span> <span class='ocrx_word' id='word_1_147' title='bbox 850 1800 944 1862; x_wconf 89' lang='lat' dir='ltr'><strong>seurel</strong></span> <span class='ocrx_word' id='word_1_148' title='bbox 968 1799 1103 1862; x_wconf 88' lang='lat' dir='ltr'><strong>tabulam</strong></span> <span class='ocrx_word' id='word_1_149' title='bbox 1133 1799 1323 1900; x_wconf 81' lang='lat' dir='ltr'><strong>aequatiouis</strong></span> <span class='ocrx_word' id='word_1_150' title='bbox 1353 1801 1600 1874; x_wconf 85' lang='lat' dir='ltr'><strong>construendam,</strong></span> <span class='ocrx_word' id='word_1_151' title='bbox 1633 1817 1716 1879; x_wconf 85' lang='lat' dir='ltr'><strong>eaque</strong></span> 
     </span>
     <span class='ocr_line' id='line_1_18' title="bbox 366 1885 1715 1970; baseline 0.001 -22"><span class='ocrx_word' id='word_1_152' title='bbox 366 1889 557 1970; x_wconf 90' lang='lat' dir='ltr'><strong>postmodum</strong></span> <span class='ocrx_word' id='word_1_153' title='bbox 587 1885 745 1963; x_wconf 68' lang='lat' dir='ltr'><strong>utendum</strong></span> <span class='ocrx_word' id='word_1_154' title='bbox 772 1903 912 1970; x_wconf 87' lang='lat' dir='ltr'><strong>‘possum</strong></span> <span class='ocrx_word' id='word_1_155' title='bbox 944 1897 1043 1952; x_wconf 88' lang='lat' dir='ltr'><strong>autem</strong></span> <span class='ocrx_word' id='word_1_156' title='bbox 1072 1909 1110 1950; x_wconf 84' lang='lat' dir='ltr'><strong>ex</strong></span> <span class='ocrx_word' id='word_1_157' title='bbox 1137 1889 1211 1952; x_wconf 87' lang='lat' dir='ltr'><strong>&#39;vera</strong></span> <span class='ocrx_word' id='word_1_158' title='bbox 1240 1889 1374 1952; x_wconf 86' lang='lat' dir='ltr'><strong>tabulam</strong></span> <span class='ocrx_word' id='word_1_159' title='bbox 1405 1890 1507 1953; x_wconf 91' lang='lat' dir='ltr'><strong>ordine</strong></span> <span class='ocrx_word' id='word_1_160' title='bbox 1540 1897 1715 1962; x_wconf 88' lang='lat' dir='ltr'><strong>construere,</strong></span> 
     </span>
     <span class='ocr_line' id='line_1_19' title="bbox 367 1957 1681 2086; baseline 0 -46"><span class='ocrx_word' id='word_1_161' title='bbox 367 1977 417 2040; x_wconf 91' lang='lat' dir='ltr'><strong>ubi</strong></span> <span class='ocrx_word' id='word_1_162' title='bbox 440 1997 559 2086; x_wconf 86' lang='lat' dir='ltr'><strong>semper</strong></span> <span class='ocrx_word' id='word_1_163' title='bbox 581 1978 731 2058; x_wconf 88' lang='lat' dir='ltr'><strong>posterior</strong></span> <span class='ocrx_word' id='word_1_164' title='bbox 753 1979 893 2060; x_wconf 88' lang='lat' dir='ltr'><strong>aequatio</strong></span> <span class='ocrx_word' id='word_1_165' title='bbox 916 1979 1131 2057; x_wconf 76' lang='lat' dir='ltr'><strong>praesupponit</strong></span> <span class='ocrx_word' id='word_1_166' title='bbox 1154 1957 1300 2058; x_wconf 86' lang='lat' dir='ltr'><strong>priorem,</strong></span> <span class='ocrx_word' id='word_1_167' title='bbox 1324 1999 1418 2059; x_wconf 89' lang='lat' dir='ltr'><strong>nsque</strong></span> <span class='ocrx_word' id='word_1_168' title='bbox 1442 1980 1480 2042; x_wconf 91' lang='lat' dir='ltr'><strong>ad</strong></span> <span class='ocrx_word' id='word_1_169' title='bbox 1505 1997 1681 2083; x_wconf 84' lang='lat' dir='ltr'><strong>apogaeum</strong></span> 
     </span>
    </p>

    <p class='ocr_par' dir='ltr' id='par_1_5' title="bbox 911 2065 1717 2145">
     <span class='ocr_line' id='line_1_20' title="bbox 911 2065 1717 2145; baseline -0.001 -16"><span class='ocrx_word' id='word_1_170' title='bbox 911 2065 1019 2142; x_wconf 88' lang='lat' dir='ltr'><strong>ASol,</strong></span> <span class='ocrx_word' id='word_1_171' title='bbox 1045 2068 1102 2130; x_wconf 88' lang='lat' dir='ltr'><strong>AB</strong></span> <span class='ocrx_word' id='word_1_172' title='bbox 1123 2067 1224 2130; x_wconf 88' lang='lat' dir='ltr'><strong>radius</strong></span> <span class='ocrx_word' id='word_1_173' title='bbox 1249 2068 1330 2130; x_wconf 90' lang='lat' dir='ltr'><strong>orbis</strong></span> <span class='ocrx_word' id='word_1_174' title='bbox 1344 2069 1465 2145; x_wconf 88' lang='lat' dir='ltr'><strong>Martis,</strong></span> <span class='ocrx_word' id='word_1_175' title='bbox 1489 2065 1559 2132; x_wconf 85' lang='lat' dir='ltr'><strong>Bo</strong></span> <span class='ocrx_word' id='word_1_176' title='bbox 1568 2068 1717 2130; x_wconf 79' lang='lat' dir='ltr'><strong>uerissima</strong></span> 
     </span>
    </p>

    <p class='ocr_par' dir='ltr' id='par_1_6' title="bbox 716 2154 1714 2244">
     <span class='ocr_line' id='line_1_21' title="bbox 716 2154 1714 2244; baseline 0.001 -26"><span class='ocrx_word' id='word_1_177' title='bbox 716 2234 719 2244; x_wconf 30' lang='grc' dir='ltr'>Ι</span> <span class='ocrx_word' id='word_1_178' title='bbox 824 2155 1045 2219; x_wconf 87' lang='lat' dir='ltr'><strong>eccentricitas.</strong></span> <span class='ocrx_word' id='word_1_179' title='bbox 1100 2154 1217 2227; x_wconf 79' lang='lat' dir='ltr'><strong>Quodsi</strong></span> <span class='ocrx_word' id='word_1_180' title='bbox 1250 2156 1304 2220; x_wconf 88' lang='lat' dir='ltr'><strong>Sel</strong></span> <span class='ocrx_word' id='word_1_181' title='bbox 1333 2177 1394 2221; x_wconf 91' lang='lat' dir='ltr'><strong>non</strong></span> <span class='ocrx_word' id='word_1_182' title='bbox 1431 2165 1553 2238; x_wconf 90' lang='lat' dir='ltr'><strong>raperet</strong></span> <span class='ocrx_word' id='word_1_183' title='bbox 1584 2159 1714 2232; x_wconf 82' lang='lat' dir='ltr'><strong>Martem,</strong></span> 
     </span>
    </p>

    <p class='ocr_par' dir='ltr' id='par_1_7' title="bbox 824 2243 1716 2325">
     <span class='ocr_line' id='line_1_22' title="bbox 824 2243 1716 2325; baseline 0 -17"><span class='ocrx_word' id='word_1_184' title='bbox 824 2247 910 2308; x_wconf 87' lang='lat' dir='ltr'><strong>Mars</strong></span> <span class='ocrx_word' id='word_1_185' title='bbox 934 2267 952 2307; x_wconf 90' lang='grc' dir='ltr'><strong>ι</strong></span> <span class='ocrx_word' id='word_1_186' title='bbox 977 2243 1002 2308; x_wconf 84' lang='lat' dir='ltr'>C</span> <span class='ocrx_word' id='word_1_187' title='bbox 1026 2247 1126 2325; x_wconf 91' lang='lat' dir='ltr'><strong>perl,</strong></span> <span class='ocrx_word' id='word_1_188' title='bbox 1147 2247 1187 2320; x_wconf 89' lang='grc' dir='ltr'><strong>Η,</strong></span> <span class='ocrx_word' id='word_1_189' title='bbox 1204 2244 1234 2308; x_wconf 85' lang='lat' dir='ltr'><strong>G</strong></span> <span class='ocrx_word' id='word_1_190' title='bbox 1257 2247 1331 2318; x_wconf 69' lang='lat' dir='ltr'><strong>ins</strong></span> <span class='ocrx_word' id='word_1_191' title='bbox 1353 2247 1507 2310; x_wconf 83' lang='lat' dir='ltr'><strong>circellum</strong></span> <span class='ocrx_word' id='word_1_192' title='bbox 1530 2247 1716 2318; x_wconf 81' lang='lat' dir='ltr'><strong>describeret</strong></span> 
     </span>
    </p>

    <p class='ocr_par' dir='ltr' id='par_1_8' title="bbox 825 2323 1716 2416">
     <span class='ocr_line' id='line_1_23' title="bbox 825 2323 1716 2416; baseline 0 -20"><span class='ocrx_word' id='word_1_193' title='bbox 825 2334 910 2415; x_wconf 87' lang='lat' dir='ltr'><strong>cujus</strong></span> <span class='ocrx_word' id='word_1_194' title='bbox 934 2334 1145 2397; x_wconf 89' lang='lat' dir='ltr'><strong>eccentricitas</strong></span> <span class='ocrx_word' id='word_1_195' title='bbox 1161 2323 1257 2408; x_wconf 78' lang='lat'><strong>9165,</strong></span> <span class='ocrx_word' id='word_1_196' title='bbox 1282 2337 1413 2416; x_wconf 87' lang='lat' dir='ltr'><strong>qualium</strong></span> <span class='ocrx_word' id='word_1_197' title='bbox 1430 2337 1485 2400; x_wconf 88' lang='lat' dir='ltr'><strong>AB</strong></span> <span class='ocrx_word' id='word_1_198' title='bbox 1505 2333 1645 2402; x_wconf 80' lang='lat'>100000.</span> <span class='ocrx_word' id='word_1_199' title='bbox 1677 2337 1716 2399; x_wconf 81' lang='lat' dir='ltr'><strong>Ao</strong></span> 
     </span>
    </p>

    <p class='ocr_par' dir='ltr' id='par_1_9' title="bbox 781 2424 1718 2500">
     <span class='ocr_line' id='line_1_24' title="bbox 781 2424 1718 2500; baseline 0 -14"><span class='ocrx_word' id='word_1_200' title='bbox 781 2493 785 2500; x_wconf 52' lang='grc'>,</span> <span class='ocrx_word' id='word_1_201' title='bbox 826 2425 988 2486; x_wconf 86' lang='lat' dir='ltr'><strong>etiamnum</strong></span> <span class='ocrx_word' id='word_1_202' title='bbox 1026 2425 1169 2486; x_wconf 90' lang='lat' dir='ltr'><strong>describit</strong></span> <span class='ocrx_word' id='word_1_203' title='bbox 1206 2425 1287 2488; x_wconf 87' lang='lat' dir='ltr'><strong>illum</strong></span> <span class='ocrx_word' id='word_1_204' title='bbox 1325 2426 1442 2488; x_wconf 90' lang='lat' dir='ltr'><strong>ratione</strong></span> <span class='ocrx_word' id='word_1_205' title='bbox 1475 2425 1574 2490; x_wconf 88' lang='lat' dir='ltr'><strong>lineae</strong></span> <span class='ocrx_word' id='word_1_206' title='bbox 1607 2424 1663 2490; x_wconf 83' lang='lat' dir='ltr'><strong>Ac</strong></span> <span class='ocrx_word' id='word_1_207' title='bbox 1691 2433 1718 2486; x_wconf 89' lang='lat' dir='ltr'><strong>et</strong></span> 
     </span>
    </p>

    <p class='ocr_par' dir='ltr' id='par_1_10' title="bbox 825 2512 1717 2598">
     <span class='ocr_line' id='line_1_25' title="bbox 825 2512 1717 2598; baseline 0 -23"><span class='ocrx_word' id='word_1_208' title='bbox 825 2512 922 2575; x_wconf 91' lang='lat' dir='ltr'><strong>centri</strong></span> <span class='ocrx_word' id='word_1_209' title='bbox 948 2515 988 2587; x_wconf 85' lang='grc' dir='ltr'><strong>Α,</strong></span> <span class='ocrx_word' id='word_1_210' title='bbox 1013 2512 1067 2576; x_wconf 80' lang='grc' dir='ltr'><strong>ιιι</strong></span> <span class='ocrx_word' id='word_1_211' title='bbox 1092 2513 1290 2593; x_wconf 86' lang='lat' dir='ltr'><strong>inaequaliter</strong></span> <span class='ocrx_word' id='word_1_212' title='bbox 1313 2523 1411 2578; x_wconf 87' lang='lat' dir='ltr'><strong>motus</strong></span> <span class='ocrx_word' id='word_1_213' title='bbox 1434 2535 1489 2598; x_wconf 91' lang='lat' dir='ltr'><strong>per</strong></span> <span class='ocrx_word' id='word_1_214' title='bbox 1508 2515 1662 2578; x_wconf 88' lang='lat' dir='ltr'><strong>ambitum.</strong></span> <span class='ocrx_word' id='word_1_215' title='bbox 1692 2515 1717 2576; x_wconf 89' lang='lat' dir='ltr'><strong>Is</strong></span> 
     </span>
    </p>

    <p class='ocr_par' dir='ltr' id='par_1_11' title="bbox 825 2602 1715 2672">
     <span class='ocr_line' id='line_1_26' title="bbox 825 2602 1715 2672; baseline 0 -8"><span class='ocrx_word' id='word_1_216' title='bbox 825 2611 968 2672; x_wconf 67' lang='lat' dir='ltr'><strong>motus&amp;</strong></span> <span class='ocrx_word' id='word_1_217' title='bbox 991 2602 1133 2666; x_wconf 88' lang='lat' dir='ltr'><strong>consistit</strong></span> <span class='ocrx_word' id='word_1_218' title='bbox 1156 2602 1323 2666; x_wconf 87' lang='lat' dir='ltr'><strong>innitendo</strong></span> <span class='ocrx_word' id='word_1_219' title='bbox 1347 2613 1455 2670; x_wconf 86' lang='lat' dir='ltr'><strong>contra</strong></span> <span class='ocrx_word' id='word_1_220' title='bbox 1475 2604 1622 2668; x_wconf 86' lang='lat' dir='ltr'><strong>virtutem</strong></span> <span class='ocrx_word' id='word_1_221' title='bbox 1635 2604 1715 2668; x_wconf 88' lang='lat' dir='ltr'><strong>Solis.</strong></span> 
     </span>
    </p>

    <p class='ocr_par' dir='ltr' id='par_1_12' title="bbox 824 2690 1717 2773">
     <span class='ocr_line' id='line_1_27' title="bbox 824 2690 1717 2773; baseline -0.002 -17"><span class='ocrx_word' id='word_1_222' title='bbox 824 2693 903 2756; x_wconf 84' lang='lat' dir='ltr'><strong>Nam</strong></span> <span class='ocrx_word' id='word_1_223' title='bbox 940 2693 971 2754; x_wconf 92' lang='lat' dir='ltr'><strong>in</strong></span> <span class='ocrx_word' id='word_1_224' title='bbox 1007 2690 1152 2772; x_wconf 91' lang='lat' dir='ltr'><strong>principio</strong></span> <span class='ocrx_word' id='word_1_225' title='bbox 1195 2700 1227 2755; x_wconf 92' lang='lat' dir='ltr'><strong>et</strong></span> <span class='ocrx_word' id='word_1_226' title='bbox 1262 2694 1407 2773; x_wconf 87' lang='lat' dir='ltr'><strong>temporis</strong></span> <span class='ocrx_word' id='word_1_227' title='bbox 1444 2694 1639 2758; x_wconf 86' lang='lat' dir='ltr'><strong>restitutione</strong></span> <span class='ocrx_word' id='word_1_228' title='bbox 1673 2713 1717 2756; x_wconf 89' lang='grc' dir='ltr'><strong>ιιι</strong></span> 
     </span>
    </p>

    <p class='ocr_par' dir='ltr' id='par_1_13' title="bbox 826 2781 1715 2864">
     <span class='ocr_line' id='line_1_28' title="bbox 826 2781 1715 2864; baseline 0 -20"><span class='ocrx_word' id='word_1_229' title='bbox 826 2781 995 2844; x_wconf 86' lang='lat' dir='ltr'><strong>anomaliae</strong></span> <span class='ocrx_word' id='word_1_230' title='bbox 1019 2781 1125 2844; x_wconf 91' lang='lat' dir='ltr'><strong>nititur</strong></span> <span class='ocrx_word' id='word_1_231' title='bbox 1139 2781 1254 2845; x_wconf 88' lang='lat' dir='ltr'><strong>directe</strong></span> <span class='ocrx_word' id='word_1_232' title='bbox 1269 2792 1360 2859; x_wconf 86' lang='lat' dir='ltr'><strong>retro,</strong></span> <span class='ocrx_word' id='word_1_233' title='bbox 1385 2784 1413 2846; x_wconf 91' lang='lat' dir='ltr'><strong>iu</strong></span> <span class='ocrx_word' id='word_1_234' title='bbox 1430 2793 1535 2864; x_wconf 85' lang='lat' dir='ltr'><strong>quarto</strong></span> <span class='ocrx_word' id='word_1_235' title='bbox 1557 2784 1715 2847; x_wconf 84' lang='lat' dir='ltr'><strong>anomaliae</strong></span> 
     </span>
    </p>

    <p class='ocr_par' dir='ltr' id='par_1_14' title="bbox 824 2870 1715 2951">
     <span class='ocr_line' id='line_1_29' title="bbox 824 2870 1715 2951; baseline 0.003 -20"><span class='ocrx_word' id='word_1_236' title='bbox 824 2871 913 2950; x_wconf 90' lang='lat' dir='ltr'><strong>paulo</strong></span> <span class='ocrx_word' id='word_1_237' title='bbox 937 2879 1008 2950; x_wconf 91' lang='lat' dir='ltr'><strong>post</strong></span> <span class='ocrx_word' id='word_1_238' title='bbox 1027 2870 1101 2934; x_wconf 92' lang='lat' dir='ltr'><strong>inH</strong></span> <span class='ocrx_word' id='word_1_239' title='bbox 1123 2872 1241 2951; x_wconf 87' lang='lat' dir='ltr'><strong>positus</strong></span> <span class='ocrx_word' id='word_1_240' title='bbox 1272 2873 1386 2936; x_wconf 89' lang='lat' dir='ltr'><strong>directe</strong></span> <span class='ocrx_word' id='word_1_241' title='bbox 1410 2873 1528 2936; x_wconf 90' lang='lat' dir='ltr'><strong>vehitur</strong></span> <span class='ocrx_word' id='word_1_242' title='bbox 1549 2874 1591 2936; x_wconf 90' lang='lat' dir='ltr'><strong>sd</strong></span> <span class='ocrx_word' id='word_1_243' title='bbox 1615 2871 1671 2950; x_wconf 92' lang='lat' dir='ltr'><strong>Q;</strong></span> <span class='ocrx_word' id='word_1_244' title='bbox 1692 2873 1715 2934; x_wconf 90' lang='lat' dir='ltr'><strong>iu</strong></span> 
     </span>
    </p>

    <p class='ocr_par' dir='ltr' id='par_1_15' title="bbox 824 2957 1715 3042">
     <span class='ocr_line' id='line_1_30' title="bbox 824 2957 1715 3042; baseline 0 -20"><span class='ocrx_word' id='word_1_245' title='bbox 824 2959 948 3022; x_wconf 91' lang='lat' dir='ltr'><strong>dimidio</strong></span> <span class='ocrx_word' id='word_1_246' title='bbox 971 2959 1088 3039; x_wconf 90' lang='lat' dir='ltr'><strong>positus</strong></span> <span class='ocrx_word' id='word_1_247' title='bbox 1111 2961 1142 3022; x_wconf 91' lang='lat' dir='ltr'><strong>in</strong></span> <span class='ocrx_word' id='word_1_248' title='bbox 1165 2962 1204 3038; x_wconf 81' lang='lat' dir='ltr'><strong>F,</strong></span> <span class='ocrx_word' id='word_1_249' title='bbox 1228 2980 1316 3042; x_wconf 87' lang='lat' dir='ltr'><strong>porro</strong></span> <span class='ocrx_word' id='word_1_250' title='bbox 1335 2957 1464 3025; x_wconf 82' lang='lat' dir='ltr'><strong>nititur.</strong></span> <span class='ocrx_word' id='word_1_251' title='bbox 1509 2963 1614 3024; x_wconf 87' lang='lat' dir='ltr'><strong>Habet</strong></span> <span class='ocrx_word' id='word_1_252' title='bbox 1636 2963 1715 3041; x_wconf 83' lang='lat' dir='ltr'><strong>igitur</strong></span> 
     </span>
    </p>

    <p class='ocr_par' dir='ltr' id='par_1_16' title="bbox 823 3049 1714 3130">
     <span class='ocr_line' id='line_1_31' title="bbox 823 3049 1714 3130; baseline -0.001 -19"><span class='ocrx_word' id='word_1_253' title='bbox 823 3050 871 3111; x_wconf 92' lang='lat' dir='ltr'><strong>hic</strong></span> <span class='ocrx_word' id='word_1_254' title='bbox 896 3049 978 3111; x_wconf 89' lang='lat' dir='ltr'><strong>uisus</strong></span> <span class='ocrx_word' id='word_1_255' title='bbox 1009 3057 1178 3130; x_wconf 90' lang='lat' dir='ltr'><strong>respectum</strong></span> <span class='ocrx_word' id='word_1_256' title='bbox 1210 3053 1392 3114; x_wconf 81' lang='lat' dir='ltr'><strong>tautumad</strong></span> <span class='ocrx_word' id='word_1_257' title='bbox 1414 3053 1556 3114; x_wconf 91' lang='lat' dir='ltr'><strong>virtutem</strong></span> <span class='ocrx_word' id='word_1_258' title='bbox 1587 3049 1640 3130; x_wconf 93' lang='lat' dir='ltr'><strong>Q.</strong></span> <span class='ocrx_word' id='word_1_259' title='bbox 1682 3050 1714 3114; x_wconf 82' lang='lat' dir='ltr'><strong>Et</strong></span> 
     </span>
    </p>

    <p class='ocr_par' dir='ltr' id='par_1_17' title="bbox 367 3137 1718 4294">
     <span class='ocr_line' id='line_1_32' title="bbox 373 3137 1713 3224; baseline -0.006 -16"><span class='ocrx_word' id='word_1_260' title='bbox 373 3151 423 3208; x_wconf 90' lang='lat' dir='ltr'><strong>est</strong></span> <span class='ocrx_word' id='word_1_261' title='bbox 445 3142 594 3224; x_wconf 88' lang='lat' dir='ltr'><strong>aequalis,</strong></span> <span class='ocrx_word' id='word_1_262' title='bbox 629 3140 699 3219; x_wconf 88' lang='lat' dir='ltr'><strong>quis</strong></span> <span class='ocrx_word' id='word_1_263' title='bbox 721 3139 905 3219; x_wconf 89' lang='lat' dir='ltr'><strong>temporibus</strong></span> <span class='ocrx_word' id='word_1_264' title='bbox 938 3137 1113 3220; x_wconf 87' lang='lat' dir='ltr'><strong>aequalibus</strong></span> <span class='ocrx_word' id='word_1_265' title='bbox 1142 3159 1229 3202; x_wconf 87' lang='lat' dir='ltr'><strong>arcus</strong></span> <span class='ocrx_word' id='word_1_266' title='bbox 1253 3141 1409 3220; x_wconf 83' lang='lat' dir='ltr'><strong>aequales,</strong></span> <span class='ocrx_word' id='word_1_267' title='bbox 1435 3139 1713 3204; x_wconf 88' lang='lat' dir='ltr'><strong>circa·centrumB</strong></span> 
     </span>
     <span class='ocr_line' id='line_1_33' title="bbox 370 3226 1711 3315; baseline -0.004 -18"><span class='ocrx_word' id='word_1_268' title='bbox 370 3233 573 3315; x_wconf 82' lang='lat' dir='ltr'><strong>inaequaliter</strong></span> <span class='ocrx_word' id='word_1_269' title='bbox 595 3237 707 3292; x_wconf 90' lang='lat' dir='ltr'><strong>ructum</strong></span> <span class='ocrx_word' id='word_1_270' title='bbox 732 3229 860 3291; x_wconf 83' lang='lat' dir='ltr'><strong>conficit.</strong></span> <span class='ocrx_word' id='word_1_271' title='bbox 908 3226 1037 3299; x_wconf 80' lang='lat' dir='ltr'><strong>Quando</strong></span> <span class='ocrx_word' id='word_1_272' title='bbox 1062 3229 1138 3305; x_wconf 88' lang='lat' dir='ltr'><strong>dieo,</strong></span> <span class='ocrx_word' id='word_1_273' title='bbox 1163 3229 1316 3307; x_wconf 87' lang='lat' dir='ltr'><strong>planetam</strong></span> <span class='ocrx_word' id='word_1_274' title='bbox 1340 3229 1491 3309; x_wconf 86' lang='lat' dir='ltr'><strong>respicere</strong></span> <span class='ocrx_word' id='word_1_275' title='bbox 1513 3229 1659 3294; x_wconf 87' lang='lat' dir='ltr'><strong>virtutem</strong></span> <span class='ocrx_word' id='word_1_276' title='bbox 1681 3226 1711 3306; x_wconf 85' lang='lat' dir='ltr'><strong>Q</strong></span> 
     </span>
     <span class='ocr_line' id='line_1_34' title="bbox 367 3319 1713 3401; baseline -0.004 -16"><span class='ocrx_word' id='word_1_277' title='bbox 367 3322 535 3398; x_wconf 87' lang='lat' dir='ltr'><strong>innitendo,</strong></span> <span class='ocrx_word' id='word_1_278' title='bbox 560 3319 678 3400; x_wconf 81' lang='lat' dir='ltr'><strong>explico</strong></span> <span class='ocrx_word' id='word_1_279' title='bbox 702 3337 823 3379; x_wconf 88' lang='lat' dir='ltr'><strong>causam</strong></span> <span class='ocrx_word' id='word_1_280' title='bbox 846 3319 1002 3400; x_wconf 89' lang='lat' dir='ltr'><strong>physicam</strong></span> <span class='ocrx_word' id='word_1_281' title='bbox 1022 3325 1121 3380; x_wconf 87' lang='lat' dir='ltr'><strong>motus</strong></span> <span class='ocrx_word' id='word_1_282' title='bbox 1144 3319 1305 3398; x_wconf 87' lang='lat' dir='ltr'><strong>planetae;</strong></span> <span class='ocrx_word' id='word_1_283' title='bbox 1329 3319 1448 3400; x_wconf 88' lang='lat' dir='ltr'><strong>quando</strong></span> <span class='ocrx_word' id='word_1_284' title='bbox 1470 3319 1547 3394; x_wconf 87' lang='lat' dir='ltr'><strong>dico,</strong></span> <span class='ocrx_word' id='word_1_285' title='bbox 1572 3320 1713 3401; x_wconf 88' lang='lat' dir='ltr'><strong>respicere</strong></span> 
     </span>
     <span class='ocr_line' id='line_1_35' title="bbox 370 3407 1715 3489; baseline -0.006 -15"><span class='ocrx_word' id='word_1_286' title='bbox 370 3411 562 3485; x_wconf 85' lang='lat' dir='ltr'><strong>centrumB‚</strong></span> <span class='ocrx_word' id='word_1_287' title='bbox 587 3409 705 3489; x_wconf 84' lang='lat' dir='ltr'><strong>explico</strong></span> <span class='ocrx_word' id='word_1_288' title='bbox 729 3408 847 3470; x_wconf 90' lang='lat' dir='ltr'><strong>modum</strong></span> <span class='ocrx_word' id='word_1_289' title='bbox 871 3415 994 3474; x_wconf 86' lang='lat' dir='ltr'><strong>nostres</strong></span> <span class='ocrx_word' id='word_1_290' title='bbox 1018 3407 1246 3470; x_wconf 87' lang='lat' dir='ltr'><strong>intellectionis</strong></span> <span class='ocrx_word' id='word_1_291' title='bbox 1280 3407 1348 3470; x_wconf 90' lang='lat' dir='ltr'><strong>Nou</strong></span> <span class='ocrx_word' id='word_1_292' title='bbox 1365 3409 1444 3470; x_wconf 93' lang='lat' dir='ltr'><strong>enim</strong></span> <span class='ocrx_word' id='word_1_293' title='bbox 1461 3417 1543 3489; x_wconf 91' lang='lat' dir='ltr'><strong>puto,</strong></span> <span class='ocrx_word' id='word_1_294' title='bbox 1568 3409 1715 3488; x_wconf 87' lang='lat' dir='ltr'><strong>planetam</strong></span> 
     </span>
     <span class='ocr_line' id='line_1_36' title="bbox 370 3496 1717 3600; baseline -0.004 -38"><span class='ocrx_word' id='word_1_295' title='bbox 370 3501 410 3562; x_wconf 88' lang='lat' dir='ltr'><strong>ad</strong></span> <span class='ocrx_word' id='word_1_296' title='bbox 433 3498 590 3580; x_wconf 88' lang='lat' dir='ltr'><strong>aliquod&#39;</strong></span> <span class='ocrx_word' id='word_1_297' title='bbox 582 3496 794 3576; x_wconf 84' lang='lat' dir='ltr'><strong>rmaginarium</strong></span> <span class='ocrx_word' id='word_1_298' title='bbox 826 3507 960 3580; x_wconf 82' lang='lat' dir='ltr'><strong>centrum</strong></span> <span class='ocrx_word' id='word_1_299' title='bbox 991 3497 1157 3576; x_wconf 86' lang='lat' dir='ltr'><strong>respicere,</strong></span> <span class='ocrx_word' id='word_1_300' title='bbox 1187 3503 1221 3560; x_wconf 92' lang='lat' dir='ltr'><strong>ut</strong></span> <span class='ocrx_word' id='word_1_301' title='bbox 1250 3515 1324 3569; x_wconf 89' lang='lat' dir='ltr'><strong>nos,</strong></span> <span class='ocrx_word' id='word_1_302' title='bbox 1355 3498 1463 3600; x_wconf 88' lang='lat' dir='ltr'><strong>quibus</strong></span> <span class='ocrx_word' id='word_1_303' title='bbox 1486 3507 1534 3560; x_wconf 87' lang='lat' dir='ltr'><strong>est</strong></span> <span class='ocrx_word' id='word_1_304' title='bbox 1562 3498 1670 3562; x_wconf 86' lang='lat' dir='ltr'><strong>charta</strong></span> <span class='ocrx_word' id='word_1_305' title='bbox 1690 3503 1717 3556; x_wconf 90' lang='grc' dir='ltr'><strong>ιι</strong></span> 
     </span>
     <span class='ocr_line' id='line_1_37' title="bbox 371 3585 1715 3672; baseline -0.004 -20"><span class='ocrx_word' id='word_1_306' title='bbox 371 3607 506 3672; x_wconf 89' lang='lat' dir='ltr'><strong>papyrus</strong></span> <span class='ocrx_word' id='word_1_307' title='bbox 527 3587 698 3650; x_wconf 86' lang='lat' dir='ltr'><strong>admanus.</strong></span> <span class='ocrx_word' id='word_1_308' title='bbox 735 3585 838 3649; x_wconf 88' lang='lat' dir='ltr'><strong>Solem</strong></span> <span class='ocrx_word' id='word_1_309' title='bbox 860 3587 992 3648; x_wconf 87' lang='lat' dir='ltr'><strong>concedo</strong></span> <span class='ocrx_word' id='word_1_310' title='bbox 1017 3587 1166 3666; x_wconf 87' lang='lat' dir='ltr'><strong>respicere</strong></span> <span class='ocrx_word' id='word_1_311' title='bbox 1190 3586 1375 3666; x_wconf 84' lang='lat' dir='ltr'><strong>planetam&#39;</strong></span> <span class='ocrx_word' id='word_1_312' title='bbox 1367 3607 1397 3649; x_wconf 92' lang='grc' dir='ltr'><strong>ιιι</strong></span> <span class='ocrx_word' id='word_1_313' title='bbox 1414 3587 1586 3668; x_wconf 88' lang='lat' dir='ltr'><strong>quantitate</strong></span> <span class='ocrx_word' id='word_1_314' title='bbox 1611 3585 1715 3650; x_wconf 81' lang='lat' dir='ltr'><strong>airceti</strong></span> 
     </span>
     <span class='ocr_line' id='line_1_38' title="bbox 372 3671 1716 3757; baseline -0.004 -16"><span class='ocrx_word' id='word_1_315' title='bbox 372 3676 517 3752; x_wconf 90' lang='lat' dir='ltr'><strong>tenenda,</strong></span> <span class='ocrx_word' id='word_1_316' title='bbox 542 3677 613 3756; x_wconf 88' lang='lat' dir='ltr'><strong>quia</strong></span> <span class='ocrx_word' id='word_1_317' title='bbox 642 3671 694 3751; x_wconf 95' lang='lat' dir='ltr'><strong>Q,</strong></span> <span class='ocrx_word' id='word_1_318' title='bbox 719 3675 796 3737; x_wconf 88' lang='lat' dir='ltr'><strong>lons</strong></span> <span class='ocrx_word' id='word_1_319' title='bbox 810 3675 948 3750; x_wconf 68' lang='lat' dir='ltr'><strong>obtutis,</strong></span> <span class='ocrx_word' id='word_1_320' title='bbox 977 3675 1037 3736; x_wconf 91' lang='lat' dir='ltr'><strong>alio</strong></span> <span class='ocrx_word' id='word_1_321' title='bbox 1061 3684 1093 3739; x_wconf 92' lang='lat' dir='ltr'><strong>et</strong></span> <span class='ocrx_word' id='word_1_322' title='bbox 1119 3675 1179 3740; x_wconf 91' lang='lat' dir='ltr'><strong>alio</strong></span> <span class='ocrx_word' id='word_1_323' title='bbox 1208 3675 1318 3754; x_wconf 85' lang='lat' dir='ltr'><strong>angulo</strong></span> <span class='ocrx_word' id='word_1_324' title='bbox 1346 3677 1478 3738; x_wconf 90' lang='lat' dir='ltr'><strong>cernitur</strong></span> <span class='ocrx_word' id='word_1_325' title='bbox 1501 3684 1533 3739; x_wconf 91' lang='lat' dir='ltr'><strong>et</strong></span> <span class='ocrx_word' id='word_1_326' title='bbox 1555 3695 1575 3737; x_wconf 85' lang='lat' dir='ltr'><strong>a</strong></span> <span class='ocrx_word' id='word_1_327' title='bbox 1598 3677 1716 3757; x_wconf 88' lang='lat' dir='ltr'><strong>planeta</strong></span> 
     </span>
     <span class='ocr_line' id='line_1_39' title="bbox 372 3763 1713 3852; baseline -0.005 -22"><span class='ocrx_word' id='word_1_328' title='bbox 372 3763 589 3847; x_wconf 81' lang='lat' dir='ltr'><strong>imaginatione</strong></span> <span class='ocrx_word' id='word_1_329' title='bbox 613 3763 797 3843; x_wconf 85' lang='lat' dir='ltr'><strong>coneipitur;</strong></span> <span class='ocrx_word' id='word_1_330' title='bbox 820 3773 894 3846; x_wconf 91' lang='lat' dir='ltr'><strong>puto</strong></span> <span class='ocrx_word' id='word_1_331' title='bbox 919 3763 1065 3830; x_wconf 87' lang='lat' dir='ltr'><strong>euimhas</strong></span> <span class='ocrx_word' id='word_1_332' title='bbox 1088 3765 1306 3852; x_wconf 82' lang='lat' dir='ltr'><strong>intelligentias</strong></span> <span class='ocrx_word' id='word_1_333' title='bbox 1325 3764 1370 3828; x_wconf 89' lang='lat' dir='ltr'><strong>ita</strong></span> <span class='ocrx_word' id='word_1_334' title='bbox 1393 3764 1592 3828; x_wconf 87' lang='lat' dir='ltr'><strong>materialiter</strong></span> <span class='ocrx_word' id='word_1_335' title='bbox 1613 3766 1713 3845; x_wconf 86' lang='lat' dir='ltr'><strong>dispe·</strong></span> 
     </span>
     <span class='ocr_line' id='line_1_40' title="bbox 371 3853 1718 3936; baseline -0.003 -16"><span class='ocrx_word' id='word_1_336' title='bbox 371 3857 509 3931; x_wconf 72' lang='lat' dir='ltr'><strong>niteant</strong></span> <span class='ocrx_word' id='word_1_337' title='bbox 524 3873 599 3936; x_wconf 87' lang='lat' dir='ltr'><strong>quae</strong></span> <span class='ocrx_word' id='word_1_338' title='bbox 614 3872 669 3916; x_wconf 91' lang='lat' dir='ltr'><strong>nos</strong></span> <span class='ocrx_word' id='word_1_339' title='bbox 683 3855 778 3916; x_wconf 90' lang='lat' dir='ltr'><strong>oculis</strong></span> <span class='ocrx_word' id='word_1_340' title='bbox 794 3855 952 3928; x_wconf 87' lang='lat' dir='ltr'><strong>cernimus,</strong></span> <span class='ocrx_word' id='word_1_341' title='bbox 969 3854 1038 3916; x_wconf 88' lang='lat' dir='ltr'><strong>illae</strong></span> <span class='ocrx_word' id='word_1_342' title='bbox 1053 3854 1136 3916; x_wconf 86' lang='lat' dir='ltr'><strong>alia</strong></span> <span class='ocrx_word' id='word_1_343' title='bbox 1128 3853 1324 3936; x_wconf 89' lang='lat' dir='ltr'><strong>rmpressione</strong></span> <span class='ocrx_word' id='word_1_344' title='bbox 1347 3855 1537 3935; x_wconf 89' lang='lat' dir='ltr'><strong>concipiant:</strong></span> <span class='ocrx_word' id='word_1_345' title='bbox 1560 3861 1718 3936; x_wconf 82' lang='lat' dir='ltr'><strong>propterea</strong></span> 
     </span>
     <span class='ocr_line' id='line_1_41' title="bbox 372 3943 1712 4025; baseline -0.002 -17"><span class='ocrx_word' id='word_1_346' title='bbox 372 3963 439 4008; x_wconf 83' lang='lat' dir='ltr'><strong>sese</strong></span> <span class='ocrx_word' id='word_1_347' title='bbox 462 3953 494 4006; x_wconf 89' lang='lat' dir='ltr'><strong>et</strong></span> <span class='ocrx_word' id='word_1_348' title='bbox 516 3943 652 4007; x_wconf 89' lang='lat' dir='ltr'><strong>ordinem</strong></span> <span class='ocrx_word' id='word_1_349' title='bbox 664 3945 788 4006; x_wconf 85' lang='lat' dir='ltr'><strong>hrarurn</strong></span> <span class='ocrx_word' id='word_1_350' title='bbox 804 3963 861 4006; x_wconf 91' lang='lat' dir='ltr'><strong>nou</strong></span> <span class='ocrx_word' id='word_1_351' title='bbox 877 3951 1000 4023; x_wconf 91' lang='lat' dir='ltr'><strong>propter</strong></span> <span class='ocrx_word' id='word_1_352' title='bbox 1015 3961 1203 4006; x_wconf 90' lang='lat' dir='ltr'><strong>numerorum</strong></span> <span class='ocrx_word' id='word_1_353' title='bbox 1221 3943 1462 4008; x_wconf 84' lang='lat' dir='ltr'><strong>observationem</strong></span> <span class='ocrx_word' id='word_1_354' title='bbox 1477 3945 1532 4008; x_wconf 89' lang='lat' dir='ltr'><strong>sed</strong></span> <span class='ocrx_word' id='word_1_355' title='bbox 1547 3953 1580 4006; x_wconf 89' lang='lat' dir='ltr'><strong>et</strong></span> <span class='ocrx_word' id='word_1_356' title='bbox 1593 3952 1712 4025; x_wconf 90' lang='lat' dir='ltr'><strong>prepter</strong></span> 
     </span>
     <span class='ocr_line' id='line_1_42' title="bbox 373 4031 1717 4115; baseline -0.003 -17"><span class='ocrx_word' id='word_1_357' title='bbox 373 4037 507 4115; x_wconf 88' lang='lat' dir='ltr'><strong>ipsorum</strong></span> <span class='ocrx_word' id='word_1_358' title='bbox 538 4032 790 4112; x_wconf 53' lang='lat' dir='ltr'><strong>imaginationem*</strong></span> <span class='ocrx_word' id='word_1_359' title='bbox 805 4033 844 4095; x_wconf 92' lang='lat' dir='ltr'><strong>ad</strong></span> <span class='ocrx_word' id='word_1_360' title='bbox 869 4032 1024 4112; x_wconf 85' lang='lat' dir='ltr'><strong>dirigenda</strong></span> <span class='ocrx_word' id='word_1_361' title='bbox 1047 4031 1155 4094; x_wconf 89' lang='lat' dir='ltr'><strong>itinera</strong></span> <span class='ocrx_word' id='word_1_362' title='bbox 1178 4041 1211 4099; x_wconf 90' lang='lat' dir='ltr'><strong>et</strong></span> <span class='ocrx_word' id='word_1_363' title='bbox 1232 4033 1328 4098; x_wconf 83' lang='lat' dir='ltr'><strong>nodos</strong></span> <span class='ocrx_word' id='word_1_364' title='bbox 1357 4033 1618 4114; x_wconf 83' lang='lat' dir='ltr'><strong>transponendus,</strong></span> <span class='ocrx_word' id='word_1_365' title='bbox 1649 4049 1717 4114; x_wconf 86' lang='lat' dir='ltr'><strong>quos</strong></span> 
     </span>
     <span class='ocr_line' id='line_1_43' title="bbox 373 4121 1717 4206; baseline -0.004 -18"><span class='ocrx_word' id='word_1_366' title='bbox 373 4132 447 4206; x_wconf 89' lang='lat' dir='ltr'><strong>puto</strong></span> <span class='ocrx_word' id='word_1_367' title='bbox 471 4123 543 4186; x_wconf 89' lang='lat' dir='ltr'><strong>olim</strong></span> <span class='ocrx_word' id='word_1_368' title='bbox 565 4123 596 4186; x_wconf 89' lang='lat' dir='ltr'><strong>iu</strong></span> <span class='ocrx_word' id='word_1_369' title='bbox 619 4121 793 4184; x_wconf 89' lang='lat' dir='ltr'><strong>hodiernum</strong></span> <span class='ocrx_word' id='word_1_370' title='bbox 815 4122 877 4202; x_wconf 92' lang='lat' dir='ltr'><strong>poli</strong></span> <span class='ocrx_word' id='word_1_371' title='bbox 901 4121 1057 4201; x_wconf 85' lang='lat' dir='ltr'><strong>eclipticas</strong></span> <span class='ocrx_word' id='word_1_372' title='bbox 1082 4122 1137 4185; x_wconf 90' lang='lat' dir='ltr'><strong>sub</strong></span> <span class='ocrx_word' id='word_1_373' title='bbox 1160 4122 1233 4186; x_wconf 77' lang='lat' dir='ltr'><strong>lixis¹</strong></span> <span class='ocrx_word' id='word_1_374' title='bbox 1252 4123 1349 4188; x_wconf 89' lang='lat' dir='ltr'><strong>locum</strong></span> <span class='ocrx_word' id='word_1_375' title='bbox 1371 4131 1515 4188; x_wconf 88' lang='lat' dir='ltr'><strong>venturos</strong></span> <span class='ocrx_word' id='word_1_376' title='bbox 1538 4121 1566 4186; x_wconf 88' lang='lat' dir='ltr'><strong>si</strong></span> <span class='ocrx_word' id='word_1_377' title='bbox 1595 4123 1717 4186; x_wconf 88' lang='lat' dir='ltr'><strong>muudus</strong></span> 
     </span>
     <span class='ocr_line' id='line_1_44' title="bbox 373 4210 1715 4294; baseline -0.006 -16"><span class='ocrx_word' id='word_1_378' title='bbox 373 4212 564 4284; x_wconf 84' lang='lat' dir='ltr'><strong>consisteret</strong></span> <span class='ocrx_word' id='word_1_379' title='bbox 601 4210 673 4274; x_wconf 87' lang='lat' dir='ltr'><strong>Sed.</strong></span> <span class='ocrx_word' id='word_1_380' title='bbox 686 4210 765 4274; x_wconf 83' lang='lat' dir='ltr'><strong>inira</strong></span> <span class='ocrx_word' id='word_1_381' title='bbox 779 4212 877 4274; x_wconf 90' lang='lat' dir='ltr'><strong>dicam</strong></span> <span class='ocrx_word' id='word_1_382' title='bbox 901 4211 1138 4291; x_wconf 88' lang='lat' dir='ltr'><strong>speculationem</strong></span> <span class='ocrx_word' id='word_1_383' title='bbox 1160 4211 1371 4294; x_wconf 87' lang='lat' dir='ltr'><strong>simpliciorem</strong></span> <span class='ocrx_word' id='word_1_384' title='bbox 1389 4213 1495 4276; x_wconf 90' lang='lat' dir='ltr'><strong>eodem</strong></span> <span class='ocrx_word' id='word_1_385' title='bbox 1517 4213 1715 4276; x_wconf 89' lang='lat' dir='ltr'><strong>recedentem.</strong></span> 
     </span>
    </p>

    <p class='ocr_par' dir='ltr' id='par_1_18' title="bbox 373 4299 1724 4921">
     <span class='ocr_line' id='line_1_45' title="bbox 461 4299 1719 4384; baseline -0.003 -20"><span class='ocrx_word' id='word_1_386' title='bbox 461 4301 531 4364; x_wconf 89' lang='lat' dir='ltr'><strong>Jarn</strong></span> <span class='ocrx_word' id='word_1_387' title='bbox 554 4301 638 4381; x_wconf 83' lang='lat' dir='ltr'><strong>leges</strong></span> <span class='ocrx_word' id='word_1_388' title='bbox 661 4311 758 4364; x_wconf 90' lang='lat' dir='ltr'><strong>motus</strong></span> <span class='ocrx_word' id='word_1_389' title='bbox 781 4299 883 4381; x_wconf 90' lang='lat' dir='ltr'><strong>puncti</strong></span> <span class='ocrx_word' id='word_1_390' title='bbox 907 4301 933 4364; x_wconf 94' lang='lat' dir='ltr'><strong>B</strong></span> <span class='ocrx_word' id='word_1_391' title='bbox 957 4299 1124 4380; x_wconf 81' lang='lat' dir='ltr'><strong>explicabo.</strong></span> <span class='ocrx_word' id='word_1_392' title='bbox 1145 4301 1333 4382; x_wconf 40' lang='lat' dir='ltr'><strong>,Imaginare</strong></span> <span class='ocrx_word' id='word_1_393' title='bbox 1357 4302 1469 4384; x_wconf 86' lang='lat' dir='ltr'><strong>itaque,</strong></span> <span class='ocrx_word' id='word_1_394' title='bbox 1495 4302 1574 4367; x_wconf 88' lang='lat' dir='ltr'><strong>sieut</strong></span> <span class='ocrx_word' id='word_1_395' title='bbox 1597 4309 1647 4364; x_wconf 89' lang='lat' dir='ltr'><strong>eet</strong></span> <span class='ocrx_word' id='word_1_396' title='bbox 1668 4299 1719 4364; x_wconf 83' lang='lat' dir='ltr'><strong>AF</strong></span> 
     </span>
     <span class='ocr_line' id='line_1_46' title="bbox 373 4385 1716 4468; baseline -0.001 -14"><span class='ocrx_word' id='word_1_397' title='bbox 373 4391 412 4455; x_wconf 88' lang='lat' dir='ltr'><strong>ad</strong></span> <span class='ocrx_word' id='word_1_398' title='bbox 434 4392 502 4468; x_wconf 77' lang='lat' dir='ltr'><strong>All,</strong></span> <span class='ocrx_word' id='word_1_399' title='bbox 525 4391 594 4465; x_wconf 90' lang='lat' dir='ltr'><strong>AB,</strong></span> <span class='ocrx_word' id='word_1_400' title='bbox 620 4391 688 4464; x_wconf 88' lang='lat' dir='ltr'><strong>AD,</strong></span> <span class='ocrx_word' id='word_1_401' title='bbox 711 4388 779 4464; x_wconf 83' lang='lat' dir='ltr'><strong>AC,</strong></span> <span class='ocrx_word' id='word_1_402' title='bbox 805 4389 850 4452; x_wconf 92' lang='lat' dir='ltr'><strong>sic</strong></span> <span class='ocrx_word' id='word_1_403' title='bbox 872 4408 940 4452; x_wconf 89' lang='lat' dir='ltr'><strong>esse</strong></span> <span class='ocrx_word' id='word_1_404' title='bbox 964 4407 1077 4453; x_wconf 89' lang='lat' dir='ltr'><strong>morsm</strong></span> <span class='ocrx_word' id='word_1_405' title='bbox 1101 4398 1126 4460; x_wconf 72' lang='lat' dir='ltr'>d</span> <span class='ocrx_word' id='word_1_406' title='bbox 1150 4390 1179 4453; x_wconf 92' lang='lat' dir='ltr'><strong>in</strong></span> <span class='ocrx_word' id='word_1_407' title='bbox 1207 4385 1242 4454; x_wconf 79' lang='lat'><strong>1⁰</strong></span> <span class='ocrx_word' id='word_1_408' title='bbox 1263 4391 1312 4452; x_wconf 91' lang='lat' dir='ltr'><strong>vel</strong></span> <span class='ocrx_word' id='word_1_409' title='bbox 1338 4389 1367 4454; x_wconf 74' lang='lat'><strong>1‘</strong></span> <span class='ocrx_word' id='word_1_410' title='bbox 1396 4390 1538 4455; x_wconf 89' lang='lat' dir='ltr'><strong>circuitus</strong></span> <span class='ocrx_word' id='word_1_411' title='bbox 1562 4390 1645 4456; x_wconf 87' lang='lat' dir='ltr'><strong>circa</strong></span> <span class='ocrx_word' id='word_1_412' title='bbox 1669 4386 1716 4466; x_wconf 91' lang='grc' dir='ltr'><strong>Θ,</strong></span> 
     </span>
     <span class='ocr_line' id='line_1_47' title="bbox 375 4475 1719 4564; baseline -0.004 -20"><span class='ocrx_word' id='word_1_413' title='bbox 375 4481 492 4564; x_wconf 83' lang='lat' dir='ltr'><strong>quando</strong></span> <span class='ocrx_word' id='word_1_414' title='bbox 517 4477 571 4542; x_wconf 82' lang='lat' dir='ltr'><strong>est&#39;</strong></span> <span class='ocrx_word' id='word_1_415' title='bbox 587 4479 617 4541; x_wconf 91' lang='lat' dir='ltr'><strong>in</strong></span> <span class='ocrx_word' id='word_1_416' title='bbox 641 4479 674 4554; x_wconf 80' lang='lat' dir='ltr'><strong>F,</strong></span> <span class='ocrx_word' id='word_1_417' title='bbox 699 4480 738 4540; x_wconf 89' lang='lat' dir='ltr'><strong>ad</strong></span> <span class='ocrx_word' id='word_1_418' title='bbox 769 4498 882 4540; x_wconf 89' lang='lat' dir='ltr'><strong>moram</strong></span> <span class='ocrx_word' id='word_1_419' title='bbox 913 4477 942 4540; x_wconf 94' lang='lat' dir='ltr'><strong>in</strong></span> <span class='ocrx_word' id='word_1_420' title='bbox 976 4475 1025 4554; x_wconf 87' lang='lat' dir='ltr'><strong>G,</strong></span> <span class='ocrx_word' id='word_1_421' title='bbox 1048 4478 1094 4551; x_wconf 92' lang='lat' dir='ltr'><strong>H,</strong></span> <span class='ocrx_word' id='word_1_422' title='bbox 1118 4480 1148 4556; x_wconf 87' lang='grc' dir='ltr'><strong>Ι,</strong></span> <span class='ocrx_word' id='word_1_423' title='bbox 1174 4478 1209 4544; x_wconf 90' lang='grc'><strong>0.</strong></span> <span class='ocrx_word' id='word_1_424' title='bbox 1256 4481 1334 4544; x_wconf 85' lang='lat' dir='ltr'><strong>Nam</strong></span> <span class='ocrx_word' id='word_1_425' title='bbox 1367 4480 1463 4542; x_wconf 87' lang='lat' dir='ltr'><strong>virtus</strong></span> <span class='ocrx_word' id='word_1_426' title='bbox 1488 4477 1528 4558; x_wconf 90' lang='lat' dir='ltr'><strong>Q</strong></span> <span class='ocrx_word' id='word_1_427' title='bbox 1566 4478 1719 4543; x_wconf 85' lang='lat' dir='ltr'><strong>circularis</strong></span> 
     </span>
     <span class='ocr_line' id='line_1_48' title="bbox 375 4567 1718 4652; baseline -0.004 -20"><span class='ocrx_word' id='word_1_428' title='bbox 375 4570 494 4652; x_wconf 87' lang='lat' dir='ltr'><strong>quidem</strong></span> <span class='ocrx_word' id='word_1_429' title='bbox 517 4577 575 4638; x_wconf 78' lang='lat' dir='ltr'><strong>est,</strong></span> <span class='ocrx_word' id='word_1_430' title='bbox 599 4576 632 4638; x_wconf 80' lang='lat' dir='ltr'><strong>et</strong></span> <span class='ocrx_word' id='word_1_431' title='bbox 655 4567 681 4630; x_wconf 90' lang='lat' dir='ltr'><strong>si</strong></span> <span class='ocrx_word' id='word_1_432' title='bbox 704 4567 829 4648; x_wconf 85' lang='lat' dir='ltr'><strong>planeta</strong></span> <span class='ocrx_word' id='word_1_433' title='bbox 851 4587 909 4630; x_wconf 94' lang='lat' dir='ltr'><strong>non</strong></span> <span class='ocrx_word' id='word_1_434' title='bbox 933 4567 1131 4634; x_wconf 86' lang='lat' dir='ltr'><strong>descenderet</strong></span> <span class='ocrx_word' id='word_1_435' title='bbox 1154 4589 1193 4632; x_wconf 88' lang='lat' dir='ltr'><strong>ex</strong></span> <span class='ocrx_word' id='word_1_436' title='bbox 1208 4567 1244 4645; x_wconf 84' lang='grc'><strong>0,</strong></span> <span class='ocrx_word' id='word_1_437' title='bbox 1268 4578 1426 4650; x_wconf 90' lang='lat' dir='ltr'><strong>raperetur</strong></span> <span class='ocrx_word' id='word_1_438' title='bbox 1448 4570 1584 4650; x_wconf 81' lang='lat' dir='ltr'><strong>perfecto</strong></span> <span class='ocrx_word' id='word_1_439' title='bbox 1609 4567 1718 4632; x_wconf 92' lang='lat' dir='ltr'><strong>circulo</strong></span> 
     </span>
     <span class='ocr_line' id='line_1_49' title="bbox 374 4656 1717 4740; baseline -0.002 -20"><span class='ocrx_word' id='word_1_440' title='bbox 374 4677 428 4739; x_wconf 89' lang='lat' dir='ltr'><strong>per</strong></span> <span class='ocrx_word' id='word_1_441' title='bbox 451 4657 476 4720; x_wconf 87' lang='lat' dir='ltr'>O</span> <span class='ocrx_word' id='word_1_442' title='bbox 501 4659 662 4738; x_wconf 88' lang='lat' dir='ltr'><strong>descripto.</strong></span> <span class='ocrx_word' id='word_1_443' title='bbox 709 4659 756 4720; x_wconf 86' lang='lat' dir='ltr'><strong>Ita</strong></span> <span class='ocrx_word' id='word_1_444' title='bbox 781 4656 860 4720; x_wconf 90' lang='lat' dir='ltr'><strong>siin</strong></span> <span class='ocrx_word' id='word_1_445' title='bbox 884 4658 900 4719; x_wconf 93' lang='lat'><em>1</em></span> <span class='ocrx_word' id='word_1_446' title='bbox 923 4664 1067 4732; x_wconf 90' lang='lat' dir='ltr'><strong>maneret,</strong></span> <span class='ocrx_word' id='word_1_447' title='bbox 1091 4667 1248 4739; x_wconf 89' lang='lat' dir='ltr'><strong>raperetur</strong></span> <span class='ocrx_word' id='word_1_448' title='bbox 1274 4659 1386 4723; x_wconf 87' lang='lat' dir='ltr'><strong>circulo</strong></span> <span class='ocrx_word' id='word_1_449' title='bbox 1409 4678 1463 4740; x_wconf 91' lang='lat' dir='ltr'><strong>per</strong></span> <span class='ocrx_word' id='word_1_450' title='bbox 1487 4658 1533 4722; x_wconf 90' lang='lat' dir='ltr'><strong>DI</strong></span> <span class='ocrx_word' id='word_1_451' title='bbox 1556 4657 1717 4736; x_wconf 90' lang='lat' dir='ltr'><strong>descripto,</strong></span> 
     </span>
     <span class='ocr_line' id='line_1_50' title="bbox 376 4745 1721 4828; baseline -0.004 -18"><span class='ocrx_word' id='word_1_452' title='bbox 376 4747 431 4810; x_wconf 86' lang='lat' dir='ltr'><strong>sed</strong></span> <span class='ocrx_word' id='word_1_453' title='bbox 458 4746 588 4810; x_wconf 86' lang='lat' dir='ltr'><strong>breviori</strong></span> <span class='ocrx_word' id='word_1_454' title='bbox 616 4753 748 4828; x_wconf 89' lang='lat' dir='ltr'><strong>tempore</strong></span> <span class='ocrx_word' id='word_1_455' title='bbox 778 4745 890 4808; x_wconf 89' lang='lat' dir='ltr'><strong>rediret</strong></span> <span class='ocrx_word' id='word_1_456' title='bbox 918 4747 1038 4822; x_wconf 91' lang='lat' dir='ltr'><strong>eodem,</strong></span> <span class='ocrx_word' id='word_1_457' title='bbox 1071 4748 1142 4828; x_wconf 86' lang='lat' dir='ltr'><strong>quia</strong></span> <span class='ocrx_word' id='word_1_458' title='bbox 1171 4746 1268 4811; x_wconf 87' lang='lat' dir='ltr'><strong>virtus</strong></span> <span class='ocrx_word' id='word_1_459' title='bbox 1291 4747 1321 4808; x_wconf 92' lang='lat' dir='ltr'><strong>in</strong></span> <span class='ocrx_word' id='word_1_460' title='bbox 1345 4749 1568 4828; x_wconf 84' lang='lat' dir='ltr'><strong>angusticrlbus</strong></span> <span class='ocrx_word' id='word_1_461' title='bbox 1601 4745 1721 4811; x_wconf 88' lang='lat' dir='ltr'><strong>circulis</strong></span> 
     </span>
     <span class='ocr_line' id='line_1_51' title="bbox 377 4833 1724 4921; baseline 0.001 -23"><span class='ocrx_word' id='word_1_462' title='bbox 377 4837 518 4918; x_wconf 80' lang='lat' dir='ltr'><strong>stipatior</strong></span> <span class='ocrx_word' id='word_1_463' title='bbox 540 4843 643 4901; x_wconf 89' lang='lat' dir='ltr'><strong>estet</strong></span> <span class='ocrx_word' id='word_1_464' title='bbox 665 4835 786 4904; x_wconf 86' lang='lat' dir='ltr'><strong>densior</strong></span> <span class='ocrx_word' id='word_1_465' title='bbox 807 4833 933 4921; x_wconf 81' lang='lat' dir='ltr'><strong>ideoque</strong></span> <span class='ocrx_word' id='word_1_466' title='bbox 956 4843 989 4902; x_wconf 85' lang='lat' dir='ltr'><strong>et</strong></span> <span class='ocrx_word' id='word_1_467' title='bbox 1009 4837 1041 4902; x_wconf 91' lang='lat' dir='ltr'><strong>iu</strong></span> <span class='ocrx_word' id='word_1_468' title='bbox 1065 4837 1174 4902; x_wconf 84' lang='lat' dir='ltr'><strong>ellectu</strong></span> <span class='ocrx_word' id='word_1_469' title='bbox 1197 4836 1316 4912; x_wconf 82' lang='lat' dir='ltr'><strong>tortior,</strong></span> <span class='ocrx_word' id='word_1_470' title='bbox 1338 4855 1426 4920; x_wconf 87' lang='lat' dir='ltr'><strong>quem</strong></span> <span class='ocrx_word' id='word_1_471' title='bbox 1450 4839 1480 4902; x_wconf 94' lang='lat' dir='ltr'><strong>iu</strong></span> <span class='ocrx_word' id='word_1_472' title='bbox 1504 4837 1670 4906; x_wconf 77' lang='lat' dir='ltr'><strong>laxioribus</strong></span> <span class='ocrx_word' id='word_1_473' title='bbox 1692 4839 1724 4898; x_wconf 84' lang='lat' dir='ltr'><strong>ct</strong></span> 
     </span>
    </p>
   </div>
   <div class='ocr_carea' id='block_1_3' title="bbox 0 0 1785 5562">
    <p class='ocr_par' dir='ltr' id='par_1_19' title="bbox 0 0 1785 5562">
     <span class='ocr_line' id='line_1_52' title="bbox 0 0 1785 5562; baseline 0 0"><span class='ocrx_word' id='word_1_474' title='bbox 0 0 1785 5562; x_wconf 95' lang='lat' dir='ltr'><strong> </strong></span> 
     </span>
    </p>
   </div>
  </div>
 </body>
</html>
