3552 5562
510 268 540 322 de
558 267 746 322 Commentariis
764 269 794 322 de
813 275 883 322 motu
901 271 990 326 stellae
1008 269 1107 324 Martis.
1436 259 1479 340 33

109 447 193 522 dabo,
224 452 265 510 ut
286 463 407 528 pacem
433 448 699 530 esseintelligas:
732 450 896 514 carendum
918 459 1036 526 tamem
1067 469 1105 514 ne
1128 449 1287 520 veritatem
1309 449 1479 512 adulatorio

114 539 203 603 animo
226 537 369 618 prodere
392 539 513 602 videar.
559 537 608 600 Ex
630 537 683 613 iia,
713 559 788 621 quse
813 538 1018 622 Teuguaglius
1040 541 1079 602 ad
1104 548 1135 602 te
1159 539 1295 621 scripsit,
1317 539 1480 602 etiamnum

114 628 225 693 ruriam
251 625 314 690 uti
338 627 516 698 sidericis
537 647 634 690 meam
657 627 839 694 industriam
861 630 942 692 circa
965 631 1176 693 refutationem
1203 630 1333 692 recentis
1355 629 1478 711 'lycho-

119 717 213 780 uisuae
237 717 459 798 hypotheseos
481 719 514 780 in
536 718 631 780 Luna.
679 717 765 790 Quid
784 721 989 802 Tenguaglios
1013 719 1169 802 scripserit
1191 738 1250 782 nou
1281 725 1401 780 constat
1421 735 1479 780 nec

121 809 189 870 lubet
220 815 392 870 excutere:
427 807 572 890 quidquid
604 813 636 870 tu
665 808 825 889 scripseris
854 811 1055 873 condonatum
1088 815 1165 872 esto.
1211 810 1257 871 'lh
1286 825 1358 870 vero
1385 807 1477 882 scias,

124 896 301 960 nonullam
336 897 433 960 mem
466 895 640 960 instituisse·
666 897 888 961 refutationem.
933 897 1027 964 Aliud
1058 898 1363 972 est-transformare,
1396 895 1477 960 aliud

121 987 256 1050 refutare.
270 1031 278 1046 .
292 1031 299 1048 .
313 1031 344 1047 ..
623 1021 625 1032 ·
1095 1025 1098 1034 .

67 1117 74 1128 -
197 1077 251 1140 Ab
277 1074 444 1140 accusandi
467 1081 500 1136 et
525 1074 677 1138 refutandi
708 1075 884 1140 curiositate
916 1095 963 1138 me
996 1095 1132 1140 revocas·
1177 1077 1276 1140 Pareo
1308 1093 1364 1138 nec
1390 1081 1475 1156 puto,

115 1185 157 1228 me
176 1167 302 1246 justam
326 1181 451 1226 causans
473 1163 605 1240 dedisse,
629 1163 769 1229 sediliis
792 1166 910 1247 magnis
933 1166 1048 1244 causis,
1072 1187 1147 1250 quas
1171 1166 1302 1248 allegas,
1326 1181 1386 1227 uon
1410 1169 1477 1226 erat

112 1275 196 1337 opus.
245 1253 358 1318 Amice
381 1253 437 1316 abs
460 1261 491 1315 te
514 1252 630 1336 accipio
654 1273 770 1320 omnem
793 1255 1037 1320 admonitionem.
1083 1257 1127 1322 Ut
1155 1275 1223 1317 mea
1253 1253 1385 1336 incepta,
1401 1271 1473 1334 per·-

109 1344 225 1420 hcism,
250 1343 309 1406 tibi
332 1351 388 1406 tua
409 1343 590 1424 relinquam,
617 1344 703 1424 Justa
726 1353 774 1408 est
804 1345 979 1426 postulatio.
1025 1349 1172 1411 Attamen
1192 1344 1249 1410 ‚ita
1277 1343 1315 1406 ab
1346 1339 1475 1406 invicem

108 1433 180 1496 nexi
205 1442 281 1498 sunt
304 1451 410 1496 omues
432 1430 591 1513 planetae,
623 1433 668 1495 ita
699 1436 824 1498 multum
846 1435 930 1497 valet
952 1434 1127 1508 similitudo,
1142 1431 1413 1516 argumentationis
1436 1433 1474 1494 ab

107 1543 168 1586 uno
191 1523 323 1604 planeta
344 1521 376 1584 iu
399 1521 524 1596 ceteris,
550 1529 587 1584 ut
614 1524 734 1587 veniam
757 1525 877 1589 omniuo
899 1531 1050 1588 mereatur
1072 1527 1149 1588 haec
1172 1523 1344 1587 euriositas.
1391 1521 1489 1594 Quin

108 1613 168 1674 imo
193 1613 316 1694 gratias
338 1609 449 1673 mereri
470 1611 574 1673 videor
598 1619 629 1673 et
660 1633 698 1676 ex
726 1623 814 1695 parte
837 1635 856 1676 a
877 1623 910 1677 te
934 1633 1000 1680 sum
1021 1614 1164 1689 meritus,
1197 1611 1231 1676 ul
1261 1618 1333 1674 tuas
1366 1611 1473 1674 literae

107 1708 283 1777 testantur,
316 1699 397 1784 quod
423 1707 454 1762 te
486 1699 646 1766 admouere
670 1701 753 1766 volni
776 1711 808 1766 et
829 1703 993 1768 Benaticae
1018 1713 1049 1768 et
1071 1723 1110 1766 ex
1132 1703 1236 1786 Styria
1268 1720 1321 1782 per
1353 1701 1471 1766 literas.

105 1793 179 1856 Non
196 1791 268 1872 jam
291 1800 342 1854 est
364 1789 513 1872 quaestio,
536 1792 747 1856 necessariaue
770 1794 862 1861 fucrit
884 1793 1049 1858 admonitio
1064 1813 1104 1856 an
1132 1809 1371 1874 supervacanea;
1406 1792 1472 1854 suf-

105 1881 186 1956 ficit,
207 1881 346 1942 animum
369 1878 464 1942 fuisse
488 1879 678 1944 laudabilem.
724 1882 872 1946 Vicissim
895 1904 971 1966 quae
994 1893 1028 1947 tu
1050 1903 1098 1946 me
1127 1880 1327 1956 admonuisti,
1356 1880 1407 1942 ubi
1439 1888 1472 1942 tu

106 1990 152 2032 me
177 1971 377 2033 aberrantem
400 1969 431 2031 iu
453 1967 535 2030 viam
556 1970 715 2060 reduxisti,
738 1981 825 2052 grato
850 1973 950 2040 auimo
973 1973 1100 2056 agnovi;
1123 1979 1212 2054 potes
1235 1971 1268 2033 id
1287 1988 1378 2052 porro
1394 1989 1471 2051 quo-

106 2080 174 2142 que,
197 2057 305 2140 potuit
326 2066 360 2120 et
380 2055 538 2120 Fabricius
563 2077 601 2121 ex
625 2061 780 2125 Ostfrisia.
826 2065 891 2127 Nec
915 2064 1067 2127 diversum
1090 2061 1128 2124 de
1153 2081 1199 2124 me
1223 2055 1358 2134 sentias,
1392 2059 1471 2141 quod

106 2150 161 2212 tibi
187 2147 359 2232 succensui¹
379 2148 483 2212 orales
506 2167 594 2212 curas
618 2148 768 2232 carpenti:
802 2173 861 2215 nou
889 2154 968 2216 euim
995 2151 1050 2216 tibi
1077 2153 1114 2214 de
1138 2148 1376 2214 contradictione
1400 2168 1471 2210 suc-

104 2237 221 2312 censui,
248 2237 306 2299 sed
329 2237 367 2298 de
390 2235 510 2317 injuria,
535 2240 615 2318 quod
637 2239 698 2302 ista
721 2241 760 2302 ad
779 2235 871 2305 alium
887 2241 1046 2325 scripseris
1062 2242 1102 2304 ad
1116 2260 1164 2304 me
1179 2259 1240 2302 nou
1255 2237 1472 2302 instituendum

103 2330 158 2394 ted
192 2325 429 2390 deformandum
463 2331 708 2402 (Longemeutanum
728 2340 754 2390 ln
771 2341 881 2392 oralibus
899 2349 926 2395 te
944 2357 993 2392 uon
1011 2340 1116 2406 amplius
1133 2338 1233 2398 ludere,
1251 2343 1279 2387 ut
1297 2349 1328 2386 ex
1344 2336 1374 2386 lle
1391 2331 1469 2400 hypo-

102 2419 187 2468 theses
206 2423 325 2466 motuum
344 2413 489 2466 coelestium
506 2417 551 2468 tibi
573 2417 617 2467 soli
634 2419 765 2478 candelae.
789 2421 870 2472 audio.
907 2423 960 2489 Ego
986 2423 1053 2472 certe
1078 2435 1127 2471 nou
1151 2425 1205 2470 tem
1223 2415 1305 2468 orales
1324 2429 1398 2481 quam
1415 2417 1471 2480 ipss

102 2498 272 2564 erepturam
290 2491 381 2558 teme.)
426 2487 589 2552 Commune
613 2509 688 2572 opus
712 2511 865 2570 curamus,
888 2515 960 2570 nec,
984 2501 1018 2556 ut
1040 2491 1118 2556 alius
1142 2500 1191 2554 est
1211 2487 1351 2571 bipennis
1375 2488 1469 2563 faber,

101 2579 181 2642 alius
203 2575 361 2660 plaustri,
394 2575 439 2639 sic
471 2597 526 2640 uos
556 2581 631 2642 totis
660 2582 760 2663 operis
787 2583 878 2648 divisi
909 2603 1021 2646 sumus.
1068 2581 1201 2646 Subinde
1230 2577 1408 2654 usuvenit,
1436 2583 1471 2640 ut

102 2669 163 2730 duo
184 2676 298 2748 patres
321 2665 456 2729 familias
479 2686 664 2732 communem
685 2671 832 2753 parietem
847 2681 961 2748 curent,
985 2671 1093 2734 divisis
1108 2669 1202 2734 nihilo
1215 2669 1314 2732 minus
1330 2669 1470 2730 domuum

96 2757 221 2838 juribus
245 2755 370 2818 ceteris.
410 2757 560 2820 Venisses
583 2779 655 2822 sane
671 2761 812 2844 Pragam,
836 2763 880 2828 ita
903 2771 934 2826 te
957 2763 995 2825 de
1017 2777 1084 2824 meo
1099 2760 1246 2822 ⁴instituto
1270 2757 1468 2833 edocuissem,

100 2855 135 2910 ut
158 2854 288 2928 praeter
310 2844 438 2908 lubitum
460 2855 588 2927 pacatus
611 2849 819 2916 discessisses.
859 2855 905 2918 At
927 2853 953 2915 si
976 2852 1105 2916 infestus
1123 2857 1155 2911 et
1172 2847 1333 2912 iracundus
1349 2865 1396 2908 me
1419 2847 1468 2909 iu-

100 2935 254 3011 rasisses,
279 2933 339 2996 hoc
363 2953 435 2997 sanc
459 2957 478 2997 a
500 2955 547 2998 me
571 2938 766 3015 obtinuisses,
787 2949 823 3005 nt
845 2961 947 3006 coram
970 2940 1094 3004 arbitris
1117 2938 1351 3020 disputationem
1369 2941 1469 2999 tecum

101 3045 164 3087 uon
186 3031 387 3088 recusaturus
411 3025 545 3088 fuissem.
584 3026 674 3100 Quod
697 3031 736 3092 ad
759 3040 790 3095 te
814 3033 865 3096 diu
881 3053 940 3096 non
959 3029 1077 3110 scripsi,
1100 3028 1216 3091 tribuas
1231 3025 1469 3089 incommoditati

101 3115 240 3178 locorum
265 3119 299 3176 et
322 3111 480 3191 simultati,
504 3135 579 3198 quae
602 3127 673 3182 tunc
698 3129 765 3184 erat
785 3141 834 3184 me
858 3124 936 3187 inter
951 3129 983 3184 et
998 3115 1227 3200 Te'ngnaglinrn,
1250 3115 1329 3178 uude
1345 3116 1467 3193 factum,

103 3213 141 3268 ut
164 3223 233 3268 cum
256 3202 299 3265 ad
321 3210 353 3264 te
377 3203 524 3268 scriberet
554 3206 596 3279 (si
619 3209 709 3272 modo
733 3211 887 3294 scripsit),
909 3211 984 3274 mihi
1017 3206 1192 3276 occasiones
1219 3225 1279 3268 nou
1311 3204 1466 3272 iudicaret.

103 3293 197 3367 Quod
221 3313 297 3356 vero
318 3293 417 3356 Janus
439 3295 678 3378 Hamburgeusis
700 3318 756 3382 pro
787 3299 886 3365 literis
918 3299 1143 3364 excusationem
1174 3294 1278 3358 attulit
1299 3301 1467 3368 (houmer-

101 3391 191 3434 unes:
214 3382 246 3433 ce
264 3388 293 3434 se
311 3387 395 3433 summ
414 3383 444 3433 ob
463 3385 720 3446 tuarumciutumerr
739 3396 765 3440 et
783 3391 907 3442 terream
925 3391 958 3442 sc
975 3386 1242 3443 sanemarium,
1260 3384 1309 3435 ime
1320 3398 1364 3448 ner
1375 3381 1468 3434 sarem

100 3453 196 3505 llamb.
217 3453 407 3504 excusationem
425 3455 544 3520 suspicari
562 3459 642 3524 magis
659 3461 788 3526 magisque
807 3462 890 3526 coepi.
909 3461 989 3514 donec
1007 3460 1101 3512 scheda
1118 3457 1262 3522 Hamburgo
1280 3470 1359 3520 nuper
1376 3455 1467 3524 adme

101 3528 181 3576 mins
212 3539 272 3576 esus
298 3537 395 3576 morsm
418 3539 469 3576 nou
492 3527 638 3594 purgatione
665 3529 730 3589 ulle.
757 3533 802 3583 sed
828 3535 929 3586 incivili·
949 3544 981 3583 ac
1005 3532 1070 3584 falsa
1088 3531 1259 3583 erlmtuatiom
1278 3523 1465 3592 compensasti),

99 3597 285 3679 Ρωᾱθῦῑὶῦθ
301 3597 380 3677 elus,
403 3606 464 3674 aut,
488 3599 514 3663 si
528 3601 662 3665 atrocius
676 3602 844 3682 dicendum,
868 3605 1037 3669 curiositati
1051 3605 1184 3678 tribuas3
1208 3599 1345 3682 quicum
1364 3599 1466 3680 suspi-

99 3696 241 3764 caretur,
274 3703 321 3748 me
345 3686 506 3768 scripsisse
527 3689 619 3766 talia,
653 3713 729 3776 quae
753 3695 815 3763 sint
835 3695 958 3760 laesura
980 3693 1215 3776 Tanquaglium,
1244 3689 1351 3752 literas
1380 3705 1465 3752 meas

99 3777 213 3840 maluit
234 3775 433 3858 supprimere·
470 3777 562 3843 certo
586 3780 756 3859 scias,.me'
772 3785 818 3849 illi
842 3785 1069 3849 commendasse
1093 3784 1199 3846 literas
1223 3799 1276 3842 seu
1299 3777 1465 3840 mittendas

101 3887 155 3929 seu
179 3865 391 3950 perferendas.
430 3865 580 3931 Schedam
595 3889 693 3935 meam
707 3875 845 3957 appellas
867 3875 1020 3939 incivilem
1045 3881 1076 3935 et
1090 3872 1199 3935 falsam
1215 3867 1463 3931 criminationem.

101 3959 203 4038 Nego.
253 3954 316 4018 Sed
338 3955 366 4016 si
389 3954 564 4020 merrtem
586 3960 715 4039 dixeris,
748 3964 866 4027 fatebor
897 3972 928 4026 et
950 3971 985 4025 ut
1005 3964 1065 4026 hoc
1096 3959 1169 4024 mihi
1200 3957 1350 4022 condones
1379 3973 1465 4036 rogo,

103 4065 159 4126 pro
185 4063 222 4107 eo
246 4044 326 4126 quod
350 4051 382 4106 et
404 4046 445 4109 ad
467 4045 546 4109 idem
569 4067 643 4130 erga
665 4059 696 4114 te
721 4055 852 4117 studium
873 4058 999 4135 paratus
1019 4071 1093 4114 sum.
1130 4047 1286 4112 Incirilem
1303 4051 1335 4107 et
1355 4045 1465 4108 falsam

104 4145 190 4197 tuam
212 4132 457 4198 criminationem
480 4136 613 4218 increpui
626 4140 767 4218 civiliter,
790 4143 870 4225 quia,
894 4161 961 4206 cum
973 4161 1098 4224 possem
1114 4136 1158 4204 uti
1172 4136 1348 4208 retorsione,
1372 4134 1465 4196 malni

103 4232 133 4286 te
154 4223 303 4307 privatim
322 4224 409 4304 prius
432 4220 603 4291 admonere.
641 4231 780 4313 Apparet
802 4233 921 4314 quidem
936 4231 977 4307 id,
993 4231 1073 4314 quod
1089 4229 1145 4304 ais,
1169 4233 1200 4289 te
1219 4226 1289 4288 dum
1306 4225 1368 4286 ista
1386 4222 1464 4285 scri-

103 4313 202 4390 beres,
226 4313 370 4395 epistolio
393 4333 461 4376 meo
485 4314 580 4377 fuisse
602 4319 789 4386 destitutum.
835 4323 914 4384 Nam
937 4341 996 4384 nou
1020 4321 1134 4402 opinor,
1157 4325 1189 4380 te
1212 4315 1242 4378 iu
1263 4313 1317 4376 illo
1340 4312 1464 4392 legisse,

106 4405 184 4486 quod
205 4403 401 4468 vehementer
423 4404 500 4466 mihi
522 4407 704 4487 applaudam
726 4412 763 4474 de
786 4411 1052 4474 transformatione
1083 4406 1245 4492 hypothesi
1269 4402 1464 4485 Tychoniana

107 4493 209 4557 Lunae
209 4539 292 4555 .....
679 4507 682 4520 ·

192 4583 365 4666 Suspicaris
389 4585 607 4664 (nequeenim
636 4587 757 4652 memini
787 4607 835 4650 me
867 4587 897 4650 iu
928 4586 1026 4651 literis
1059 4586 1098 4648 ad
1124 4591 1155 4647 te
1188 4581 1340 4666 quippiam
1373 4583 1462 4664 hujus

113 4677 378 4752 commemorasse),
403 4690 458 4736 me
483 4673 521 4733 ad
543 4675 660 4740 divinas
683 4697 767 4742 meas
788 4679 1001 4760 proportiones
1024 4674 1136 4758 aliquid
1153 4673 1340 4736 emendasse.
1377 4673 1463 4738 Nihil
1515 4723 1523 4733 .

113 4761 190 4846 hatra
210 4765 276 4832 feci.
314 4767 369 4832 Ad
394 4779 527 4829 causam
548 4767 667 4848 quidem
688 4767 845 4849 physicam
869 4767 1080 4850 aequationum
1103 4761 1243 4838 ecceutri,
1268 4761 1353 4844 cujus
1376 4763 1463 4852 inge·

178 4873 258 4926 reae
272 4877 351 4928 orm
367 4873 409 4914 η
1235 4865 1251 4929 i
