<?xml version="1.0" encoding="UTF-8"?>
<!DOCTYPE html PUBLIC "-//W3C//DTD XHTML 1.0 Transitional//EN"
    "http://www.w3.org/TR/xhtml1/DTD/xhtml1-transitional.dtd">
<html xmlns="http://www.w3.org/1999/xhtml" xml:lang="en" lang="en">
 <head>
  <title>
</title>
<meta http-equiv="Content-Type" content="text/html;charset=utf-8" />
  <meta name='ocr-system' content='tesseract 3.04.00' />
  <meta name='ocr-capabilities' content='ocr_page ocr_carea ocr_par ocr_line ocrx_word'/>
</head>
<body>
  <div class='ocr_page' id='page_1' title='image "./joanniskepleria28frisgoog_0283.png"; bbox 0 0 3674 5532; ppageno 0'>
   <div class='ocr_carea' id='block_1_1' title="bbox 313 299 1179 372">
    <p class='ocr_par' dir='ltr' id='par_1_1' title="bbox 313 299 1179 372">
     <span class='ocr_line' id='line_1_1' title="bbox 313 299 1179 372; baseline -0.012 0"><span class='ocrx_word' id='word_1_1' title='bbox 313 305 379 372; x_wconf 80' lang='grc'>264</span> <span class='ocrx_word' id='word_1_2' title='bbox 793 309 832 362; x_wconf 76' lang='lat' dir='ltr'>ns</span> <span class='ocrx_word' id='word_1_3' title='bbox 850 309 961 362; x_wconf 75' lang='lat' dir='ltr'>ussum</span> <span class='ocrx_word' id='word_1_4' title='bbox 973 299 1074 362; x_wconf 68' lang='lat' dir='ltr'>&#39;sana</span> <span class='ocrx_word' id='word_1_5' title='bbox 1091 299 1179 362; x_wconf 68' lang='lat' dir='ltr'>ussus</span> 
     </span>
    </p>
   </div>
   <div class='ocr_carea' id='block_1_2' title="bbox 255 484 1686 4846">
    <p class='ocr_par' dir='ltr' id='par_1_2' title="bbox 255 484 1663 664">
     <span class='ocr_line' id='line_1_2' title="bbox 311 484 1662 570; baseline 0.001 -22"><span class='ocrx_word' id='word_1_6' title='bbox 311 485 478 569; x_wconf 88' lang='lat' dir='ltr'>plicissima</span> <span class='ocrx_word' id='word_1_7' title='bbox 500 493 532 546; x_wconf 91' lang='lat' dir='ltr'>et</span> <span class='ocrx_word' id='word_1_8' title='bbox 553 485 798 569; x_wconf 87' lang='lat' dir='ltr'>aequabilissima</span> <span class='ocrx_word' id='word_1_9' title='bbox 813 486 935 568; x_wconf 82' lang='lat' dir='ltr'>eligere,</span> <span class='ocrx_word' id='word_1_10' title='bbox 959 487 1027 550; x_wconf 92' lang='lat' dir='ltr'>ideo</span> <span class='ocrx_word' id='word_1_11' title='bbox 1045 505 1223 570; x_wconf 80' lang='lat' dir='ltr'>quaeremus</span> <span class='ocrx_word' id='word_1_12' title='bbox 1237 485 1391 562; x_wconf 86' lang='lat' dir='ltr'>circulum,</span> <span class='ocrx_word' id='word_1_13' title='bbox 1414 485 1465 569; x_wconf 89' lang='lat' dir='ltr'>qui</span> <span class='ocrx_word' id='word_1_14' title='bbox 1479 484 1561 556; x_wconf 82' lang='lat' dir='ltr'>circa</span> <span class='ocrx_word' id='word_1_15' title='bbox 1575 503 1662 550; x_wconf 92' lang='lat' dir='ltr'>suum</span> 
     </span>
     <span class='ocr_line' id='line_1_3' title="bbox 255 574 1663 664; baseline 0 -26"><span class='ocrx_word' id='word_1_16' title='bbox 255 651 260 664; x_wconf 38' lang='grc' dir='ltr'>Ι</span> <span class='ocrx_word' id='word_1_17' title='bbox 312 586 445 638; x_wconf 86' lang='lat' dir='ltr'>centrum</span> <span class='ocrx_word' id='word_1_18' title='bbox 467 581 623 638; x_wconf 89' lang='lat' dir='ltr'>moveatur</span> <span class='ocrx_word' id='word_1_19' title='bbox 645 575 820 658; x_wconf 87' lang='lat' dir='ltr'>aequaliter,</span> <span class='ocrx_word' id='word_1_20' title='bbox 844 576 1005 658; x_wconf 88' lang='lat' dir='ltr'>qui-nobis</span> <span class='ocrx_word' id='word_1_21' title='bbox 1029 575 1141 640; x_wconf 85' lang='lat' dir='ltr'>efficiat</span> <span class='ocrx_word' id='word_1_22' title='bbox 1162 576 1242 658; x_wconf 92' lang='lat' dir='ltr'>quod</span> <span class='ocrx_word' id='word_1_23' title='bbox 1265 584 1314 640; x_wconf 88' lang='lat' dir='ltr'>est</span> <span class='ocrx_word' id='word_1_24' title='bbox 1335 576 1532 658; x_wconf 88' lang='lat' dir='ltr'>propositum.</span> <span class='ocrx_word' id='word_1_25' title='bbox 1579 574 1663 640; x_wconf 85' lang='lat' dir='ltr'>Gon-</span> 
     </span>
    </p>

    <p class='ocr_par' dir='ltr' id='par_1_3' title="bbox 302 663 1686 2780">
     <span class='ocr_line' id='line_1_4' title="bbox 313 663 1662 748; baseline 0.001 -22.023"><span class='ocrx_word' id='word_1_26' title='bbox 313 665 428 728; x_wconf 86' lang='lat' dir='ltr'>stitutis</span> <span class='ocrx_word' id='word_1_27' title='bbox 451 665 543 745; x_wconf 91' lang='lat' dir='ltr'>igitur</span> <span class='ocrx_word' id='word_1_28' title='bbox 565 664 702 746; x_wconf 91' lang='lat' dir='ltr'>partibus</span> <span class='ocrx_word' id='word_1_29' title='bbox 717 665 748 727; x_wconf 91' lang='lat' dir='ltr'>in</span> <span class='ocrx_word' id='word_1_30' title='bbox 761 665 831 742; x_wconf 88' lang='grc' dir='ltr'><strong><em>ΑΚ,</em></strong></span> <span class='ocrx_word' id='word_1_31' title='bbox 854 667 913 729; x_wconf 90' lang='lat' dir='ltr'>AL</span> <span class='ocrx_word' id='word_1_32' title='bbox 927 665 1103 748; x_wconf 76' lang='lat' dir='ltr'>aequalibus</span> <span class='ocrx_word' id='word_1_33' title='bbox 1117 666 1154 746; x_wconf 84' lang='lat' dir='ltr'>ab</span> <span class='ocrx_word' id='word_1_34' title='bbox 1169 667 1201 730; x_wconf 93' lang='lat' dir='ltr'><strong>A</strong></span> <span class='ocrx_word' id='word_1_35' title='bbox 1215 666 1354 747; x_wconf 81' lang='lat' dir='ltr'>inceptis,</span> <span class='ocrx_word' id='word_1_36' title='bbox 1378 664 1496 728; x_wconf 89' lang='lat' dir='ltr'>scilicet</span> <span class='ocrx_word' id='word_1_37' title='bbox 1509 665 1580 740; x_wconf 86' lang='grc' dir='ltr'><strong><em>ΔΚ,</em></strong></span> <span class='ocrx_word' id='word_1_38' title='bbox 1594 663 1662 738; x_wconf 90' lang='lat' dir='ltr'>AL,</span> 
     </span>
     <span class='ocr_line' id='line_1_5' title="bbox 313 751 1664 836; baseline 0 -20"><span class='ocrx_word' id='word_1_39' title='bbox 313 760 530 818; x_wconf 86' lang='lat' dir='ltr'>connectantur</span> <span class='ocrx_word' id='word_1_40' title='bbox 552 761 664 834; x_wconf 84' lang='lat' dir='ltr'>puncta</span> <span class='ocrx_word' id='word_1_41' title='bbox 685 754 725 830; x_wconf 98' lang='grc' dir='ltr'><strong><em>Κ,</em></strong></span> <span class='ocrx_word' id='word_1_42' title='bbox 748 754 775 816; x_wconf 92' lang='lat' dir='ltr'><strong>L</strong></span> <span class='ocrx_word' id='word_1_43' title='bbox 798 762 883 817; x_wconf 89' lang='lat' dir='ltr'>recta</span> <span class='ocrx_word' id='word_1_44' title='bbox 906 763 1028 819; x_wconf 80' lang='lat' dir='ltr'>secante</span> <span class='ocrx_word' id='word_1_45' title='bbox 1051 755 1143 818; x_wconf 92' lang='lat' dir='ltr'>MP</span> <span class='ocrx_word' id='word_1_46' title='bbox 1134 776 1165 818; x_wconf 91' lang='grc' dir='ltr'>ιιι</span> <span class='ocrx_word' id='word_1_47' title='bbox 1190 755 1232 820; x_wconf 82' lang='lat'>0:</span> <span class='ocrx_word' id='word_1_48' title='bbox 1258 763 1289 818; x_wconf 90' lang='lat' dir='ltr'>et</span> <span class='ocrx_word' id='word_1_49' title='bbox 1310 761 1414 818; x_wconf 90' lang='lat' dir='ltr'>centro</span> <span class='ocrx_word' id='word_1_50' title='bbox 1439 753 1464 819; x_wconf 86' lang='lat' dir='ltr'>C</span> <span class='ocrx_word' id='word_1_51' title='bbox 1489 753 1588 836; x_wconf 88' lang='lat' dir='ltr'>spatio</span> <span class='ocrx_word' id='word_1_52' title='bbox 1607 751 1664 816; x_wconf 86' lang='lat' dir='ltr'>CK</span> 
     </span>
     <span class='ocr_line' id='line_1_6' title="bbox 312 841 1662 926; baseline -0.002 -20"><span class='ocrx_word' id='word_1_53' title='bbox 312 844 461 908; x_wconf 86' lang='lat' dir='ltr'>scribatur</span> <span class='ocrx_word' id='word_1_54' title='bbox 484 843 613 906; x_wconf 90' lang='lat' dir='ltr'>circulus</span> <span class='ocrx_word' id='word_1_55' title='bbox 636 851 740 905; x_wconf 89' lang='lat' dir='ltr'>eccent</span> <span class='ocrx_word' id='word_1_56' title='bbox 740 843 821 926; x_wconf 77' lang='lat' dir='ltr'>riom</span> <span class='ocrx_word' id='word_1_57' title='bbox 843 845 923 920; x_wconf 88' lang='lat' dir='ltr'>MN,</span> <span class='ocrx_word' id='word_1_58' title='bbox 948 845 1033 925; x_wconf 90' lang='lat' dir='ltr'>cujus</span> <span class='ocrx_word' id='word_1_59' title='bbox 1056 852 1155 907; x_wconf 90' lang='lat' dir='ltr'>motus</span> <span class='ocrx_word' id='word_1_60' title='bbox 1179 845 1220 907; x_wconf 88' lang='lat' dir='ltr'>sit</span> <span class='ocrx_word' id='word_1_61' title='bbox 1242 843 1323 906; x_wconf 89' lang='lat' dir='ltr'>circa</span> <span class='ocrx_word' id='word_1_62' title='bbox 1345 851 1481 907; x_wconf 76' lang='lat' dir='ltr'>centrum</span> <span class='ocrx_word' id='word_1_63' title='bbox 1503 841 1662 924; x_wconf 85' lang='lat' dir='ltr'>regularis.</span> 
     </span>
     <span class='ocr_line' id='line_1_7' title="bbox 312 916 1664 1016; baseline -0.003 -18"><span class='ocrx_word' id='word_1_64' title='bbox 312 930 569 1015; x_wconf 84' lang='lat' dir='ltr'>Repraesentabit</span> <span class='ocrx_word' id='word_1_65' title='bbox 597 931 672 994; x_wconf 89' lang='lat' dir='ltr'>haec</span> <span class='ocrx_word' id='word_1_66' title='bbox 700 916 877 1015; x_wconf 76' lang='lat' dir='ltr'>hypothesis</span> <span class='ocrx_word' id='word_1_67' title='bbox 906 935 1060 1016; x_wconf 84' lang='lat' dir='ltr'>planetam</span> <span class='ocrx_word' id='word_1_68' title='bbox 1088 933 1189 996; x_wconf 88' lang='lat' dir='ltr'>debito</span> <span class='ocrx_word' id='word_1_69' title='bbox 1221 933 1302 1010; x_wconf 90' lang='lat' dir='ltr'>loco,</span> <span class='ocrx_word' id='word_1_70' title='bbox 1349 933 1381 995; x_wconf 93' lang='lat' dir='ltr'>iu</span> <span class='ocrx_word' id='word_1_71' title='bbox 1414 932 1505 996; x_wconf 88' lang='lat' dir='ltr'>lineis</span> <span class='ocrx_word' id='word_1_72' title='bbox 1535 939 1664 1014; x_wconf 85' lang='lat' dir='ltr'>quatuor</span> 
     </span>
     <span class='ocr_line' id='line_1_8' title="bbox 310 1021 1663 1104; baseline -0.004 -16"><span class='ocrx_word' id='word_1_73' title='bbox 310 1023 384 1100; x_wconf 89' lang='lat' dir='ltr'>AM,</span> <span class='ocrx_word' id='word_1_74' title='bbox 407 1023 477 1099; x_wconf 90' lang='lat' dir='ltr'>AN,</span> <span class='ocrx_word' id='word_1_75' title='bbox 500 1022 570 1096; x_wconf 87' lang='grc' dir='ltr'><strong><em>ΑΚ,</em></strong></span> <span class='ocrx_word' id='word_1_76' title='bbox 593 1021 659 1084; x_wconf 90' lang='lat' dir='ltr'>AL.</span> <span class='ocrx_word' id='word_1_77' title='bbox 705 1022 751 1085; x_wconf 90' lang='lat' dir='ltr'>At</span> <span class='ocrx_word' id='word_1_78' title='bbox 780 1041 839 1085; x_wconf 92' lang='lat' dir='ltr'>uon</span> <span class='ocrx_word' id='word_1_79' title='bbox 862 1023 940 1084; x_wconf 92' lang='lat' dir='ltr'>haec</span> <span class='ocrx_word' id='word_1_80' title='bbox 969 1023 1147 1104; x_wconf 81' lang='lat' dir='ltr'>hypothesis</span> <span class='ocrx_word' id='word_1_81' title='bbox 1175 1022 1256 1099; x_wconf 88' lang='lat' dir='ltr'>sola,</span> <span class='ocrx_word' id='word_1_82' title='bbox 1288 1022 1345 1098; x_wconf 79' lang='lat' dir='ltr'>sed</span> <span class='ocrx_word' id='word_1_83' title='bbox 1367 1021 1479 1084; x_wconf 87' lang='lat' dir='ltr'>multae</span> <span class='ocrx_word' id='word_1_84' title='bbox 1502 1021 1581 1084; x_wconf 83' lang='lat' dir='ltr'>aliae</span> <span class='ocrx_word' id='word_1_85' title='bbox 1603 1021 1663 1082; x_wconf 86' lang='lat' dir='ltr'>hoc</span> 
     </span>
     <span class='ocr_line' id='line_1_9' title="bbox 310 1110 1666 1194; baseline -0.001 -20"><span class='ocrx_word' id='word_1_86' title='bbox 310 1121 436 1194; x_wconf 89' lang='lat' dir='ltr'>possent</span> <span class='ocrx_word' id='word_1_87' title='bbox 458 1113 568 1186; x_wconf 88' lang='lat' dir='ltr'>facere,</span> <span class='ocrx_word' id='word_1_88' title='bbox 592 1111 662 1192; x_wconf 88' lang='lat' dir='ltr'>quis</span> <span class='ocrx_word' id='word_1_89' title='bbox 684 1111 825 1191; x_wconf 89' lang='lat' dir='ltr'>generale</span> <span class='ocrx_word' id='word_1_90' title='bbox 848 1112 907 1175; x_wconf 90' lang='lat' dir='ltr'>hoc</span> <span class='ocrx_word' id='word_1_91' title='bbox 929 1111 1043 1175; x_wconf 90' lang='lat' dir='ltr'>hahent</span> <span class='ocrx_word' id='word_1_92' title='bbox 1065 1119 1096 1182; x_wconf 88' lang='lat' dir='ltr'>et</span> <span class='ocrx_word' id='word_1_93' title='bbox 1117 1111 1308 1175; x_wconf 89' lang='lat' dir='ltr'>verissimum</span> <span class='ocrx_word' id='word_1_94' title='bbox 1322 1110 1452 1193; x_wconf 91' lang='lat' dir='ltr'>quidem,</span> <span class='ocrx_word' id='word_1_95' title='bbox 1474 1118 1509 1174; x_wconf 90' lang='lat' dir='ltr'>ut</span> <span class='ocrx_word' id='word_1_96' title='bbox 1522 1117 1666 1194; x_wconf 87' lang='lat' dir='ltr'>punctum</span> 
     </span>
     <span class='ocr_line' id='line_1_10' title="bbox 311 1197 1663 1285; baseline -0.001 -23"><span class='ocrx_word' id='word_1_97' title='bbox 311 1201 506 1285; x_wconf 86' lang='lat' dir='ltr'>aequalitatis</span> <span class='ocrx_word' id='word_1_98' title='bbox 531 1207 631 1262; x_wconf 89' lang='lat' dir='ltr'>motus</span> <span class='ocrx_word' id='word_1_99' title='bbox 655 1201 697 1266; x_wconf 85' lang='lat' dir='ltr'>sit</span> <span class='ocrx_word' id='word_1_100' title='bbox 719 1200 749 1262; x_wconf 89' lang='lat' dir='ltr'>in</span> <span class='ocrx_word' id='word_1_101' title='bbox 770 1200 860 1279; x_wconf 90' lang='lat' dir='ltr'>linea,</span> <span class='ocrx_word' id='word_1_102' title='bbox 884 1220 960 1283; x_wconf 90' lang='lat' dir='ltr'>quae</span> <span class='ocrx_word' id='word_1_103' title='bbox 982 1201 1051 1264; x_wconf 87' lang='lat' dir='ltr'>loca</span> <span class='ocrx_word' id='word_1_104' title='bbox 1071 1202 1212 1283; x_wconf 89' lang='lat' dir='ltr'>planetae</span> <span class='ocrx_word' id='word_1_105' title='bbox 1237 1200 1267 1264; x_wconf 87' lang='lat' dir='ltr'>in</span> <span class='ocrx_word' id='word_1_106' title='bbox 1289 1200 1387 1264; x_wconf 90' lang='lat' dir='ltr'>lineas</span> <span class='ocrx_word' id='word_1_107' title='bbox 1409 1200 1480 1276; x_wconf 79' lang='grc' dir='ltr'><strong><em>ΑΚ,</em></strong></span> <span class='ocrx_word' id='word_1_108' title='bbox 1503 1200 1562 1264; x_wconf 91' lang='lat' dir='ltr'>AL</span> <span class='ocrx_word' id='word_1_109' title='bbox 1584 1197 1663 1262; x_wconf 89' lang='lat' dir='ltr'>inci-</span> 
     </span>
     <span class='ocr_line' id='line_1_11' title="bbox 310 1287 1662 1373; baseline -0.003 -19"><span class='ocrx_word' id='word_1_110' title='bbox 310 1292 410 1354; x_wconf 88' lang='lat' dir='ltr'>dentis</span> <span class='ocrx_word' id='word_1_111' title='bbox 438 1297 616 1364; x_wconf 89' lang='lat' dir='ltr'>connectat,</span> <span class='ocrx_word' id='word_1_112' title='bbox 649 1289 772 1371; x_wconf 90' lang='lat' dir='ltr'>ejusque</span> <span class='ocrx_word' id='word_1_113' title='bbox 796 1310 832 1353; x_wconf 90' lang='lat' dir='ltr'>eo</span> <span class='ocrx_word' id='word_1_114' title='bbox 854 1297 984 1372; x_wconf 87' lang='lat' dir='ltr'>puncto,</span> <span class='ocrx_word' id='word_1_115' title='bbox 1013 1310 1071 1373; x_wconf 89' lang='lat' dir='ltr'>quo</span> <span class='ocrx_word' id='word_1_116' title='bbox 1102 1299 1187 1354; x_wconf 89' lang='lat' dir='ltr'>secat</span> <span class='ocrx_word' id='word_1_117' title='bbox 1208 1289 1284 1352; x_wconf 91' lang='lat' dir='ltr'>haec</span> <span class='ocrx_word' id='word_1_118' title='bbox 1306 1287 1389 1352; x_wconf 91' lang='lat' dir='ltr'>linea</span> <span class='ocrx_word' id='word_1_119' title='bbox 1410 1289 1480 1352; x_wconf 86' lang='lat' dir='ltr'>MP.</span> <span class='ocrx_word' id='word_1_120' title='bbox 1527 1287 1662 1371; x_wconf 79' lang='lat' dir='ltr'>Cumque</span> 
     </span>
     <span class='ocr_line' id='line_1_12' title="bbox 308 1377 1661 1463; baseline -0.001 -21"><span class='ocrx_word' id='word_1_121' title='bbox 308 1399 346 1442; x_wconf 86' lang='lat' dir='ltr'>ex</span> <span class='ocrx_word' id='word_1_122' title='bbox 367 1379 544 1463; x_wconf 88' lang='lat' dir='ltr'>praemissis</span> <span class='ocrx_word' id='word_1_123' title='bbox 567 1377 753 1460; x_wconf 83' lang='lat' dir='ltr'>absorpserit</span> <span class='ocrx_word' id='word_1_124' title='bbox 774 1379 850 1442; x_wconf 91' lang='lat' dir='ltr'>haec</span> <span class='ocrx_word' id='word_1_125' title='bbox 866 1379 1041 1462; x_wconf 83' lang='lat' dir='ltr'>hypothesis</span> <span class='ocrx_word' id='word_1_126' title='bbox 1065 1397 1198 1443; x_wconf 88' lang='lat' dir='ltr'>errorem</span> <span class='ocrx_word' id='word_1_127' title='bbox 1221 1378 1350 1442; x_wconf 90' lang='lat' dir='ltr'>omnium</span> <span class='ocrx_word' id='word_1_128' title='bbox 1378 1378 1541 1443; x_wconf 78' lang='lat' dir='ltr'>maximum</span> <span class='ocrx_word' id='word_1_129' title='bbox 1563 1377 1661 1460; x_wconf 89' lang='lat' dir='ltr'>hypo·</span> 
     </span>
     <span class='ocr_line' id='line_1_13' title="bbox 306 1465 1663 1550; baseline -0.004 -17"><span class='ocrx_word' id='word_1_130' title='bbox 306 1471 432 1533; x_wconf 87' lang='lat' dir='ltr'>theseos</span> <span class='ocrx_word' id='word_1_131' title='bbox 451 1467 560 1550; x_wconf 88' lang='lat' dir='ltr'>prioris</span> <span class='ocrx_word' id='word_1_132' title='bbox 583 1465 647 1543; x_wconf 89' lang='lat' dir='ltr'>OP,</span> <span class='ocrx_word' id='word_1_133' title='bbox 670 1487 776 1549; x_wconf 86' lang='lat' dir='ltr'>nempe</span> <span class='ocrx_word' id='word_1_134' title='bbox 799 1469 902 1546; x_wconf 85' lang='lat' dir='ltr'><strong>KAV,</strong></span> <span class='ocrx_word' id='word_1_135' title='bbox 925 1469 1017 1533; x_wconf 86' lang='lat' dir='ltr'>LAX</span> <span class='ocrx_word' id='word_1_136' title='bbox 1039 1469 1120 1532; x_wconf 89' lang='lat' dir='ltr'>circa</span> <span class='ocrx_word' id='word_1_137' title='bbox 1143 1477 1267 1550; x_wconf 88' lang='lat' dir='ltr'>quartas</span> <span class='ocrx_word' id='word_1_138' title='bbox 1289 1467 1447 1549; x_wconf 88' lang='lat' dir='ltr'>temporie,</span> <span class='ocrx_word' id='word_1_139' title='bbox 1471 1487 1526 1530; x_wconf 90' lang='lat' dir='ltr'>nec</span> <span class='ocrx_word' id='word_1_140' title='bbox 1549 1485 1663 1528; x_wconf 91' lang='lat' dir='ltr'>novum</span> 
     </span>
     <span class='ocr_line' id='line_1_14' title="bbox 306 1555 1659 1641; baseline -0.001 -21"><span class='ocrx_word' id='word_1_141' title='bbox 306 1574 438 1623; x_wconf 90' lang='lat' dir='ltr'>errorem</span> <span class='ocrx_word' id='word_1_142' title='bbox 461 1557 630 1620; x_wconf 81' lang='lat' dir='ltr'>committat</span> <span class='ocrx_word' id='word_1_143' title='bbox 652 1557 734 1631; x_wconf 89' lang='lat' dir='ltr'>(cum</span> <span class='ocrx_word' id='word_1_144' title='bbox 757 1557 838 1620; x_wconf 88' lang='lat' dir='ltr'>circa</span> <span class='ocrx_word' id='word_1_145' title='bbox 860 1557 934 1633; x_wconf 89' lang='lat' dir='ltr'>AM,</span> <span class='ocrx_word' id='word_1_146' title='bbox 957 1558 1012 1622; x_wconf 83' lang='grc' dir='ltr'>ΑΡ</span> <span class='ocrx_word' id='word_1_147' title='bbox 1034 1557 1128 1641; x_wconf 87' lang='lat' dir='ltr'>priori</span> <span class='ocrx_word' id='word_1_148' title='bbox 1151 1556 1387 1640; x_wconf 87' lang='lat' dir='ltr'>aequipolleat):</span> <span class='ocrx_word' id='word_1_149' title='bbox 1417 1576 1509 1639; x_wconf 89' lang='lat' dir='ltr'>qnare</span> <span class='ocrx_word' id='word_1_150' title='bbox 1533 1555 1561 1620; x_wconf 92' lang='lat' dir='ltr'>si</span> <span class='ocrx_word' id='word_1_151' title='bbox 1583 1555 1659 1618; x_wconf 84' lang='lat' dir='ltr'>haec</span> 
     </span>
     <span class='ocr_line' id='line_1_15' title="bbox 306 1644 1660 1731; baseline -0.003 -21"><span class='ocrx_word' id='word_1_152' title='bbox 306 1647 483 1731; x_wconf 85' lang='lat' dir='ltr'>hypothesis</span> <span class='ocrx_word' id='word_1_153' title='bbox 507 1646 604 1708; x_wconf 90' lang='lat' dir='ltr'>adhuc</span> <span class='ocrx_word' id='word_1_154' title='bbox 633 1655 754 1727; x_wconf 89' lang='lat' dir='ltr'>peccat,</span> <span class='ocrx_word' id='word_1_155' title='bbox 785 1647 816 1709; x_wconf 94' lang='lat' dir='ltr'>id</span> <span class='ocrx_word' id='word_1_156' title='bbox 839 1647 933 1710; x_wconf 89' lang='lat' dir='ltr'>multo</span> <span class='ocrx_word' id='word_1_157' title='bbox 956 1648 1054 1710; x_wconf 87' lang='lat' dir='ltr'>minus</span> <span class='ocrx_word' id='word_1_158' title='bbox 1077 1647 1137 1710; x_wconf 89' lang='lat' dir='ltr'>erit</span> <span class='ocrx_word' id='word_1_159' title='bbox 1166 1655 1324 1728; x_wconf 89' lang='lat' dir='ltr'>peccatum</span> <span class='ocrx_word' id='word_1_160' title='bbox 1355 1665 1446 1728; x_wconf 91' lang='lat' dir='ltr'>quam</span> <span class='ocrx_word' id='word_1_161' title='bbox 1467 1645 1570 1709; x_wconf 88' lang='lat' dir='ltr'><strong>KAV.</strong></span> <span class='ocrx_word' id='word_1_162' title='bbox 1616 1644 1660 1706; x_wconf 85' lang='lat' dir='ltr'>Et</span> 
     </span>
     <span class='ocr_line' id='line_1_16' title="bbox 306 1733 1662 1839; baseline -0.001 -41"><span class='ocrx_word' id='word_1_163' title='bbox 306 1737 376 1819; x_wconf 91' lang='lat' dir='ltr'>quia</span> <span class='ocrx_word' id='word_1_164' title='bbox 406 1736 438 1798; x_wconf 91' lang='lat' dir='ltr'>in</span> <span class='ocrx_word' id='word_1_165' title='bbox 468 1733 542 1811; x_wconf 84' lang='lat' dir='ltr'>OM,</span> <span class='ocrx_word' id='word_1_166' title='bbox 568 1733 637 1811; x_wconf 82' lang='lat' dir='ltr'>GN,</span> <span class='ocrx_word' id='word_1_167' title='bbox 663 1733 734 1814; x_wconf 84' lang='lat' dir='ltr'>CK,</span> <span class='ocrx_word' id='word_1_168' title='bbox 759 1733 812 1800; x_wconf 86' lang='lat' dir='ltr'>CL</span> <span class='ocrx_word' id='word_1_169' title='bbox 846 1736 976 1800; x_wconf 87' lang='lat' dir='ltr'>officium</span> <span class='ocrx_word' id='word_1_170' title='bbox 1007 1736 1098 1814; x_wconf 85' lang='lat' dir='ltr'>f,ecit</span> <span class='ocrx_word' id='word_1_171' title='bbox 1130 1744 1286 1818; x_wconf 88' lang='lat' dir='ltr'>peccatum</span> <span class='ocrx_word' id='word_1_172' title='bbox 1316 1735 1362 1810; x_wconf 89' lang='lat' dir='ltr'>(si</span> <span class='ocrx_word' id='word_1_173' title='bbox 1394 1735 1474 1839; x_wconf 80' lang='lat' dir='ltr'>quod</span> <span class='ocrx_word' id='word_1_174' title='bbox 1506 1737 1662 1817; x_wconf 87' lang='lat' dir='ltr'>superest)</span> 
     </span>
     <span class='ocr_line' id='line_1_17' title="bbox 304 1825 1661 1928; baseline -0.002 -40"><span class='ocrx_word' id='word_1_175' title='bbox 304 1825 455 1889; x_wconf 90' lang='lat' dir='ltr'>recedet&#39;</span> <span class='ocrx_word' id='word_1_176' title='bbox 447 1845 478 1886; x_wconf 88' lang='grc' dir='ltr'>ιι</span> <span class='ocrx_word' id='word_1_177' title='bbox 502 1831 630 1907; x_wconf 89' lang='lat' dir='ltr'>quatuor</span> <span class='ocrx_word' id='word_1_178' title='bbox 655 1825 722 1888; x_wconf 87' lang='lat' dir='ltr'>loca</span> <span class='ocrx_word' id='word_1_179' title='bbox 754 1826 832 1888; x_wconf 91' lang='lat' dir='ltr'>inter</span> <span class='ocrx_word' id='word_1_180' title='bbox 859 1825 925 1928; x_wconf 80' lang='lat' dir='ltr'>J&#39;am</span> <span class='ocrx_word' id='word_1_181' title='bbox 955 1826 1038 1888; x_wconf 89' lang='lat' dir='ltr'>dicta</span> <span class='ocrx_word' id='word_1_182' title='bbox 1066 1825 1246 1888; x_wconf 88' lang='lat' dir='ltr'>intermedia</span> <span class='ocrx_word' id='word_1_183' title='bbox 1277 1826 1388 1910; x_wconf 86' lang='lat' dir='ltr'>fietque</span> <span class='ocrx_word' id='word_1_184' title='bbox 1421 1825 1503 1888; x_wconf 89' lang='lat' dir='ltr'>circa</span> <span class='ocrx_word' id='word_1_185' title='bbox 1534 1831 1661 1887; x_wconf 85' lang='lat' dir='ltr'>octavas</span> 
     </span>
     <span class='ocr_line' id='line_1_18' title="bbox 303 1911 1660 2007; baseline 0.001 -31"><span class='ocrx_word' id='word_1_186' title='bbox 303 1923 407 1997; x_wconf 88' lang='lat' dir='ltr'>partes</span> <span class='ocrx_word' id='word_1_187' title='bbox 435 1922 616 2007; x_wconf 88' lang='lat' dir='ltr'>temporum</span> <span class='ocrx_word' id='word_1_188' title='bbox 648 1934 715 1977; x_wconf 89' lang='lat' dir='ltr'>cum</span> <span class='ocrx_word' id='word_1_189' title='bbox 737 1914 768 1977; x_wconf 91' lang='lat' dir='ltr'>in</span> <span class='ocrx_word' id='word_1_190' title='bbox 792 1912 818 1977; x_wconf 83' lang='lat'><strong>0</strong></span> <span class='ocrx_word' id='word_1_191' title='bbox 842 1913 883 1976; x_wconf 84' lang='lat' dir='ltr'>sit</span> <span class='ocrx_word' id='word_1_192' title='bbox 905 1915 1050 1996; x_wconf 89' lang='lat' dir='ltr'>temporis</span> <span class='ocrx_word' id='word_1_193' title='bbox 1079 1933 1229 1980; x_wconf 83' lang='lat' dir='ltr'>mensura.</span> <span class='ocrx_word' id='word_1_194' title='bbox 1279 1913 1414 1978; x_wconf 84' lang='lat' dir='ltr'>Bisectis</span> <span class='ocrx_word' id='word_1_195' title='bbox 1444 1913 1535 1994; x_wconf 84' lang='lat' dir='ltr'>igitur</span> <span class='ocrx_word' id='word_1_196' title='bbox 1556 1911 1660 1989; x_wconf 83' lang='lat' dir='ltr'><strong>MOK,</strong></span> 
     </span>
     <span class='ocr_line' id='line_1_19' title="bbox 302 1962 1661 2086; baseline -0.001 -20"><span class='ocrx_word' id='word_1_197' title='bbox 302 2003 391 2067; x_wconf 85' lang='lat' dir='ltr'>KCN</span> <span class='ocrx_word' id='word_1_198' title='bbox 413 2004 542 2085; x_wconf 85' lang='lat' dir='ltr'>angulis,</span> <span class='ocrx_word' id='word_1_199' title='bbox 566 1962 712 2066; x_wconf 89' lang='lat' dir='ltr'>ducantur</span> <span class='ocrx_word' id='word_1_200' title='bbox 733 2023 787 2086; x_wconf 91' lang='lat' dir='ltr'>per</span> <span class='ocrx_word' id='word_1_201' title='bbox 812 2001 837 2067; x_wconf 85' lang='grc'><strong>0</strong></span> <span class='ocrx_word' id='word_1_202' title='bbox 861 2003 938 2066; x_wconf 88' lang='lat' dir='ltr'>duae</span> <span class='ocrx_word' id='word_1_203' title='bbox 961 2024 1057 2067; x_wconf 89' lang='lat' dir='ltr'>novae</span> <span class='ocrx_word' id='word_1_204' title='bbox 1080 2003 1198 2080; x_wconf 88' lang='lat' dir='ltr'>lineae,</span> <span class='ocrx_word' id='word_1_205' title='bbox 1223 2009 1363 2066; x_wconf 86' lang='lat' dir='ltr'>secantes</span> <span class='ocrx_word' id='word_1_206' title='bbox 1387 2001 1661 2066; x_wconf 83' lang='lat' dir='ltr'>circumferentiam</span> 
     </span>
     <span class='ocr_line' id='line_1_20' title="bbox 304 2089 1662 2174; baseline -0.002 -18"><span class='ocrx_word' id='word_1_207' title='bbox 304 2094 335 2156; x_wconf 90' lang='lat' dir='ltr'>in</span> <span class='ocrx_word' id='word_1_208' title='bbox 359 2093 449 2170; x_wconf 65' lang='lat' dir='ltr'>(tr,</span> <span class='ocrx_word' id='word_1_209' title='bbox 468 2093 571 2168; x_wconf 83' lang='lat' dir='ltr'>R,S:</span> <span class='ocrx_word' id='word_1_210' title='bbox 597 2093 655 2155; x_wconf 89' lang='lat' dir='ltr'>erit</span> <span class='ocrx_word' id='word_1_211' title='bbox 678 2093 759 2156; x_wconf 90' lang='lat' dir='ltr'>circa</span> <span class='ocrx_word' id='word_1_212' title='bbox 780 2093 857 2155; x_wconf 88' lang='lat' dir='ltr'>haec</span> <span class='ocrx_word' id='word_1_213' title='bbox 879 2101 990 2174; x_wconf 74' lang='lat' dir='ltr'>puncta</span> <span class='ocrx_word' id='word_1_214' title='bbox 1014 2113 1097 2156; x_wconf 88' lang='lat' dir='ltr'>error</span> <span class='ocrx_word' id='word_1_215' title='bbox 1119 2094 1279 2166; x_wconf 77' lang='lat' dir='ltr'>maximus,</span> <span class='ocrx_word' id='word_1_216' title='bbox 1304 2092 1421 2174; x_wconf 80' lang='lat' dir='ltr'>siquis</span> <span class='ocrx_word' id='word_1_217' title='bbox 1444 2099 1502 2154; x_wconf 83' lang='lat' dir='ltr'>est.</span> <span class='ocrx_word' id='word_1_218' title='bbox 1533 2089 1662 2154; x_wconf 84' lang='lat' dir='ltr'>Referet</span> 
     </span>
     <span class='ocr_line' id='line_1_21' title="bbox 303 2177 1655 2264; baseline -0.002 -18"><span class='ocrx_word' id='word_1_219' title='bbox 303 2192 404 2246; x_wconf 86' lang='lat' dir='ltr'>autem</span> <span class='ocrx_word' id='word_1_220' title='bbox 426 2184 503 2244; x_wconf 89' lang='lat' dir='ltr'>haec</span> <span class='ocrx_word' id='word_1_221' title='bbox 524 2181 702 2263; x_wconf 88' lang='lat' dir='ltr'>hypothesis</span> <span class='ocrx_word' id='word_1_222' title='bbox 721 2181 874 2262; x_wconf 87' lang='lat' dir='ltr'>planetam</span> <span class='ocrx_word' id='word_1_223' title='bbox 898 2183 979 2245; x_wconf 89' lang='lat' dir='ltr'>circa</span> <span class='ocrx_word' id='word_1_224' title='bbox 997 2191 1122 2246; x_wconf 88' lang='lat' dir='ltr'>octavas</span> <span class='ocrx_word' id='word_1_225' title='bbox 1146 2191 1314 2264; x_wconf 90' lang='lat' dir='ltr'>temporum</span> <span class='ocrx_word' id='word_1_226' title='bbox 1335 2180 1366 2244; x_wconf 93' lang='lat' dir='ltr'>in</span> <span class='ocrx_word' id='word_1_227' title='bbox 1384 2181 1483 2244; x_wconf 88' lang='lat' dir='ltr'>lineas</span> <span class='ocrx_word' id='word_1_228' title='bbox 1498 2177 1568 2258; x_wconf 77' lang='lat' dir='ltr'>Au,</span> <span class='ocrx_word' id='word_1_229' title='bbox 1584 2180 1655 2258; x_wconf 79' lang='lat' dir='ltr'>AR,</span> 
     </span>
     <span class='ocr_line' id='line_1_22' title="bbox 303 2269 1686 2354; baseline -0.001 -18"><span class='ocrx_word' id='word_1_230' title='bbox 303 2273 367 2348; x_wconf 86' lang='lat' dir='ltr'>AS,</span> <span class='ocrx_word' id='word_1_231' title='bbox 390 2273 456 2336; x_wconf 81' lang='lat' dir='ltr'>Ar.</span> <span class='ocrx_word' id='word_1_232' title='bbox 504 2269 554 2333; x_wconf 82' lang='lat' dir='ltr'>Sit</span> <span class='ocrx_word' id='word_1_233' title='bbox 579 2270 644 2351; x_wconf 88' lang='lat' dir='ltr'>jam</span> <span class='ocrx_word' id='word_1_234' title='bbox 672 2271 720 2346; x_wconf 88' lang='lat' dir='ltr'>(ut</span> <span class='ocrx_word' id='word_1_235' title='bbox 749 2271 780 2333; x_wconf 92' lang='lat' dir='ltr'>in</span> <span class='ocrx_word' id='word_1_236' title='bbox 807 2271 943 2347; x_wconf 86' lang='lat' dir='ltr'>Marte),</span> <span class='ocrx_word' id='word_1_237' title='bbox 975 2279 1010 2334; x_wconf 90' lang='lat' dir='ltr'>ut</span> <span class='ocrx_word' id='word_1_238' title='bbox 1040 2291 1100 2334; x_wconf 90' lang='lat' dir='ltr'>uon</span> <span class='ocrx_word' id='word_1_239' title='bbox 1132 2272 1243 2335; x_wconf 84' lang='lat' dir='ltr'>debeat</span> <span class='ocrx_word' id='word_1_240' title='bbox 1275 2270 1499 2354; x_wconf 81' lang='lat' dir='ltr'>planecapost</span> <span class='ocrx_word' id='word_1_241' title='bbox 1528 2278 1654 2334; x_wconf 82' lang='lat' dir='ltr'>octavas</span> <span class='ocrx_word' id='word_1_242' title='bbox 1683 2277 1686 2286; x_wconf 89' lang='grc'><strong>“</strong></span> 
     </span>
     <span class='ocr_line' id='line_1_23' title="bbox 303 2358 1658 2442; baseline -0.001 -18"><span class='ocrx_word' id='word_1_243' title='bbox 303 2363 446 2442; x_wconf 87' lang='lat' dir='ltr'>temporis</span> <span class='ocrx_word' id='word_1_244' title='bbox 478 2358 659 2421; x_wconf 87' lang='lat' dir='ltr'>restitutorii</span> <span class='ocrx_word' id='word_1_245' title='bbox 691 2378 835 2441; x_wconf 88' lang='lat' dir='ltr'>apparere</span> <span class='ocrx_word' id='word_1_246' title='bbox 867 2359 898 2421; x_wconf 91' lang='lat' dir='ltr'>in</span> <span class='ocrx_word' id='word_1_247' title='bbox 930 2359 1019 2422; x_wconf 91' lang='lat' dir='ltr'>lineis</span> <span class='ocrx_word' id='word_1_248' title='bbox 1041 2358 1119 2437; x_wconf 73' lang='grc' dir='ltr'><strong><em>ΑΟ,</em></strong></span> <span class='ocrx_word' id='word_1_249' title='bbox 1142 2362 1218 2436; x_wconf 87' lang='lat' dir='ltr'>AR,</span> <span class='ocrx_word' id='word_1_250' title='bbox 1241 2361 1314 2435; x_wconf 90' lang='lat' dir='ltr'>AS,</span> <span class='ocrx_word' id='word_1_251' title='bbox 1338 2361 1414 2424; x_wconf 85' lang='lat' dir='ltr'>AT·</span> <span class='ocrx_word' id='word_1_252' title='bbox 1446 2359 1500 2422; x_wconf 88' lang='lat' dir='ltr'>sed</span> <span class='ocrx_word' id='word_1_253' title='bbox 1530 2359 1596 2421; x_wconf 92' lang='lat' dir='ltr'>illic</span> <span class='ocrx_word' id='word_1_254' title='bbox 1625 2358 1658 2422; x_wconf 86' lang='lat' dir='ltr'>in</span> 
     </span>
     <span class='ocr_line' id='line_1_24' title="bbox 302 2407 1655 2568; baseline -0.002 -56"><span class='ocrx_word' id='word_1_255' title='bbox 302 2451 391 2512; x_wconf 90' lang='lat' dir='ltr'>lineis</span> <span class='ocrx_word' id='word_1_256' title='bbox 414 2449 479 2520; x_wconf 85' lang='lat' dir='ltr'>AF,</span> <span class='ocrx_word' id='word_1_257' title='bbox 502 2445 559 2510; x_wconf 82' lang='grc' dir='ltr'>ΑΕ</span> <span class='ocrx_word' id='word_1_258' title='bbox 583 2448 803 2568; x_wconf 79' lang='lat' dir='ltr'>superioribus,</span> <span class='ocrx_word' id='word_1_259' title='bbox 827 2447 906 2510; x_wconf 93' lang='lat' dir='ltr'>hic&#39;</span> <span class='ocrx_word' id='word_1_260' title='bbox 898 2471 929 2511; x_wconf 95' lang='lat' dir='ltr'>m</span> <span class='ocrx_word' id='word_1_261' title='bbox 952 2447 1024 2526; x_wconf 85' lang='lat' dir='ltr'>AG,</span> <span class='ocrx_word' id='word_1_262' title='bbox 1047 2449 1107 2514; x_wconf 92' lang='lat' dir='ltr'>AD</span> <span class='ocrx_word' id='word_1_263' title='bbox 1136 2407 1354 2514; x_wconf 74' lang='lat' dir='ltr'>humilioribus.</span> <span class='ocrx_word' id='word_1_264' title='bbox 1400 2449 1484 2531; x_wconf 86' lang='lat' dir='ltr'>Ergo</span> <span class='ocrx_word' id='word_1_265' title='bbox 1512 2447 1539 2511; x_wconf 89' lang='lat' dir='ltr'>si</span> <span class='ocrx_word' id='word_1_266' title='bbox 1569 2447 1655 2530; x_wconf 91' lang='lat' dir='ltr'>prius</span> 
     </span>
     <span class='ocr_line' id='line_1_25' title="bbox 303 2497 1653 2642; baseline -0.001 -41"><span class='ocrx_word' id='word_1_267' title='bbox 303 2557 386 2601; x_wconf 86' lang='lat' dir='ltr'>error</span> <span class='ocrx_word' id='word_1_268' title='bbox 397 2537 501 2600; x_wconf 85' lang='lat' dir='ltr'>KAV</span> <span class='ocrx_word' id='word_1_269' title='bbox 526 2531 719 2619; x_wconf 74' lang='lat' dir='ltr'>nnt10¹l⁰</span> <span class='ocrx_word' id='word_1_270' title='bbox 749 2538 814 2618; x_wconf 91' lang='lat' dir='ltr'>jam</span> <span class='ocrx_word' id='word_1_271' title='bbox 841 2555 924 2601; x_wconf 89' lang='lat' dir='ltr'>error</span> <span class='ocrx_word' id='word_1_272' title='bbox 953 2497 1039 2610; x_wconf 72' lang='lat' dir='ltr'><strong>QA&#39;F</strong></span> <span class='ocrx_word' id='word_1_273' title='bbox 1071 2539 1122 2600; x_wconf 82' lang='lat' dir='ltr'>vix</span> <span class='ocrx_word' id='word_1_274' title='bbox 1154 2541 1213 2603; x_wconf 87' lang='lat' dir='ltr'>erit</span> <span class='ocrx_word' id='word_1_275' title='bbox 1242 2557 1405 2642; x_wconf 72' lang='lat' dir='ltr'>paucorum</span> <span class='ocrx_word' id='word_1_276' title='bbox 1436 2537 1653 2618; x_wconf 89' lang='lat' dir='ltr'>scrupulorum.</span> 
     </span>
     <span class='ocr_line' id='line_1_26' title="bbox 304 2623 1655 2707; baseline -0.001 -17"><span class='ocrx_word' id='word_1_277' title='bbox 304 2625 545 2707; x_wconf 84' lang='lat' dir='ltr'>Deprehenditur</span> <span class='ocrx_word' id='word_1_278' title='bbox 577 2633 678 2688; x_wconf 87' lang='lat' dir='ltr'>autem</span> <span class='ocrx_word' id='word_1_279' title='bbox 710 2627 740 2690; x_wconf 90' lang='lat' dir='ltr'>in</span> <span class='ocrx_word' id='word_1_280' title='bbox 766 2627 867 2689; x_wconf 85' lang='lat' dir='ltr'>Marte</span> <span class='ocrx_word' id='word_1_281' title='bbox 892 2626 977 2700; x_wconf 82' lang='lat' dir='ltr'>QAF</span> <span class='ocrx_word' id='word_1_282' title='bbox 1001 2629 1049 2690; x_wconf 90' lang='lat' dir='ltr'>vel</span> <span class='ocrx_word' id='word_1_283' title='bbox 1071 2627 1159 2690; x_wconf 82' lang='grc' dir='ltr'>ΒΑΕ</span> <span class='ocrx_word' id='word_1_284' title='bbox 1184 2625 1216 2692; x_wconf 88' lang='grc'>9’</span> <span class='ocrx_word' id='word_1_285' title='bbox 1248 2626 1384 2705; x_wconf 83' lang='lat' dir='ltr'>circiter,</span> <span class='ocrx_word' id='word_1_286' title='bbox 1418 2629 1476 2690; x_wconf 88' lang='lat' dir='ltr'>sed</span> <span class='ocrx_word' id='word_1_287' title='bbox 1495 2623 1582 2690; x_wconf 86' lang='lat' dir='ltr'>SAG</span> <span class='ocrx_word' id='word_1_288' title='bbox 1606 2626 1655 2688; x_wconf 86' lang='lat' dir='ltr'>vel</span> 
     </span>
     <span class='ocr_line' id='line_1_27' title="bbox 306 2711 624 2780; baseline -0.003 -1"><span class='ocrx_word' id='word_1_289' title='bbox 306 2716 392 2780; x_wconf 81' lang='lat' dir='ltr'>TAD</span> <span class='ocrx_word' id='word_1_290' title='bbox 416 2714 536 2776; x_wconf 86' lang='lat' dir='ltr'>circiter</span> <span class='ocrx_word' id='word_1_291' title='bbox 559 2711 624 2778; x_wconf 81' lang='grc'><strong><em>280.</em></strong></span> 
     </span>
    </p>

    <p class='ocr_par' dir='ltr' id='par_1_4' title="bbox 268 2795 1658 4581">
     <span class='ocr_line' id='line_1_28' title="bbox 392 2795 1655 2887; baseline 0.002 -21"><span class='ocrx_word' id='word_1_292' title='bbox 392 2803 496 2867; x_wconf 82' lang='lat' dir='ltr'>Tertio</span> <span class='ocrx_word' id='word_1_293' title='bbox 527 2803 619 2883; x_wconf 90' lang='lat' dir='ltr'>igitur</span> <span class='ocrx_word' id='word_1_294' title='bbox 652 2810 683 2864; x_wconf 88' lang='lat' dir='ltr'>et</span> <span class='ocrx_word' id='word_1_295' title='bbox 704 2803 780 2864; x_wconf 91' lang='lat' dir='ltr'>haec</span> <span class='ocrx_word' id='word_1_296' title='bbox 802 2801 980 2886; x_wconf 88' lang='lat' dir='ltr'>hypothesis</span> <span class='ocrx_word' id='word_1_297' title='bbox 1004 2804 1186 2885; x_wconf 88' lang='lat' dir='ltr'>corrigatur;</span> <span class='ocrx_word' id='word_1_298' title='bbox 1219 2795 1299 2887; x_wconf 78' lang='lat' dir='ltr'>qu&#39;od</span> <span class='ocrx_word' id='word_1_299' title='bbox 1324 2811 1358 2866; x_wconf 85' lang='lat' dir='ltr'>ut</span> <span class='ocrx_word' id='word_1_300' title='bbox 1379 2803 1462 2866; x_wconf 88' lang='lat' dir='ltr'>varie</span> <span class='ocrx_word' id='word_1_301' title='bbox 1487 2805 1534 2878; x_wconf 86' lang='lat' dir='ltr'>(et</span> <span class='ocrx_word' id='word_1_302' title='bbox 1555 2802 1655 2868; x_wconf 78' lang='grc' dir='ltr'>ιιοιιιὶ-</span> 
     </span>
     <span class='ocr_line' id='line_1_29' title="bbox 303 2891 1658 2976; baseline -0.001 -18"><span class='ocrx_word' id='word_1_303' title='bbox 303 2895 397 2958; x_wconf 89' lang='lat' dir='ltr'>natim</span> <span class='ocrx_word' id='word_1_304' title='bbox 428 2912 481 2973; x_wconf 92' lang='lat' dir='ltr'>per</span> <span class='ocrx_word' id='word_1_305' title='bbox 513 2891 702 2955; x_wconf 88' lang='lat' dir='ltr'>librationem</span> <span class='ocrx_word' id='word_1_306' title='bbox 728 2893 832 2974; x_wconf 88' lang='lat' dir='ltr'>pun&#39;cti</span> <span class='ocrx_word' id='word_1_307' title='bbox 863 2892 888 2958; x_wconf 81' lang='lat' dir='ltr'><em>O</em></span> <span class='ocrx_word' id='word_1_308' title='bbox 918 2894 949 2956; x_wconf 91' lang='lat' dir='ltr'>in</span> <span class='ocrx_word' id='word_1_309' title='bbox 972 2892 1054 2955; x_wconf 89' lang='lat' dir='ltr'>linea</span> <span class='ocrx_word' id='word_1_310' title='bbox 1077 2893 1150 2968; x_wconf 83' lang='lat' dir='ltr'>CA)</span> <span class='ocrx_word' id='word_1_311' title='bbox 1172 2894 1237 2956; x_wconf 90' lang='lat' dir='ltr'>lieri</span> <span class='ocrx_word' id='word_1_312' title='bbox 1258 2899 1377 2976; x_wconf 85' lang='lat' dir='ltr'>potest,</span> <span class='ocrx_word' id='word_1_313' title='bbox 1409 2894 1454 2964; x_wconf 84' lang='lat' dir='ltr'>ite</span> <span class='ocrx_word' id='word_1_314' title='bbox 1475 2893 1561 2956; x_wconf 91' lang='lat' dir='ltr'>nulla</span> <span class='ocrx_word' id='word_1_315' title='bbox 1581 2894 1658 2957; x_wconf 92' lang='lat' dir='ltr'>reli-</span> 
     </span>
     <span class='ocr_line' id='line_1_30' title="bbox 301 2981 1655 3065; baseline 0.001 -18"><span class='ocrx_word' id='word_1_316' title='bbox 301 2985 389 3065; x_wconf 85' lang='lat' dir='ltr'>gione</span> <span class='ocrx_word' id='word_1_317' title='bbox 420 2981 615 3062; x_wconf 89' lang='lat' dir='ltr'>impedimur,</span> <span class='ocrx_word' id='word_1_318' title='bbox 650 2990 791 3063; x_wconf 89' lang='lat' dir='ltr'>punctum</span> <span class='ocrx_word' id='word_1_319' title='bbox 822 2982 1016 3063; x_wconf 89' lang='lat' dir='ltr'>aequalitatis</span> <span class='ocrx_word' id='word_1_320' title='bbox 1046 2982 1071 3048; x_wconf 82' lang='grc'>0</span> <span class='ocrx_word' id='word_1_321' title='bbox 1099 2985 1189 3046; x_wconf 86' lang='lat' dir='ltr'>fixum</span> <span class='ocrx_word' id='word_1_322' title='bbox 1216 2983 1345 3046; x_wconf 89' lang='lat' dir='ltr'>retinere</span> <span class='ocrx_word' id='word_1_323' title='bbox 1373 2981 1403 3045; x_wconf 91' lang='lat' dir='ltr'>in</span> <span class='ocrx_word' id='word_1_324' title='bbox 1427 2983 1576 3046; x_wconf 74' lang='lat' dir='ltr'>distamia</span> <span class='ocrx_word' id='word_1_325' title='bbox 1598 2982 1655 3048; x_wconf 86' lang='lat' dir='ltr'>CA</span> 
     </span>
     <span class='ocr_line' id='line_1_31' title="bbox 303 3071 1656 3154; baseline 0 -18"><span class='ocrx_word' id='word_1_326' title='bbox 303 3073 340 3136; x_wconf 91' lang='lat' dir='ltr'>ob</span> <span class='ocrx_word' id='word_1_327' title='bbox 364 3073 507 3154; x_wconf 86' lang='lat' dir='ltr'>angulum</span> <span class='ocrx_word' id='word_1_328' title='bbox 529 3071 639 3146; x_wconf 88' lang='lat' dir='ltr'><strong>KAV,</strong></span> <span class='ocrx_word' id='word_1_329' title='bbox 678 3077 710 3131; x_wconf 88' lang='lat' dir='ltr'>et</span> <span class='ocrx_word' id='word_1_330' title='bbox 730 3071 872 3152; x_wconf 89' lang='lat' dir='ltr'>planetae</span> <span class='ocrx_word' id='word_1_331' title='bbox 895 3072 976 3134; x_wconf 91' lang='lat' dir='ltr'>viam</span> <span class='ocrx_word' id='word_1_332' title='bbox 1000 3071 1162 3136; x_wconf 88' lang='lat' dir='ltr'>etiamnum</span> <span class='ocrx_word' id='word_1_333' title='bbox 1184 3071 1313 3134; x_wconf 88' lang='lat' dir='ltr'>retinere</span> <span class='ocrx_word' id='word_1_334' title='bbox 1336 3071 1520 3136; x_wconf 87' lang='lat' dir='ltr'>circularem.</span> <span class='ocrx_word' id='word_1_335' title='bbox 1569 3072 1656 3146; x_wconf 84' lang='lat' dir='ltr'>Quae</span> 
     </span>
     <span class='ocr_line' id='line_1_32' title="bbox 301 3159 1656 3242; baseline -0.001 -16"><span class='ocrx_word' id='word_1_336' title='bbox 301 3163 361 3228; x_wconf 90' lang='lat' dir='ltr'>tria</span> <span class='ocrx_word' id='word_1_337' title='bbox 392 3182 429 3224; x_wconf 84' lang='lat' dir='ltr'>ex</span> <span class='ocrx_word' id='word_1_338' title='bbox 452 3159 578 3223; x_wconf 90' lang='lat' dir='ltr'>arbitrio</span> <span class='ocrx_word' id='word_1_339' title='bbox 602 3167 753 3240; x_wconf 88' lang='lat' dir='ltr'>suscepta,</span> <span class='ocrx_word' id='word_1_340' title='bbox 777 3180 838 3224; x_wconf 92' lang='lat' dir='ltr'>nou</span> <span class='ocrx_word' id='word_1_341' title='bbox 861 3161 1116 3235; x_wconf 84' lang='lat' dir='ltr'>demonstratione</span> <span class='ocrx_word' id='word_1_342' title='bbox 1140 3161 1255 3238; x_wconf 85' lang='lat' dir='ltr'>evicta,</span> <span class='ocrx_word' id='word_1_343' title='bbox 1283 3169 1393 3242; x_wconf 89' lang='lat' dir='ltr'>cogent</span> <span class='ocrx_word' id='word_1_344' title='bbox 1415 3181 1470 3224; x_wconf 93' lang='lat' dir='ltr'>nos</span> <span class='ocrx_word' id='word_1_345' title='bbox 1494 3162 1656 3224; x_wconf 88' lang='lat' dir='ltr'>eccentrici</span> 
     </span>
     <span class='ocr_line' id='line_1_33' title="bbox 301 3249 1655 3333; baseline 0 -19"><span class='ocrx_word' id='word_1_346' title='bbox 301 3261 437 3316; x_wconf 89' lang='lat' dir='ltr'>centrum</span> <span class='ocrx_word' id='word_1_347' title='bbox 451 3271 489 3312; x_wconf 86' lang='lat' dir='ltr'>ex</span> <span class='ocrx_word' id='word_1_348' title='bbox 504 3250 529 3314; x_wconf 85' lang='grc' dir='ltr'>Ο</span> <span class='ocrx_word' id='word_1_349' title='bbox 543 3258 654 3330; x_wconf 89' lang='lat' dir='ltr'>puncto</span> <span class='ocrx_word' id='word_1_350' title='bbox 668 3249 862 3330; x_wconf 84' lang='lat' dir='ltr'>aequalitatis</span> <span class='ocrx_word' id='word_1_351' title='bbox 876 3259 975 3314; x_wconf 83' lang='lat' dir='ltr'>motus</span> <span class='ocrx_word' id='word_1_352' title='bbox 992 3250 1157 3333; x_wconf 87' lang='lat' dir='ltr'>deprimere</span> <span class='ocrx_word' id='word_1_353' title='bbox 1172 3251 1204 3312; x_wconf 91' lang='lat' dir='ltr'>in</span> <span class='ocrx_word' id='word_1_354' title='bbox 1219 3253 1256 3327; x_wconf 92' lang='lat' dir='ltr'>B,</span> <span class='ocrx_word' id='word_1_355' title='bbox 1272 3258 1305 3312; x_wconf 90' lang='lat' dir='ltr'>ut</span> <span class='ocrx_word' id='word_1_356' title='bbox 1324 3251 1365 3313; x_wconf 88' lang='lat' dir='ltr'>sit</span> <span class='ocrx_word' id='word_1_357' title='bbox 1383 3251 1429 3314; x_wconf 88' lang='lat' dir='ltr'>HI</span> <span class='ocrx_word' id='word_1_358' title='bbox 1451 3269 1506 3332; x_wconf 90' lang='lat' dir='ltr'>pro</span> <span class='ocrx_word' id='word_1_359' title='bbox 1522 3251 1596 3328; x_wconf 92' lang='lat' dir='ltr'>MN,</span> <span class='ocrx_word' id='word_1_360' title='bbox 1622 3259 1655 3314; x_wconf 88' lang='lat' dir='ltr'>et</span> 
     </span>
     <span class='ocr_line' id='line_1_34' title="bbox 268 3338 1654 3422; baseline 0 -18"><span class='ocrx_word' id='word_1_361' title='bbox 268 3373 275 3390; x_wconf 93' lang='lat'><strong>·</strong></span> <span class='ocrx_word' id='word_1_362' title='bbox 303 3340 560 3422; x_wconf 88' lang='lat' dir='ltr'>corpusplanetae</span> <span class='ocrx_word' id='word_1_363' title='bbox 574 3338 661 3414; x_wconf 86' lang='lat' dir='ltr'>er,</span> <span class='ocrx_word' id='word_1_364' title='bbox 677 3339 716 3413; x_wconf 89' lang='lat' dir='ltr'>R,</span> <span class='ocrx_word' id='word_1_365' title='bbox 727 3338 798 3413; x_wconf 63' lang='lat' dir='ltr'>SA*</span> <span class='ocrx_word' id='word_1_366' title='bbox 813 3339 960 3416; x_wconf 89' lang='lat' dir='ltr'>discedat,</span> <span class='ocrx_word' id='word_1_367' title='bbox 978 3359 1102 3403; x_wconf 86' lang='lat' dir='ltr'>maneus</span> <span class='ocrx_word' id='word_1_368' title='bbox 1112 3347 1210 3402; x_wconf 83' lang='lat' dir='ltr'>tamen</span> <span class='ocrx_word' id='word_1_369' title='bbox 1221 3340 1252 3402; x_wconf 94' lang='lat' dir='ltr'>in</span> <span class='ocrx_word' id='word_1_370' title='bbox 1262 3339 1350 3402; x_wconf 89' lang='lat' dir='ltr'>lineis</span> <span class='ocrx_word' id='word_1_371' title='bbox 1361 3338 1427 3416; x_wconf 86' lang='lat' dir='ltr'>cQ,</span> <span class='ocrx_word' id='word_1_372' title='bbox 1447 3338 1513 3418; x_wconf 74' lang='lat' dir='ltr'>CR,</span> <span class='ocrx_word' id='word_1_373' title='bbox 1529 3339 1589 3414; x_wconf 81' lang='lat' dir='ltr'>OS,</span> <span class='ocrx_word' id='word_1_374' title='bbox 1601 3339 1654 3405; x_wconf 84' lang='lat' dir='ltr'>CT</span> 
     </span>
     <span class='ocr_line' id='line_1_35' title="bbox 306 3425 1656 3512; baseline 0 -20"><span class='ocrx_word' id='word_1_375' title='bbox 306 3431 392 3512; x_wconf 89' lang='lat' dir='ltr'>(qnia</span> <span class='ocrx_word' id='word_1_376' title='bbox 414 3429 493 3509; x_wconf 92' lang='lat' dir='ltr'>apud</span> <span class='ocrx_word' id='word_1_377' title='bbox 517 3427 541 3491; x_wconf 82' lang='lat' dir='ltr'><em>O</em></span> <span class='ocrx_word' id='word_1_378' title='bbox 565 3434 667 3489; x_wconf 92' lang='lat' dir='ltr'>manet</span> <span class='ocrx_word' id='word_1_379' title='bbox 690 3426 836 3490; x_wconf 89' lang='lat' dir='ltr'>dimensio</span> <span class='ocrx_word' id='word_1_380' title='bbox 859 3428 1036 3510; x_wconf 89' lang='lat' dir='ltr'>temporis),</span> <span class='ocrx_word' id='word_1_381' title='bbox 1059 3430 1218 3510; x_wconf 84' lang='lat' dir='ltr'>veniatque</span> <span class='ocrx_word' id='word_1_382' title='bbox 1241 3429 1272 3491; x_wconf 92' lang='lat' dir='ltr'>in</span> <span class='ocrx_word' id='word_1_383' title='bbox 1295 3429 1383 3509; x_wconf 89' lang='lat' dir='ltr'>signa</span> <span class='ocrx_word' id='word_1_384' title='bbox 1404 3430 1439 3505; x_wconf 82' lang='lat' dir='ltr'>F,</span> <span class='ocrx_word' id='word_1_385' title='bbox 1457 3428 1496 3504; x_wconf 88' lang='grc' dir='ltr'><strong><em>Ε,</em></strong></span> <span class='ocrx_word' id='word_1_386' title='bbox 1512 3425 1553 3505; x_wconf 87' lang='lat' dir='ltr'>G,</span> <span class='ocrx_word' id='word_1_387' title='bbox 1571 3429 1599 3494; x_wconf 93' lang='lat' dir='ltr'><strong>D</strong></span> <span class='ocrx_word' id='word_1_388' title='bbox 1623 3436 1656 3492; x_wconf 91' lang='lat' dir='ltr'>et</span> 
     </span>
     <span class='ocr_line' id='line_1_36' title="bbox 304 3513 1651 3594; baseline -0.001 -12"><span class='ocrx_word' id='word_1_389' title='bbox 304 3521 378 3582; x_wconf 86' lang='lat' dir='ltr'>fiant</span> <span class='ocrx_word' id='word_1_390' title='bbox 400 3517 463 3592; x_wconf 65' lang='grc' dir='ltr'>ΘΓ,</span> <span class='ocrx_word' id='word_1_391' title='bbox 483 3517 628 3591; x_wconf 84' lang='lat' dir='ltr'>ER,SG,</span> <span class='ocrx_word' id='word_1_392' title='bbox 645 3517 699 3578; x_wconf 87' lang='lat' dir='ltr'>TD</span> <span class='ocrx_word' id='word_1_393' title='bbox 723 3523 841 3593; x_wconf 61' lang='lat' dir='ltr'>tanne,</span> <span class='ocrx_word' id='word_1_394' title='bbox 865 3525 899 3579; x_wconf 87' lang='lat' dir='ltr'>ut</span> <span class='ocrx_word' id='word_1_395' title='bbox 921 3517 1120 3592; x_wconf 79' lang='lat' dir='ltr'><strong>QAF,EAR</strong></span> <span class='ocrx_word' id='word_1_396' title='bbox 1140 3520 1215 3580; x_wconf 89' lang='lat' dir='ltr'>liant</span> <span class='ocrx_word' id='word_1_397' title='bbox 1237 3513 1283 3594; x_wconf 83' lang='lat'>9¹,</span> <span class='ocrx_word' id='word_1_398' title='bbox 1307 3527 1338 3586; x_wconf 87' lang='lat' dir='ltr'>et</span> <span class='ocrx_word' id='word_1_399' title='bbox 1360 3517 1455 3594; x_wconf 85' lang='lat' dir='ltr'><strong>SAG,</strong></span> <span class='ocrx_word' id='word_1_400' title='bbox 1478 3518 1564 3584; x_wconf 85' lang='lat' dir='ltr'>TAD</span> <span class='ocrx_word' id='word_1_401' title='bbox 1588 3514 1651 3582; x_wconf 85' lang='grc'><strong><em>280.</em></strong></span> 
     </span>
     <span class='ocr_line' id='line_1_37' title="bbox 303 3604 1652 3690; baseline -0.001 -20"><span class='ocrx_word' id='word_1_402' title='bbox 303 3610 370 3670; x_wconf 90' lang='lat' dir='ltr'>Hoc</span> <span class='ocrx_word' id='word_1_403' title='bbox 402 3607 482 3668; x_wconf 86' lang='lat' dir='ltr'>facto</span> <span class='ocrx_word' id='word_1_404' title='bbox 511 3604 670 3687; x_wconf 88' lang='lat' dir='ltr'>absorptus</span> <span class='ocrx_word' id='word_1_405' title='bbox 694 3605 753 3667; x_wconf 89' lang='lat' dir='ltr'>erit</span> <span class='ocrx_word' id='word_1_406' title='bbox 775 3614 806 3666; x_wconf 89' lang='lat' dir='ltr'>et</span> <span class='ocrx_word' id='word_1_407' title='bbox 828 3605 880 3668; x_wconf 91' lang='lat' dir='ltr'>ille</span> <span class='ocrx_word' id='word_1_408' title='bbox 903 3626 986 3669; x_wconf 89' lang='lat' dir='ltr'>error</span> <span class='ocrx_word' id='word_1_409' title='bbox 1008 3607 1039 3668; x_wconf 93' lang='lat' dir='ltr'>in</span> <span class='ocrx_word' id='word_1_410' title='bbox 1063 3607 1179 3670; x_wconf 88' lang='lat' dir='ltr'>octavis</span> <span class='ocrx_word' id='word_1_411' title='bbox 1201 3615 1387 3689; x_wconf 87' lang='lat' dir='ltr'>temporum,</span> <span class='ocrx_word' id='word_1_412' title='bbox 1420 3615 1451 3668; x_wconf 89' lang='lat' dir='ltr'>et</span> <span class='ocrx_word' id='word_1_413' title='bbox 1472 3605 1652 3690; x_wconf 87' lang='lat' dir='ltr'>hypothesis</span> 
     </span>
     <span class='ocr_line' id='line_1_38' title="bbox 304 3693 1653 3782; baseline 0 -23"><span class='ocrx_word' id='word_1_414' title='bbox 304 3705 372 3759; x_wconf 84' lang='lat' dir='ltr'>octo</span> <span class='ocrx_word' id='word_1_415' title='bbox 395 3696 472 3756; x_wconf 89' lang='lat' dir='ltr'>locis</span> <span class='ocrx_word' id='word_1_416' title='bbox 491 3694 689 3774; x_wconf 73' lang='lat' dir='ltr'>justissimam</span> <span class='ocrx_word' id='word_1_417' title='bbox 713 3693 867 3757; x_wconf 77' lang='lat' dir='ltr'>exhibebit</span> <span class='ocrx_word' id='word_1_418' title='bbox 888 3695 1114 3776; x_wconf 87' lang='lat' dir='ltr'>longitudinem.</span> <span class='ocrx_word' id='word_1_419' title='bbox 1161 3695 1262 3769; x_wconf 78' lang='lat' dir='ltr'>Quare</span> <span class='ocrx_word' id='word_1_420' title='bbox 1285 3695 1393 3759; x_wconf 89' lang='lat' dir='ltr'>iterum</span> <span class='ocrx_word' id='word_1_421' title='bbox 1417 3696 1443 3759; x_wconf 92' lang='lat' dir='ltr'>si</span> <span class='ocrx_word' id='word_1_422' title='bbox 1466 3695 1533 3779; x_wconf 88' lang='lat' dir='ltr'>quis</span> <span class='ocrx_word' id='word_1_423' title='bbox 1554 3705 1653 3782; x_wconf 79' lang='lat' dir='ltr'>restat</span> 
     </span>
     <span class='ocr_line' id='line_1_39' title="bbox 302 3782 1651 3868; baseline 0.001 -20"><span class='ocrx_word' id='word_1_424' title='bbox 302 3805 400 3860; x_wconf 88' lang='lat' dir='ltr'>error,</span> <span class='ocrx_word' id='word_1_425' title='bbox 435 3784 462 3845; x_wconf 90' lang='lat' dir='ltr'>is</span> <span class='ocrx_word' id='word_1_426' title='bbox 494 3782 552 3844; x_wconf 89' lang='lat' dir='ltr'>erit</span> <span class='ocrx_word' id='word_1_427' title='bbox 581 3782 611 3846; x_wconf 93' lang='lat' dir='ltr'>in</span> <span class='ocrx_word' id='word_1_428' title='bbox 644 3783 802 3846; x_wconf 88' lang='lat' dir='ltr'>sedecimis</span> <span class='ocrx_word' id='word_1_429' title='bbox 831 3792 1014 3865; x_wconf 84' lang='lat' dir='ltr'>temporum,</span> <span class='ocrx_word' id='word_1_430' title='bbox 1043 3785 1120 3848; x_wconf 91' lang='lat' dir='ltr'>locis</span> <span class='ocrx_word' id='word_1_431' title='bbox 1142 3785 1337 3848; x_wconf 87' lang='lat' dir='ltr'>intermediis.</span> <span class='ocrx_word' id='word_1_432' title='bbox 1383 3785 1428 3849; x_wconf 91' lang='lat' dir='ltr'>At</span> <span class='ocrx_word' id='word_1_433' title='bbox 1450 3785 1521 3868; x_wconf 78' lang='lat' dir='ltr'>quia</span> <span class='ocrx_word' id='word_1_434' title='bbox 1542 3787 1651 3850; x_wconf 90' lang='lat' dir='ltr'>tertius</span> 
     </span>
     <span class='ocr_line' id='line_1_40' title="bbox 302 3871 1651 3959; baseline 0.001 -22"><span class='ocrx_word' id='word_1_435' title='bbox 302 3875 352 3938; x_wconf 91' lang='lat' dir='ltr'>hic</span> <span class='ocrx_word' id='word_1_436' title='bbox 378 3871 562 3935; x_wconf 88' lang='lat' dir='ltr'>eccentricus</span> <span class='ocrx_word' id='word_1_437' title='bbox 584 3873 629 3935; x_wconf 89' lang='lat' dir='ltr'>HI</span> <span class='ocrx_word' id='word_1_438' title='bbox 651 3880 715 3934; x_wconf 88' lang='lat' dir='ltr'>tam</span> <span class='ocrx_word' id='word_1_439' title='bbox 737 3872 833 3952; x_wconf 90' lang='lat' dir='ltr'>primo</span> <span class='ocrx_word' id='word_1_440' title='bbox 856 3873 1039 3954; x_wconf 88' lang='lat' dir='ltr'>aequipollet</span> <span class='ocrx_word' id='word_1_441' title='bbox 1061 3874 1092 3936; x_wconf 90' lang='lat' dir='ltr'>in</span> <span class='ocrx_word' id='word_1_442' title='bbox 1115 3875 1191 3939; x_wconf 91' lang='lat' dir='ltr'>locis</span> <span class='ocrx_word' id='word_1_443' title='bbox 1212 3875 1292 3951; x_wconf 90' lang='lat' dir='ltr'>AM,</span> <span class='ocrx_word' id='word_1_444' title='bbox 1311 3877 1384 3953; x_wconf 93' lang='lat' dir='ltr'>AP,</span> <span class='ocrx_word' id='word_1_445' title='bbox 1408 3894 1497 3959; x_wconf 87' lang='lat' dir='ltr'>quam</span> <span class='ocrx_word' id='word_1_446' title='bbox 1520 3875 1651 3940; x_wconf 88' lang='lat' dir='ltr'>secundo</span> 
     </span>
     <span class='ocr_line' id='line_1_41' title="bbox 303 3961 1652 4048; baseline 0 -22"><span class='ocrx_word' id='word_1_447' title='bbox 303 3965 334 4026; x_wconf 90' lang='lat' dir='ltr'>in</span> <span class='ocrx_word' id='word_1_448' title='bbox 357 3962 433 4026; x_wconf 91' lang='lat' dir='ltr'>locis</span> <span class='ocrx_word' id='word_1_449' title='bbox 463 3961 584 4042; x_wconf 89' lang='lat' dir='ltr'>iusuper</span> <span class='ocrx_word' id='word_1_450' title='bbox 611 3962 687 4037; x_wconf 89' lang='grc' dir='ltr'><strong><em>ΑΚ,</em></strong></span> <span class='ocrx_word' id='word_1_451' title='bbox 705 3962 780 4026; x_wconf 88' lang='lat' dir='ltr'>AL:</span> <span class='ocrx_word' id='word_1_452' title='bbox 806 3963 919 4026; x_wconf 90' lang='lat' dir='ltr'>nullum</span> <span class='ocrx_word' id='word_1_453' title='bbox 947 3962 1038 4042; x_wconf 90' lang='lat' dir='ltr'>igitur</span> <span class='ocrx_word' id='word_1_454' title='bbox 1066 3983 1176 4028; x_wconf 89' lang='lat' dir='ltr'>novum</span> <span class='ocrx_word' id='word_1_455' title='bbox 1198 3963 1310 4046; x_wconf 86' lang='lat' dir='ltr'>ingerit</span> <span class='ocrx_word' id='word_1_456' title='bbox 1330 3983 1471 4029; x_wconf 87' lang='lat' dir='ltr'>errorem.</span> <span class='ocrx_word' id='word_1_457' title='bbox 1516 3965 1560 4028; x_wconf 89' lang='lat' dir='ltr'>Et</span> <span class='ocrx_word' id='word_1_458' title='bbox 1581 3964 1652 4048; x_wconf 88' lang='lat' dir='ltr'>quia</span> 
     </span>
     <span class='ocr_line' id='line_1_42' title="bbox 302 4051 1649 4136; baseline 0.001 -19"><span class='ocrx_word' id='word_1_459' title='bbox 302 4051 426 4116; x_wconf 89' lang='lat' dir='ltr'>secundi</span> <span class='ocrx_word' id='word_1_460' title='bbox 454 4069 537 4113; x_wconf 91' lang='lat' dir='ltr'>error</span> <span class='ocrx_word' id='word_1_461' title='bbox 564 4059 630 4113; x_wconf 85' lang='lat' dir='ltr'>erat</span> <span class='ocrx_word' id='word_1_462' title='bbox 652 4051 798 4114; x_wconf 79' lang='lat' dir='ltr'>maximus</span> <span class='ocrx_word' id='word_1_463' title='bbox 821 4053 853 4116; x_wconf 92' lang='lat' dir='ltr'>iu</span> <span class='ocrx_word' id='word_1_464' title='bbox 876 4051 993 4116; x_wconf 86' lang='lat' dir='ltr'>octavis</span> <span class='ocrx_word' id='word_1_465' title='bbox 1016 4059 1199 4136; x_wconf 88' lang='lat' dir='ltr'>temporum,</span> <span class='ocrx_word' id='word_1_466' title='bbox 1240 4054 1291 4136; x_wconf 92' lang='lat' dir='ltr'>qui</span> <span class='ocrx_word' id='word_1_467' title='bbox 1317 4053 1384 4135; x_wconf 90' lang='lat' dir='ltr'>jam</span> <span class='ocrx_word' id='word_1_468' title='bbox 1407 4061 1455 4117; x_wconf 89' lang='lat' dir='ltr'>est</span> <span class='ocrx_word' id='word_1_469' title='bbox 1477 4052 1649 4136; x_wconf 88' lang='lat' dir='ltr'>absorptus,</span> 
     </span>
     <span class='ocr_line' id='line_1_43' title="bbox 301 4139 1647 4220; baseline -0.001 -14"><span class='ocrx_word' id='word_1_470' title='bbox 301 4141 429 4206; x_wconf 87' lang='lat' dir='ltr'>restabit</span> <span class='ocrx_word' id='word_1_471' title='bbox 455 4139 547 4220; x_wconf 89' lang='lat' dir='ltr'>igitur</span> <span class='ocrx_word' id='word_1_472' title='bbox 573 4141 603 4202; x_wconf 91' lang='lat' dir='ltr'>in</span> <span class='ocrx_word' id='word_1_473' title='bbox 632 4140 791 4204; x_wconf 87' lang='lat' dir='ltr'>sedecimis</span> <span class='ocrx_word' id='word_1_474' title='bbox 821 4141 858 4203; x_wconf 89' lang='lat' dir='ltr'>de</span> <span class='ocrx_word' id='word_1_475' title='bbox 885 4141 982 4204; x_wconf 87' lang='lat' dir='ltr'>veteri</span> <span class='ocrx_word' id='word_1_476' title='bbox 1010 4159 1110 4204; x_wconf 89' lang='lat' dir='ltr'>errore</span> <span class='ocrx_word' id='word_1_477' title='bbox 1134 4162 1218 4206; x_wconf 88' lang='lat' dir='ltr'>error</span> <span class='ocrx_word' id='word_1_478' title='bbox 1247 4143 1341 4205; x_wconf 89' lang='lat' dir='ltr'>multo</span> <span class='ocrx_word' id='word_1_479' title='bbox 1373 4143 1478 4207; x_wconf 87' lang='lat' dir='ltr'>minor.</span> <span class='ocrx_word' id='word_1_480' title='bbox 1532 4142 1647 4216; x_wconf 86' lang='lat' dir='ltr'>Quodsi</span> 
     </span>
     <span class='ocr_line' id='line_1_44' title="bbox 276 4226 1649 4318; baseline 0.003 -26"><span class='ocrx_word' id='word_1_481' title='bbox 276 4283 283 4292; x_wconf 82' lang='grc'>.</span> <span class='ocrx_word' id='word_1_482' title='bbox 302 4229 495 4313; x_wconf 89' lang='lat' dir='ltr'>proportione</span> <span class='ocrx_word' id='word_1_483' title='bbox 517 4236 644 4304; x_wconf 82' lang='grc' dir='ltr'>ιιιιιιιιι,</span> <span class='ocrx_word' id='word_1_484' title='bbox 669 4235 711 4304; x_wconf 83' lang='lat' dir='ltr'>ut,</span> <span class='ocrx_word' id='word_1_485' title='bbox 736 4229 806 4310; x_wconf 88' lang='lat' dir='ltr'>quia</span> <span class='ocrx_word' id='word_1_486' title='bbox 826 4230 915 4312; x_wconf 91' lang='lat' dir='ltr'>primi</span> <span class='ocrx_word' id='word_1_487' title='bbox 938 4231 1098 4295; x_wconf 88' lang='lat' dir='ltr'>eccentrici</span> <span class='ocrx_word' id='word_1_488' title='bbox 1121 4251 1204 4295; x_wconf 90' lang='lat' dir='ltr'>error</span> <span class='ocrx_word' id='word_1_489' title='bbox 1218 4231 1277 4295; x_wconf 83' lang='lat' dir='ltr'>ruit</span> <span class='ocrx_word' id='word_1_490' title='bbox 1291 4226 1403 4318; x_wconf 76' lang='lat' dir='ltr'><strong>10¹J,⁰,</strong></span> <span class='ocrx_word' id='word_1_491' title='bbox 1428 4231 1552 4296; x_wconf 88' lang='lat' dir='ltr'>secundi</span> <span class='ocrx_word' id='word_1_492' title='bbox 1567 4251 1649 4296; x_wconf 90' lang='lat' dir='ltr'>error</span> 
     </span>
     <span class='ocr_line' id='line_1_45' title="bbox 302 4316 1648 4405; baseline 0.001 -21"><span class='ocrx_word' id='word_1_493' title='bbox 302 4317 334 4384; x_wconf 79' lang='lat'>9¹</span> <span class='ocrx_word' id='word_1_494' title='bbox 356 4320 405 4382; x_wconf 89' lang='lat' dir='ltr'>vel</span> <span class='ocrx_word' id='word_1_495' title='bbox 429 4316 497 4393; x_wconf 84' lang='grc'><strong><em>280,</em></strong></span> <span class='ocrx_word' id='word_1_496' title='bbox 520 4336 625 4399; x_wconf 90' lang='lat' dir='ltr'>nempe</span> <span class='ocrx_word' id='word_1_497' title='bbox 648 4316 730 4380; x_wconf 90' lang='lat' dir='ltr'>illius</span> <span class='ocrx_word' id='word_1_498' title='bbox 754 4319 977 4400; x_wconf 86' lang='lat' dir='ltr'>septuagesima</span> <span class='ocrx_word' id='word_1_499' title='bbox 999 4327 1031 4382; x_wconf 90' lang='lat' dir='ltr'>et</span> <span class='ocrx_word' id='word_1_500' title='bbox 1052 4320 1196 4385; x_wconf 90' lang='lat' dir='ltr'>vicesima</span> <span class='ocrx_word' id='word_1_501' title='bbox 1217 4321 1322 4404; x_wconf 84' lang='lat' dir='ltr'>quinta</span> <span class='ocrx_word' id='word_1_502' title='bbox 1343 4342 1432 4405; x_wconf 87' lang='lat' dir='ltr'>pars,</span> <span class='ocrx_word' id='word_1_503' title='bbox 1451 4321 1517 4404; x_wconf 85' lang='lat' dir='ltr'>jam</span> <span class='ocrx_word' id='word_1_504' title='bbox 1539 4322 1648 4386; x_wconf 85' lang='lat' dir='ltr'>iterum</span> 
     </span>
     <span class='ocr_line' id='line_1_46' title="bbox 302 4405 1646 4500; baseline 0.002 -28"><span class='ocrx_word' id='word_1_505' title='bbox 302 4409 437 4491; x_wconf 86' lang='lat' dir='ltr'>tntnplos</span> <span class='ocrx_word' id='word_1_506' title='bbox 461 4406 606 4470; x_wconf 86' lang='lat' dir='ltr'>iaciamus</span> <span class='ocrx_word' id='word_1_507' title='bbox 631 4405 779 4468; x_wconf 89' lang='lat' dir='ltr'>secundos</span> <span class='ocrx_word' id='word_1_508' title='bbox 801 4426 918 4500; x_wconf 88' lang='lat' dir='ltr'>errqres</span> <span class='ocrx_word' id='word_1_509' title='bbox 941 4409 1116 4474; x_wconf 89' lang='lat' dir='ltr'>tertiorum:</span> <span class='ocrx_word' id='word_1_510' title='bbox 1140 4411 1229 4493; x_wconf 90' lang='lat' dir='ltr'>plane</span> <span class='ocrx_word' id='word_1_511' title='bbox 1245 4411 1327 4475; x_wconf 86' lang='lat' dir='ltr'>intra</span> <span class='ocrx_word' id='word_1_512' title='bbox 1340 4430 1482 4476; x_wconf 87' lang='lat' dir='ltr'>sensuum</span> <span class='ocrx_word' id='word_1_513' title='bbox 1496 4411 1646 4476; x_wconf 86' lang='lat' dir='ltr'>defectum</span> 
     </span>
     <span class='ocr_line' id='line_1_47' title="bbox 301 4473 1245 4581; baseline 0.004 -21"><span class='ocrx_word' id='word_1_514' title='bbox 301 4499 455 4580; x_wconf 89' lang='lat' dir='ltr'>negotium</span> <span class='ocrx_word' id='word_1_515' title='bbox 477 4495 663 4577; x_wconf 88' lang='lat' dir='ltr'>coegerimus</span> <span class='ocrx_word' id='word_1_516' title='bbox 686 4493 778 4557; x_wconf 85' lang='lat' dir='ltr'>etiam</span> <span class='ocrx_word' id='word_1_517' title='bbox 800 4473 881 4559; x_wconf 90' lang='lat' dir='ltr'>circa</span> <span class='ocrx_word' id='word_1_518' title='bbox 903 4497 1070 4562; x_wconf 89' lang='lat' dir='ltr'>sedecimas</span> <span class='ocrx_word' id='word_1_519' title='bbox 1092 4500 1245 4581; x_wconf 82' lang='lat' dir='ltr'>temporie</span> 
     </span>
    </p>

    <p class='ocr_par' dir='ltr' id='par_1_5' title="bbox 301 4585 1646 4846">
     <span class='ocr_line' id='line_1_48' title="bbox 390 4585 1646 4671; baseline 0.003 -21"><span class='ocrx_word' id='word_1_520' title='bbox 390 4587 440 4650; x_wconf 85' lang='lat' dir='ltr'>[ta</span> <span class='ocrx_word' id='word_1_521' title='bbox 469 4585 553 4648; x_wconf 88' lang='lat' dir='ltr'>vel</span> <span class='ocrx_word' id='word_1_522' title='bbox 539 4604 606 4667; x_wconf 89' lang='lat' dir='ltr'>Jam</span> <span class='ocrx_word' id='word_1_523' title='bbox 630 4589 734 4667; x_wconf 83' lang='lat' dir='ltr'>patet,</span> <span class='ocrx_word' id='word_1_524' title='bbox 765 4591 911 4666; x_wconf 87' lang='lat' dir='ltr'>quatenus</span> <span class='ocrx_word' id='word_1_525' title='bbox 947 4595 979 4649; x_wconf 89' lang='lat' dir='ltr'>et</span> <span class='ocrx_word' id='word_1_526' title='bbox 1010 4588 1156 4671; x_wconf 91' lang='lat' dir='ltr'>quomodo</span> <span class='ocrx_word' id='word_1_527' title='bbox 1187 4609 1291 4653; x_wconf 87' lang='lat' dir='ltr'>vemm</span> <span class='ocrx_word' id='word_1_528' title='bbox 1321 4596 1463 4671; x_wconf 88' lang='lat' dir='ltr'>sequatur</span> <span class='ocrx_word' id='word_1_529' title='bbox 1494 4608 1532 4652; x_wconf 87' lang='lat' dir='ltr'>ex</span> <span class='ocrx_word' id='word_1_530' title='bbox 1557 4589 1646 4654; x_wconf 82' lang='lat' dir='ltr'>falsis</span> 
     </span>
     <span class='ocr_line' id='line_1_49' title="bbox 301 4672 1645 4761; baseline 0.002 -21"><span class='ocrx_word' id='word_1_531' title='bbox 301 4674 470 4758; x_wconf 86' lang='lat' dir='ltr'>principiis:</span> <span class='ocrx_word' id='word_1_532' title='bbox 494 4693 600 4757; x_wconf 91' lang='lat' dir='ltr'>nempe</span> <span class='ocrx_word' id='word_1_533' title='bbox 622 4673 670 4750; x_wconf 93' lang='lat' dir='ltr'>id,</span> <span class='ocrx_word' id='word_1_534' title='bbox 700 4672 808 4755; x_wconf 90' lang='lat' dir='ltr'>quod&#39;</span> <span class='ocrx_word' id='word_1_535' title='bbox 799 4693 832 4737; x_wconf 83' lang='lat' dir='ltr'>un</span> <span class='ocrx_word' id='word_1_536' title='bbox 852 4674 935 4738; x_wconf 90' lang='lat' dir='ltr'>hisce</span> <span class='ocrx_word' id='word_1_537' title='bbox 959 4675 1082 4753; x_wconf 79' lang='lat' dir='ltr'>falsum,</span> <span class='ocrx_word' id='word_1_538' title='bbox 1115 4679 1245 4760; x_wconf 85' lang='lat' dir='ltr'>speciale</span> <span class='ocrx_word' id='word_1_539' title='bbox 1269 4686 1317 4743; x_wconf 89' lang='lat' dir='ltr'>est</span> <span class='ocrx_word' id='word_1_540' title='bbox 1339 4687 1371 4740; x_wconf 89' lang='lat' dir='ltr'>et</span> <span class='ocrx_word' id='word_1_541' title='bbox 1393 4679 1500 4744; x_wconf 88' lang='lat' dir='ltr'>abesse</span> <span class='ocrx_word' id='word_1_542' title='bbox 1523 4687 1645 4761; x_wconf 68' lang='lat' dir='ltr'>potest,</span> 
     </span>
     <span class='ocr_line' id='line_1_50' title="bbox 302 4761 1644 4846; baseline 0.004 -20"><span class='ocrx_word' id='word_1_543' title='bbox 302 4767 381 4846; x_wconf 91' lang='lat' dir='ltr'>qnod</span> <span class='ocrx_word' id='word_1_544' title='bbox 413 4784 484 4826; x_wconf 89' lang='lat' dir='ltr'>vero</span> <span class='ocrx_word' id='word_1_545' title='bbox 507 4762 721 4827; x_wconf 87' lang='lat' dir='ltr'>necessitatem</span> <span class='ocrx_word' id='word_1_546' title='bbox 743 4761 832 4826; x_wconf 82' lang='lat' dir='ltr'>affert</span> <span class='ocrx_word' id='word_1_547' title='bbox 852 4764 991 4842; x_wconf 88' lang='lat' dir='ltr'>veritati,</span> <span class='ocrx_word' id='word_1_548' title='bbox 1024 4767 1078 4830; x_wconf 89' lang='lat' dir='ltr'>sub</span> <span class='ocrx_word' id='word_1_549' title='bbox 1101 4767 1236 4846; x_wconf 90' lang='lat' dir='ltr'>generali</span> <span class='ocrx_word' id='word_1_550' title='bbox 1258 4767 1374 4832; x_wconf 88' lang='lat' dir='ltr'>ratione</span> <span class='ocrx_word' id='word_1_551' title='bbox 1397 4787 1512 4832; x_wconf 44' lang='lat' dir='ltr'>verum,</span> <span class='ocrx_word' id='word_1_552' title='bbox 1525 4769 1644 4834; x_wconf 92' lang='lat' dir='ltr'>omnino</span> 
     </span>
    </p>
   </div>
   <div class='ocr_carea' id='block_1_3' title="bbox 304 4851 1643 4941">
    <p class='ocr_par' dir='ltr' id='par_1_6' title="bbox 304 4851 1643 4941">
     <span class='ocr_line' id='line_1_51' title="bbox 304 4851 1643 4941; baseline 0.007 -26"><span class='ocrx_word' id='word_1_553' title='bbox 304 4860 336 4916; x_wconf 87' lang='lat' dir='ltr'>et</span> <span class='ocrx_word' id='word_1_554' title='bbox 356 4854 454 4936; x_wconf 91' lang='lat' dir='ltr'>ipsum</span> <span class='ocrx_word' id='word_1_555' title='bbox 476 4859 532 4916; x_wconf 86' lang='lat' dir='ltr'>est.</span> <span class='ocrx_word' id='word_1_556' title='bbox 577 4851 712 4936; x_wconf 89' lang='lat' dir='ltr'>Denique</span> <span class='ocrx_word' id='word_1_557' title='bbox 735 4860 769 4916; x_wconf 91' lang='lat' dir='ltr'>ut</span> <span class='ocrx_word' id='word_1_558' title='bbox 791 4851 872 4917; x_wconf 84' lang='lat' dir='ltr'>falsa</span> <span class='ocrx_word' id='word_1_559' title='bbox 893 4852 969 4918; x_wconf 89' lang='lat' dir='ltr'>haec</span> <span class='ocrx_word' id='word_1_560' title='bbox 989 4852 1137 4938; x_wconf 88' lang='lat' dir='ltr'>principia</span> <span class='ocrx_word' id='word_1_561' title='bbox 1159 4856 1364 4923; x_wconf 83' lang='lat' dir='ltr'>tantummodo</span> <span class='ocrx_word' id='word_1_562' title='bbox 1383 4863 1455 4926; x_wconf 85' lang='lat' dir='ltr'>suut</span> <span class='ocrx_word' id='word_1_563' title='bbox 1472 4857 1643 4941; x_wconf 82' lang='lat' dir='ltr'>aptauertis</span> 
     </span>
    </p>
   </div>
   <div class='ocr_carea' id='block_1_4' title="bbox 0 0 1842 5532">
    <p class='ocr_par' dir='ltr' id='par_1_7' title="bbox 0 0 1842 5532">
     <span class='ocr_line' id='line_1_52' title="bbox 0 0 1842 5532; baseline 0 3"><span class='ocrx_word' id='word_1_564' title='bbox 0 0 1842 5532; x_wconf 95' lang='lat' dir='ltr'> </span> 
     </span>
    </p>
   </div>
  </div>
 </body>
</html>
