3678 5532
646 278 827 346 emensa.
862 267 1074 348 tapsensum
1466 267 1531 344 ltt

193 455 301 540 quibus
331 457 377 522 sni
408 457 545 540 partibus
567 459 643 522 fixas
666 459 810 540 pristinas
834 461 946 522 deserit
969 467 1000 522 et
1021 461 1059 522 ad
1082 459 1159 522 alias
1181 458 1299 522 transit.
1342 458 1408 522 Hoc
1431 461 1530 520 tamen

193 548 239 610 sic
262 548 408 626 sequitur,
432 549 458 610 si
480 549 667 630 recipiamus,
691 549 784 612 nodos
807 551 916 614 Martis
939 557 970 612 et
992 550 1086 612 nodos
1110 550 1249 625 Telluris,
1271 550 1327 612 hoc
1350 555 1397 610 est
1418 547 1529 610 sectio-

190 655 246 700 nes
274 655 349 718 quas
382 638 495 700 faciunt
520 638 583 740 ‚hae
612 635 726 700 orbitae
757 657 822 704 cnm
852 639 905 704 illo
921 639 1043 708 ‚circulo
1067 659 1157 701 caeco
1180 637 1301 714 LOlM,
1343 656 1402 699 non
1425 636 1530 698 iisdem

193 744 311 806 semper
333 725 501 788 intervallis
525 747 555 788 ru
579 727 662 788 coelo
686 727 878 802 circumferri,
902 729 956 789 sed
975 728 1051 788 alios
1067 728 1135 790 aliis
1154 748 1221 790 esse
1239 727 1409 790 celeriores.
1432 725 1531 804 Hujus

189 813 236 878 rei
258 814 417 894 genuinum
440 816 609 896 exemplum
627 816 692 896 jam
714 817 843 896 positum
866 825 923 878 est.
969 817 1047 878 Dum
1076 817 1154 880 enim
1177 825 1321 897 aequatos
1343 819 1532 878 constantem

191 909 292 966 tuetur
315 903 540 967 inclinationem
562 905 602 968 ad
625 923 747 968 caecum
768 906 845 968 huuc
868 905 1009 970 circulum
1032 905 1146 980 LOIM,
1170 907 1308 994 ecliptica
1329 904 1388 966 HK
1411 902 1530 966 iuterim

190 993 360 1055 translata:
382 993 507 1074 deoique
524 995 676 1058 mutabilis
693 1003 740 1056 est
756 995 942 1074 deprehensa
960 995 1131 1076 aequaturis
1149 995 1188 1058 ab
1200 994 1339 1076 ecliptica
1355 991 1530 1054 declinatis.

279 1079 328 1144 Sit
349 1083 379 1144 A
402 1083 488 1162 polus
512 1082 680 1163 eclipticae·
701 1084 837 1159 mediae,
869 1103 923 1145 seu
943 1094 1103 1164 punctum,
1128 1086 1156 1148 in
1180 1085 1259 1167 quod
1282 1081 1386 1145 incidit
1408 1088 1493 1143 recta
1517 1100 1533 1141 e

191 1178 294 1232 centro
313 1170 394 1234 Solis
408 1167 471 1254 ¹per
494 1174 595 1253 polum
616 1173 748 1251 eorporis
763 1173 878 1236 Solaris
902 1172 1002 1236 ducta.

191 1257 348 1323 Scribatur
381 1269 481 1324 centro
504 1263 553 1336 A,
583 1263 681 1341 spatio
703 1261 760 1325 AB
784 1257 844 1325 23⁰
865 1257 929 1337 lt‘,
954 1262 1002 1324 vel

191 1367 249 1410 non
272 1347 365 1412 multo
393 1350 463 1424 alio,
488 1351 746 1429 circulusminor,
778 1359 810 1412 et
832 1350 893 1412 sint
914 1352 951 1426 Β,
976 1349 1000 1414 C

192 1438 259 1500 loca
280 1439 341 1518 poli
364 1439 465 1502 mundi
486 1439 626 1516 borealis,
651 1441 713 1502 sive
730 1449 849 1519 puncta,
874 1441 904 1500 in
926 1457 1000 1520 quae

192 1525 295 1588 incidit
324 1529 404 1590 linea
432 1548 471 1589 ex
497 1537 599 1591 centro
630 1528 763 1610 eorporis
792 1529 920 1591 Telluris
948 1547 1002 1608 per

191 1615 291 1696 polum
320 1625 418 1680 motus
451 1617 547 1678 dimni
577 1618 709 1698 ejusdem
741 1618 869 1680 Telluris
901 1618 1001 1692 ducta,
1050 1598 1075 1724 ξ

190 1707 372 1786 Btempore
403 1703 623 1775 Ptolemaei,
655 1706 835 1788 Ctempore
865 1715 1000 1770 nostro.
1049 1738 1067 1790 ll

193 1791 307 1873 Quodsi
353 1796 543 1861 resoeedunt
588 1796 679 1858 etiarn
724 1795 879 1874 eclipticae
923 1793 1001 1876 nodi,

192 1901 314 1946 neeesse
338 1893 387 1946 est
409 1884 533 1946 limitem
559 1884 680 1946 boreum
709 1885 803 1963 statui
826 1885 906 1948 eirca
927 1885 1003 1946 lixas
1062 1895 1079 1944 Ρ

192 1972 222 2034 iu
250 1972 374 2034 confinio
396 1973 511 2038 Arietis
535 1982 566 2034 et
588 1972 728 2036 Piscium.
772 1974 852 2037 Nam
879 1976 1001 2036 fixarum

193 2061 355 2124 borealium
374 2061 402 2124 iu
419 2061 553 2126 Geminis
572 2071 603 2124 et
618 2060 734 2129 canosa
752 2063 846 2124 crevit
864 2063 1002 2137 latitudo,

193 2157 228 2212 ut
257 2151 340 2232 prius
367 2151 489 2214 dictum.
534 2151 675 2215 Sumatur
704 2152 732 2212 D
759 2159 899 2234 punctmu
926 2151 1004 2214 iuter

193 2241 229 2314 B,
246 2239 271 2302 C
287 2241 504 2314 intermedium,
524 2241 685 2303 ostendens
701 2241 796 2303 lucum
815 2241 875 2321 poli
890 2261 1002 2322 aequa·
1498 2279 1502 2294 ι

196 2329 269 2390 toris
292 2336 424 2409 tempore
449 2331 633 2404 intermedio,
657 2337 689 2392 et
711 2336 925 2404 connectantur
949 2330 989 2405 A,
1013 2331 1051 2392 D.
1092 2328 1238 2396 Circulus
1262 2334 1353 2412 igitur
1375 2333 1434 2396 AD
1457 2352 1529 2396 cou-

197 2417 330 2481 tiuuatns
354 2419 496 2480 transibit
516 2438 571 2498 per
593 2418 755 2482 solstitium
779 2419 921 2498 temporis
945 2419 1124 2482 intermedii.
1170 2423 1305 2486 Ducatur
1328 2423 1354 2484 ei
1378 2443 1416 2484 ex
1438 2423 1467 2484 A
1491 2423 1530 2484 ad

196 2515 296 2569 rectos
323 2506 407 2583 ΑΕ,
431 2507 480 2588 qui
511 2508 701 2570 continuatus
732 2507 874 2572 transibit
905 2525 973 2590 per¹
989 2509 1207 2590 aequinoctium
1235 2531 1355 2576 vernum
1387 2512 1530 2591 temporis

196 2595 372 2658 intermedii.
418 2596 499 2675 Ergo
529 2615 621 2677 prope
653 2596 761 2658 lineam
777 2597 840 2660 ΑΕ
874 2599 964 2661 fuerit
983 2599 1081 2679 'polus
1113 2599 1232 2676 circuli,
1262 2603 1317 2664 sub
1345 2621 1402 2682 quo
1432 2601 1531 2663 orbita

196 2685 394 2764 circuitusque
422 2685 551 2748 Telluris
583 2685 776 2750 ordinabatur
806 2687 886 2749 olim.
934 2687 976 2749 Et
1005 2688 1074 2768 quia
1100 2689 1131 2752 in
1154 2691 1258 2753 Ariete
1292 2691 1379 2754 limes
1410 2691 1528 2762 boreus,

196 2775 378 2856 producatur
413 2773 504 2854 igitur
535 2774 594 2838 EA
623 2775 654 2838 in
683 2784 785 2856 partes
807 2776 853 2850 A,
887 2783 918 2838 et
944 2777 1034 2856 juxta
1071 2778 1152 2840 illam
1190 2781 1364 2858 productam
1401 2779 1530 2860 eligatur

196 2872 337 2946 punctum
360 2864 375 2926 I
397 2863 485 2926 infra.
529 2864 622 2926 Polus
645 2863 736 2944 igitur
767 2865 924 2944 eclipticas
947 2866 1150 2929 Ptolemaicae
1182 2868 1271 2930 inerit
1293 2869 1324 2930 in
1346 2859 1373 2930 1.‘
1417 2865 1529 2930 Centro

1201 1227 1255 1292 rig.
1279 1221 1335 1274 1³1.

196 2955 236 3030 A,
260 2953 358 3032 spatio
381 2953 436 3028 Al,
460 2951 611 3019 scribatur
633 2953 778 3028 circellus,
803 2955 908 3035 inquo
930 2961 1065 3018 sumatur
1087 2956 1168 3018 aliud
1190 2963 1331 3037 punctum
1347 2957 1385 3031 O,
1407 2956 1529 3036 propius
1647 2971 1654 2987 ·

196 3044 254 3124 ipsi
278 3041 313 3116 C,
337 3061 425 3123 quam
445 3049 495 3104 est
517 3043 533 3105 1
560 3041 618 3123 ipsi
640 3043 677 3104 B.
723 3041 827 3122 Sitque
852 3043 879 3106 Ο
902 3043 1059 3121 eclipticae
1089 3045 1252 3108 hodiernae
1278 3045 1381 3125 polus,
1411 3045 1530 3107 distans

197 3153 217 3194 a
240 3131 264 3196 C
288 3127 349 3196 23⁰
371 3123 477 3214 3¹¹b‘2
501 3150 567 3193 cum
589 3132 605 3194 1
626 3132 712 3211 polus
736 3131 891 3212 eclipticae
915 3131 1119 3194 Ptolemaicae
1143 3134 1237 3198 distet
1259 3154 1278 3194 a
1299 3135 1325 3196 B
1345 3127 1406 3196 23⁰
1419 3130 1458 3196 51
1471 3127 1528 3212 ¹l,‘.

197 3222 265 3284 Erit
286 3221 360 3284 haec
383 3219 500 3284 theoria
521 3228 654 3284 mutatae
678 3219 863 3303 obliquitatis
887 3221 1043 3299 eclipticae
1066 3229 1098 3283 et
1117 3222 1283 3286 latitudinis
1308 3223 1449 3296 lixarnm;
1471 3221 1530 3282 nisi

198 3310 277 3390 quod
298 3310 335 3372 de
357 3309 539 3373 dimensione
562 3309 648 3372 nobis
671 3328 729 3374 non
752 3317 873 3373 constat
894 3311 989 3390 ipsius
1020 3311 1133 3376 circelli
1156 3311 1211 3374 01.
1257 3312 1334 3373 Nam
1357 3310 1410 3373 illa
1434 3329 1530 3390 quan-

198 3399 272 3462 titas
295 3396 348 3462 20¹
371 3398 557 3480 obliquitatis
587 3399 742 3480 eclipticae
772 3405 905 3462 mutatae
928 3398 1010 3460 varie
1041 3400 1118 3462 ellici
1149 3398 1304 3479 potest.*)
1348 3398 1390 3461 Et
1412 3397 1530 3481 quiaO

184 3495 247 3579 xest
268 3486 353 3568 polus
376 3488 532 3568 eclipticae
555 3488 726 3562 hodiernae,
750 3495 782 3550 et
800 3486 854 3551 OG
878 3489 908 3551 in
931 3486 1109 3568 principium
1124 3488 1233 3554 Cancri
1255 3488 1372 3568 vergit:
1397 3489 1438 3552 sit
1461 3507 1531 3568 ergo

176 3576 252 3644 ''CP
273 3596 345 3657 pars
369 3585 477 3638 octava
499 3577 615 3652 circuli,
640 3584 671 3639 et
693 3577 718 3639 P
740 3577 868 3640 medium
890 3577 1017 3652 Leonis,
1054 3577 1103 3640 ubi
1133 3578 1221 3642 hodie
1245 3585 1292 3641 est
1314 3578 1400 3641 limes
1421 3579 1531 3642 Martis

199 3669 315 3732 boreus.
362 3665 558 3732 Continuetur
580 3665 634 3730 ΡΟ
658 3666 737 3730 ultra
760 3664 805 3742 0,
834 3667 918 3748 eique
948 3667 1072 3730 ducatur
1094 3685 1146 3748 per
1168 3668 1184 3730 I
1206 3667 1340 3748 proxime
1370 3668 1532 3750 parallelos

199 3807 327 3818 ι’*-

285 3870 311 3936 *)
332 3871 416 3927 Polus
437 3871 540 3927 Terrae
554 3891 607 3926 non
628 3875 711 3944 plane
733 3875 784 3928 sub
799 3874 859 3944 ipso
873 3874 944 3929 Bou
965 3874 1073 3928 circello
1094 3873 1203 3938 incedit,
1224 3877 1272 3930 sed
1287 3875 1338 3928 sub
1358 3873 1439 3944 spiris
1460 3875 1532 3944 apud

199 3955 223 4013 E
243 3953 367 4024 depictis,
388 3952 505 4023 singulis
526 3954 605 4007 annis
625 3959 711 4009 unam'
727 3955 813 4009 talem
843 3955 960 4024 spiram,
982 3961 1012 4008 et
1031 3953 1157 4022 opposito
1177 3956 1240 4023 polo
1266 3955 1421 4024 oppositam
1446 3953 1533 4006 consi·

199 4034 288 4089 milam
309 4032 478 4096 describens,
503 4033 639 4104 aliamque
660 4053 697 4088 ex
717 4035 775 4089 alia
801 4043 925 4098 nectens,
956 4051 993 4086 ex
1015 4050 1067 4103 quo
1087 4051 1162 4087 nexu
1182 4041 1227 4088 est
1245 4051 1408 4104 progressus
1436 4033 1534 4104 aequi·

199 4113 349 4172 nocherum
368 4119 399 4166 et
418 4113 603 4169 solstitiorum.
645 4116 697 4170 Est
717 4121 809 4168 autem
834 4114 976 4186 quaelibet
1001 4113 1096 4166 harum
1126 4114 1260 4182 spirarum
1287 4120 1380 4178 tanta,
1415 4120 1533 4183 quantus

201 4192 349 4266 Oopernieo
370 4191 444 4248 orbis
474 4209 605 4264 magnus,
637 4194 735 4248 cerens
763 4194 836 4248 orbis
857 4193 944 4257 Solis,
975 4193 1027 4246 hoc
1047 4199 1091 4246 est
1116 4193 1257 4263 propertio
1282 4193 1364 4262 hujus
1386 4193 1478 4262 spirae
1499 4195 1535 4246 ad

202 4274 372 4345 superficiem
392 4273 509 4327 fixarum
529 4273 668 4343 sphaerae
688 4273 854 4328 insensibilis
875 4280 926 4328 est.
967 4273 1064 4344 ltaque
1084 4290 1133 4344 pro
1154 4289 1229 4327 mera
1255 4273 1329 4327 linea
1348 4272 1418 4328 BCE
1438 4271 1536 4327 haberi

199 4362 323 4427 possunt.
363 4355 518 4408 Notandum
538 4359 630 4408 autem
653 4370 703 4422 pro
724 4352 919 4424 imaginatione
939 4359 1017 4406 recta
1036 4353 1118 4424 hujus
1139 4360 1236 4416 motus,
1259 4355 1328 4423 qnod
1349 4353 1410 4408 axis
1432 4369 1534 4424 aequa·

200 4435 269 4490 toris
290 4433 442 4489 Terrestris
471 4433 645 4490 continuatus
675 4433 802 4504 utrinque
823 4435 858 4486 ad
877 4434 948 4488 lixas
970 4433 1047 4488 aunis
1077 4433 1193 4505 singulis
1219 4433 1357 4488 describat
1386 4432 1536 4504 cylindrum

207 4531 241 4570 ea
261 4513 456 4584 amplitudine,
488 4530 543 4585 que.
563 4521 607 4568 est
626 4529 682 4567 una
701 4531 738 4566 ex
758 4513 801 4566 his
822 4513 914 4584 spiris,
945 4515 990 4586 qui
1016 4531 1112 4585 corpus
1132 4514 1203 4570 Solis
1225 4514 1311 4568 hahet
1331 4514 1357 4566 in
1378 4513 1419 4568 sui
1439 4513 1535 4569 medio.

201 4599 240 4650 At
259 4595 331 4650 idem
351 4594 412 4649 axis
434 4595 551 4649 Telluris
573 4610 701 4648 successu
721 4595 874 4648 seerrlorum
894 4595 1024 4650 describit
1052 4613 1132 4650 conos
1153 4598 1234 4656 duos,
1255 4593 1403 4648 verticibus
1424 4593 1451 4647 in
1472 4593 1536 4648 Sole

201 4675 372 4746 aequalibus,
393 4674 530 4730 imovero
551 4673 671 4729 eonhrsis
692 4674 753 4728 inde
774 4689 792 4728 a
812 4673 926 4728 cheuitn
946 4675 1064 4730 Telluris
1085 4675 1157 4730 eirca
1177 4674 1286 4736 Solem
1314 4675 1414 4746 quippe
1435 4673 1536 4728 utrius·
1631 4670 1634 4680 ¹

191 4773 254 4833 {qne
276 4756 337 4810 coni
356 4754 459 4810 vertice
479 4755 507 4810 in
521 4755 637 4810 alterius
658 4771 757 4826 eorpus
777 4753 879 4818 abdito,
901 4761 1015 4825 propter
1029 4772 1187 4810 concursum
1208 4755 1324 4814 omnium
1345 4754 1535 4829 cylindrorum.

201 4837 262 4896 basi
281 4853 348 4894 rere
370 4835 449 4910 Bos.
488 4837 532 4896 lte
552 4854 589 4893 ex
609 4835 701 4895 multis
721 4833 850 4908 cylindris
871 4852 954 4894 conus
975 4836 1152 4910 componitur.
