3558 5538
334 317 400 390 674
616 257 623 272 ·
934 321 975 375 D·
997 321 1077 374 Luna
1125 343 1129 353 ·

263 525 269 532 ·
335 512 454 567 anetam
478 501 660 578 adhibueris,
685 501 803 583 qualem
819 499 920 584 Tpeho
944 501 1142 582 deprehendit
1164 501 1194 562 in
1217 497 1444 582 quadrantibus,
1468 497 1567 560 multo
1591 497 1692 578 major

335 601 366 656 et
388 591 588 673 prodigiosior
611 591 685 653 baec
701 590 875 676 parallaxis
899 592 1017 653 evadet.
1055 591 1135 663 Quin
1164 589 1255 670 igitur
1285 590 1398 652 falsum
1420 586 1469 648 hic
1501 587 1564 650 loci
1588 587 1692 648 admi-

335 683 421 754 serit,
444 680 576 742 dubitari
599 701 657 743 nou
682 680 780 743 debet.

424 769 560 850 Denique
584 788 643 831 non
666 769 743 830 levis
765 769 907 832 momenti
931 787 1014 830 error
1038 769 1095 832 fnit
1117 767 1195 848 apud
1219 775 1338 829 veteres
1360 764 1429 826 inde
1453 765 1493 826 ab
1511 765 1694 846 Hipparcho

336 879 430 940 usque
455 858 494 920 ad
517 859 697 940 Tycbonem,
722 859 801 940 quod
825 877 890 921 curn
914 858 1079 920 diametros
1099 858 1202 920 Lunae
1225 865 1257 918 et
1278 855 1400 918 umbrae
1418 855 1453 916 iu
1478 863 1564 917 certa
1589 855 1695 936 aliqua

337 947 463 1030 epicycli
484 956 571 1027 parte
596 957 698 1010 essent
720 949 857 1021 dimensi,
882 947 991 1009 ceteris
1006 947 1132 1030 epicycli
1156 945 1230 1008 locis
1244 945 1352 1008 vitiose
1375 943 1542 1006 diametros
1564 963 1694 1006 accom-

338 1038 512 1111 modarent,
546 1031 583 1098 eo
606 1037 685 1117 quod
707 1036 842 1119 epicyolo
865 1037 987 1100 nimiam
1020 1038 1187 1099 tribuerent
1210 1033 1444 1116 amplitudinem.
1491 1035 1694 1114 Fonshnjus

338 1127 382 1190 rei
405 1125 533 1188 scaturit
555 1145 593 1186 ex
617 1126 799 1188 desideratis
826 1125 1073 1206 inaequalitatum
1090 1125 1221 1199 causis,
1254 1132 1285 1186 et
1307 1121 1455 1186 redundat
1477 1123 1506 1185 in
1532 1125 1695 1205 utriusque

338 1215 493 1279 luminaris
525 1221 648 1278 motum.
694 1215 815 1278 Etenim
847 1234 912 1277 cum
944 1224 1027 1277 esset
1057 1217 1087 1278 iu
1120 1215 1278 1289 confesso,
1316 1211 1450 1275 tardiora
1482 1211 1580 1274 videri
1616 1233 1694 1294 quae

339 1305 458 1384 longine
482 1303 688 1378 abstitissent,
714 1305 876 1384 eademque
900 1305 1046 1366 celeriora
1069 1305 1118 1368 ubi
1142 1303 1264 1384 propius
1288 1301 1502 1375 accessissent,
1535 1321 1594 1364 neo
1619 1303 1695 1366 illud

340 1396 538 1475 ignoraretur,
561 1392 717 1455 discedere
740 1393 852 1456 lunrina
875 1403 906 1456 et
929 1393 1089 1467 accedere,
1118 1400 1235 1455 veteres
1263 1392 1308 1453 illi
1331 1399 1527 1472 praepostero
1552 1393 1694 1476 aequali-

340 1483 415 1546 tatis
434 1482 533 1544 studio
553 1501 669 1546 omnem
683 1491 785 1545 motus
807 1482 949 1544 luminum
974 1482 1181 1544 diversitatem
1197 1481 1226 1543 in
1247 1481 1301 1542 hos
1313 1481 1481 1542 ,abscessus
1497 1489 1528 1541 et
1546 1501 1695 1544 accessus

229 1643 235 1659 ,
268 1631 270 1634 .
341 1591 442 1634 eorum
466 1571 664 1648 coutulerunt,
688 1591 764 1654 quae
790 1571 914 1634 dimidia
938 1573 1033 1634 solum
1054 1573 1113 1634 illis
1128 1572 1263 1645 debetur,
1287 1569 1401 1650 reliqna
1416 1589 1497 1649 pars,
1523 1590 1581 1634 nee
1607 1571 1694 1653 quic-

341 1681 431 1742 quam
452 1669 638 1741 repugnante
656 1660 832 1742 Cupernico‚
856 1662 945 1742 plane
969 1681 1089 1724 canaam
1114 1661 1207 1722 hebet
1228 1659 1391 1741 physicam,
1416 1678 1453 1720 ex
1476 1659 1546 1740 ipso
1569 1661 1695 1743 quidem

341 1769 465 1814 accessu
489 1759 520 1812 et
540 1768 663 1813 recessu
687 1751 796 1814 sideris
818 1751 1024 1826 resultantem,
1050 1752 1103 1812 sed
1127 1751 1156 1811 in
1180 1749 1310 1810 secundo
1333 1757 1480 1830 respectu.

428 1840 476 1902 Ac
500 1839 530 1900 in
554 1840 655 1902 tribus
671 1832 792 1921 quidem
823 1839 1026 1920 superioribus
1053 1841 1128 1902 haec
1152 1859 1243 1900 causa
1271 1837 1397 1920 physica
1420 1856 1487 1899 sese
1510 1838 1694 1901 Ptolemaeo

341 1927 500 1992 manifeste
522 1929 698 2010 prodiderat
711 1919 832 2004 indicio,
858 1929 935 2009 quod
951 1929 1145 2010 amplificatio
1166 1927 1291 2010 epieycli
1308 1928 1418 2009 optica,
1442 1947 1531 2008 quarn
1548 1929 1694 2007 Alphen-

342 2037 394 2082 sus
417 2017 623 2081 diversitatem
646 2019 793 2093 diametri,
815 2018 992 2080 Prutenioae
1017 2037 1172 2080 excessum
1197 2017 1384 2097 appellitant,
1409 2035 1466 2078 non
1485 2017 1697 2099 respondebat

342 2125 484 2171 accessus
507 2114 538 2170 et
561 2126 697 2170 recessus
721 2107 928 2187 magnitudini,
954 2128 1040 2188 qnam
1056 2108 1196 2188 aequatio
1215 2107 1344 2169 eccentri
1368 2106 1550 2188 requirebat,
1575 2108 1604 2169 si
1630 2102 1697 2189 quis

341 2217 408 2260 eam
439 2197 524 2259 unice
553 2215 607 2278 per
637 2205 805 2259 centrorurn
838 2197 920 2258 orbis
952 2205 983 2258 et
1010 2197 1109 2259 rnuudi
1139 2196 1313 2258 distantiam
1351 2195 1497 2258 niteretur
1534 2217 1695 2260 excusare.

342 2285 467 2359 Quare
490 2295 613 2349 coactus
636 2285 831 2348 Ptolemaeus
854 2293 995 2367 punctum
1025 2287 1183 2368 aequantia
1207 2285 1383 2362 introducit,
1411 2287 1590 2368 templana
1616 2287 1696 2368 phy·

343 2376 453 2448 sicam,
486 2375 513 2436 si
542 2375 617 2438 bene
650 2375 875 2438 considerasset
905 2396 970 2438 eam
1003 2384 1115 2439 auctor.
1164 2373 1349 2456 copemicus
1380 2373 1547 2438 abhorrens
1572 2377 1614 2439 ab
1638 2377 1696 2438 hac

341 2462 558 2546 inaequalitate
580 2463 714 2545 physica,
738 2485 826 2546 qnam
850 2465 976 2546 putabat
999 2466 1151 2546 indignam
1174 2464 1299 2527 coelesti
1320 2469 1437 2536 natura,
1460 2465 1696 2528 transformarit

342 2559 521 2633 aequantem
543 2552 574 2614 in
597 2552 782 2634 epicyclium,
807 2555 931 2633 gavisus
954 2556 984 2616 in
1008 2554 1202 2620 luminaribus
1221 2573 1299 2636 opus
1322 2554 1374 2616 illo
1398 2574 1455 2616 non
1479 2574 1560 2618 esse.
1612 2555 1695 2618 Cave

343 2644 441 2706 lector
463 2641 665 2716 confundaris,
684 2661 747 2712 non
772 2654 820 2705 est
842 2643 913 2706 mihi
944 2663 1042 2706 sermo
1067 2645 1103 2705 de
1126 2650 1297 2707 menstruae
1325 2643 1555 2723 inaequalitatis
1579 2665 1695 2726 acqua-

343 2730 423 2795 torio
445 2737 575 2811 puncto,
609 2731 687 2812 qnod
719 2731 781 2793 scio
805 2733 1012 2796 Ptolemaeum
1042 2733 1227 2796 adhibuisse.
1273 2734 1320 2795 De
1348 2732 1443 2812 prima
1473 2734 1695 2815 inaequalitate

343 2820 458 2900 loquor,
482 2837 559 2900 qnae
583 2839 602 2880 a
624 2829 777 2884 menstruo
801 2822 925 2885 circuitu
953 2832 1086 2905 tempore
1119 2821 1309 2886 discernitur.
1354 2823 1441 2883 Hanc
1468 2823 1564 2903 igitur
1587 2823 1695 2886 Ptole-

232 2950 238 2960 ι
342 2928 448 2972 macas
470 2927 525 2990 per
547 2929 636 2971 unum
659 2911 824 2992 epioyclnm
855 2913 1012 2974 excusavit
1042 2932 1165 2994 eumque
1189 2919 1304 2974 tantum
1328 2911 1452 2986 statuit,
1481 2921 1515 2976 ut
1540 2913 1698 2975 sufficeret

343 2999 402 3062 toti
425 2997 605 3080 aequatioui.
653 2997 838 3080 Cepernicus
870 3002 1066 3066 mutationem
1090 3002 1135 3063 illi
1158 3001 1331 3064 nonnullam
1360 3001 1482 3077 attulit,
1506 3001 1570 3064 sed
1595 3002 1642 3064 ita
1665 3009 1698 3063 ut

343 3089 451 3152 iisdem
473 3086 629 3168 principiis
652 3089 837 3166 inhaereret,
865 3099 981 3154 tautum
1005 3110 1073 3154 esse
1097 3099 1234 3172 oportere
1259 3089 1438 3173 epicyclurn‚
1471 3099 1591 3172 quanta
1615 3098 1698 3154 esset

214 3217 219 3228 ·
345 3177 484 3259 aequatio
515 3177 620 3258 quovis
650 3186 795 3260 ternpore.
842 3179 944 3253 Quare
968 3181 1026 3242 etsi
1055 3179 1230 3262 epicyclium
1263 3179 1416 3260 adjunxit,
1446 3199 1503 3263 quo
1532 3179 1698 3261 primarias

345 3262 495 3350 epicyclus
519 3274 679 3345 angeretur
701 3269 750 3330 vel
773 3267 971 3345 minueretur,
995 3289 1031 3333 eo
1054 3280 1153 3333 tamea
1179 3269 1289 3332 nullam
1318 3269 1478 3350 primariae
1502 3269 1697 3352 aequationis

344 3364 461 3438 partem
491 3355 654 3436 expedivit.
700 3357 779 3420 Nam
812 3358 885 3421 illud
908 3360 947 3421 ad
971 3367 1153 3422 menstruam
1177 3358 1389 3440 aequalitatem
1425 3367 1548 3438 spectat
1575 3367 1611 3422 et
1633 3361 1698 3421 vice

344 3443 524 3510 Ptolemaici
554 3446 699 3508 menstrui
732 3447 889 3527 aequantia
922 3449 1062 3528 fungitur.
1109 3443 1216 3513 Adhuc
1246 3465 1318 3527 ergo
1347 3445 1532 3528 Oopernicns
1567 3449 1698 3529 primam

345 3533 591 3614 inaequalitatem
614 3552 668 3614 per
700 3537 794 3598 solam
828 3546 996 3600 neutrorum
1019 3537 1194 3601 distantiam
1218 3539 1285 3610 (aen
1318 3535 1498 3620 epicyclnm)
1528 3539 1696 3620 expedivit,

347 3622 470 3685 exclusa
492 3641 586 3685 causa
608 3623 750 3706 physica3
775 3645 832 3705 quo
855 3627 971 3688 nomine
995 3636 1027 3689 et
1049 3628 1106 3708 ipsi
1133 3626 1225 3689 nimia
1247 3626 1276 3688 in
1301 3627 1470 3690 differentia
1493 3636 1568 3690 sunt
1589 3628 1697 3691 Lunae

346 3733 366 3774 a
388 3711 483 3774 Terra
506 3711 677 3787 distantiae,
702 3715 825 3795 proinde
846 3725 877 3776 et
892 3715 1029 3779 dumetri
1053 3717 1253 3798 respectabiles
1268 3724 1299 3777 et
1312 3717 1460 3780 transitus
1479 3735 1533 3798 per
1548 3717 1695 3781 umbrant

347 3801 450 3884 Tyeho
475 3800 632 3882 Oopernici
665 3804 795 3882 vestigia
826 3805 940 3885 pressit
968 3825 1062 3887 usqne
1095 3807 1133 3867 ad
1165 3825 1273 3867 annum
1306 3801 1399 3870 1600.
1445 3807 1524 3870 Nam
1557 3807 1607 3869 illi
1642 3807 1696 3870 dno

348 3888 491 3972 epieycli,
524 3910 648 3972 quorum
684 3893 824 3964 alterius,
842 3895 989 3959 diameter
1027 3896 1170 3958 statuitur
1205 3891 1326 3969 11000,
1360 3896 1485 3958 alterins
1512 3891 1632 3960 22000
1655 3896 1697 3968 (ἱιι

347 3979 467 4062 paginis
490 3979 685 4061 Witebergae
709 3983 798 4045 editis
822 4004 850 4047 a.
873 3981 972 4059 1599)
996 4003 1075 4048 mere
1099 3983 1297 4065 Cepernicani
1322 3992 1407 4058 sunt;
1432 3984 1549 4047 residui·
1574 3985 1637 4047 duo
1661 3985 1696 4046 ad

348 4088 442 4133 novas
461 4087 516 4130 nee
535 4070 721 4134 aveteribns
737 4073 963 4137 animadversas
986 4075 1219 4157 inaequalitates
1243 4073 1410 4136 referuntur
1427 4073 1561 4156 nihilque
1584 4073 1697 4138 habeut

348 4177 415 4222 cnm
437 4157 534 4238 prima
556 4159 772 4240 inaequalitate
795 4163 973 4226 commercii.

438 4246 526 4318 Quod
550 4257 651 4312 autem
675 4249 866 4331 Christianus
881 4253 1027 4328 Severini,
1052 4251 1135 4332 cujus
1158 4269 1251 4332 opera
1265 4251 1366 4334 'lycho
1389 4251 1419 4313 in
1444 4251 1553 4314 ultima
1575 4271 1696 4326 correc-

315 4341 319 4352 '
349 4335 431 4400 tione
452 4351 526 4398 usus
548 4345 605 4412 est,
633 4337 663 4400 in
685 4337 813 4420 primam
836 4361 950 4425 quoqne
980 4341 1224 4422 inaequalitatem
1253 4348 1431 4422 aequantem
1453 4339 1630 4404 introduxit
1649 4361 1696 4405 sen
1734 4381 1739 4388 ·

350 4444 431 4489 more
456 4422 661 4506 Cepernioano
692 4427 885 4511 epicyelium:
924 4431 955 4494 id
986 4431 1012 4493 si
1042 4431 1070 4493 in
1101 4429 1216 4493 Lunam
1247 4439 1380 4494 statuere
1411 4429 1499 4493 nefas
1535 4431 1695 4494 arbitraris

328 4515 503 4596 ,vallesque
528 4534 588 4580 uon
618 4537 685 4579 ease
716 4519 827 4582 factum
851 4540 870 4580 a
892 4523 1051 4603 Tychoue,
1075 4519 1146 4582 mihi
1176 4510 1350 4583 adscribito.
1395 4519 1474 4583 Nam
1499 4539 1535 4582 eo
1560 4529 1695 4602 tempore

351 4603 525 4678 Christiano
549 4613 581 4668 et
594 4614 749 4687 spectator
772 4615 803 4670 et
821 4618 926 4672 auctor
950 4611 991 4672 fni
1015 4609 1053 4672 ad
1073 4610 1103 4671 id
1119 4611 1295 4672 audendum.
1332 4609 1376 4672 Et
1398 4629 1470 4672 sane
1493 4628 1555 4672 non
1580 4619 1694 4672 tantum

350 4693 381 4757 in
404 4701 486 4755 motu
519 4695 713 4776 longitudinis
745 4697 902 4777 plurimum
926 4698 1099 4762 Christiano
1129 4716 1177 4762 res
1208 4699 1270 4761 ista
1297 4699 1427 4780 profuit,
1462 4701 1517 4761 sed
1541 4701 1636 4762 etiarn
1660 4699 1694 4759 ad

350 4782 523 4861 parallaxes
547 4784 679 4866 apprime
703 4785 760 4848 fuit
782 4788 946 4850 commoda.
983 4789 1111 4869 Semper
1134 4807 1211 4870 aqna
1233 4787 1386 4864 haerebat,
1410 4789 1622 4870 parallaxibus
1646 4795 1694 4850 aut

352 4872 586 4960 repugnantibus
617 4875 776 4962 hypothesi
807 4885 860 4942 aut
889 4877 947 4943 sibi
976 4897 1035 4944 nou
1068 4876 1282 4946 constantibus.
1329 4877 1463 4945 Tandem
1491 4879 1543 4946 ubi
1568 4878 1693 4945 animum
