3582 5558
577 471 581 478 ·
616 451 693 520 Ergo
714 447 793 520 agite
814 465 830 501 c
847 447 975 518 juvenes,
998 449 1096 520 quibus
1117 447 1262 520 ostriger
1283 449 1354 506 seris
1373 457 1405 508 et
1423 455 1500 510 ultus

567 529 675 604 Ingenii
695 529 825 600 geniique
846 529 934 594 feror,
957 529 1055 600 quibus
1076 529 1184 600 inclyte
1203 529 1239 585 eb
1260 537 1323 588 eme

566 609 669 666 Ursule
689 609 772 664 Dium
794 609 863 662 coeli
885 609 1031 680 inspiravit
1051 625 1180 674 emerem,

561 693 599 746 Et
619 689 694 746 dedit
714 689 853 744 aethereis
874 691 987 747 Terreni
1008 697 1038 746 et
1057 689 1213 748 Terrestris
1233 706 1359 764 quaeque

563 769 762 827 Pcsthebuisse
783 769 877 824 bouis:
899 770 945 842 qui
966 789 1020 826 ucu
1041 769 1291 842 temersrie‚rulgi

565 851 681 914 iudicis,
704 853 755 906 sut
775 850 890 906 tetricus
910 862 992 907 seces
1014 852 1116 908 curetis
1138 851 1273 917 inertumr
1299 904 1303 918 ,

567 930 698 988 Obscuris
719 929 813 1001 telpss
835 931 976 986 mittentes
997 935 1100 1006 degere
1121 931 1149 985 in
1170 929 1266 996 nutris,

563 1015 703 1083 Perpetuo
724 1019 756 1065 ut
777 1028 877 1066 ccecee
898 1019 1037 1079 msueent,
1059 1013 1137 1066 velut
1157 1029 1218 1066 esse
1239 1011 1400 1082 cupiscunt:

566 1096 627 1150 Huc
648 1090 753 1162 spirate
774 1091 900 1156 decen
921 1095 1026 1164 populu
1046 1095 1100 1148 huc
1121 1098 1187 1163 post
1205 1098 1290 1165 terge
1309 1095 1407 1152 relicte

565 1173 769 1252 Tendite;,nec
788 1181 915 1238 mentem,
937 1191 1008 1246 quse
1029 1190 1094 1246 pers
1116 1182 1161 1228 est
1181 1173 1285 1234 enthes
1304 1176 1383 1242 cccli,

562 1257 622 1309 Hcc
642 1251 734 1323 petrin
754 1252 863 1324 privnte
885 1255 972 1315 boue:
994 1255 1113 1310 studium
1136 1259 1220 1326 etque
1241 1253 1364 1310 laborem
1394 1257 1395 1260 ’

563 1337 626 1390 Ηιιο
646 1334 717 1388 ferte
737 1333 899 1398 uneuimes;
922 1335 995 1389 iesse
1016 1341 1049 1390 ut
1069 1349 1228 1389 succurrere
1247 1333 1320 1406 Regi

564 1416 680 1470 Alfcnsc
701 1413 794 1478 licent,
816 1415 922 1486 pcndus
944 1433 998 1470 uon
1019 1415 1122 1490 viribus
1144 1414 1239 1486 eequis

565 1495 616 1559 Qui
638 1497 715 1550 mcdc
736 1493 817 1548 ricini
838 1497 944 1550 tulernt
964 1511 1106 1552 successor
1126 1495 1269 1558 Atlantis;

562 1575 703 1631 Auxilium
725 1575 805 1630 simul
825 1581 857 1629 ut
876 1581 1012 1648 promtum
1033 1575 1199 1646 Ccpernicus
1220 1575 1318 1646 ing'ens

562 1656 688 1720 Sentiut;
710 1656 847 1710 Herculeo
865 1673 911 1722 ne,
934 1659 995 1711 dum
1017 1673 1047 1712 se
1067 1657 1169 1711 inferre
1190 1655 1280 1710 lebcri

564 1736 736 1809 Aggreditur
754 1737 849 1800 fidens,
872 1735 948 1816 oneri
970 1739 1130 1792 succumbet
1149 1735 1259 1808 iniquo:

565 1819 663 1890 Sicque
683 1815 750 1888 poli,
772 1817 896 1871 Atlantis
918 1817 989 1871 cessi
1010 1817 1179 1890 Alcidseque
1200 1817 1340 1886 columnis,

562 1901 716 1970 Ingentem,
735 1898 793 1968 jum
811 1898 870 1968 jsm
892 1905 1032 1962 nutantes,
1054 1899 1127 1958 ferre
1148 1898 1255 1952 ruinam

561 1981 704 2050 Coguntur
724 1977 890 2050 Terrnmque
912 1977 992 2034 simul
1013 1979 1133 2034 statione
1154 1973 1345 2050 moventes,*)
1386 2029 1390 2040 ,

560 2060 714 2115 Berbsrise
735 2059 883 2132 hospitium
905 2054 1015 2130 (cresse
1035 2059 1194 2132 ignorantis
1215 2060 1284 2114 coeli

450 2151 452 2158 ’
524 2169 527 2178 =
562 2141 649 2204 Quem
670 2133 776 2210 periet)
797 2146 964 2211 cunctosque
985 2139 1107 2195 homines
1128 2141 1301 2214 pecudesque
1323 2143 1450 2216 fereeque

561 2221 717 2276 Turbentes
739 2236 805 2274 essu
826 2221 940 2290 ancipiti
961 2221 1104 2292 coecisque
1125 2220 1256 2285 tenebris,

560 2297 827 2372 Antiqucque'chec
849 2301 994 2356 miscentes
1016 2300 1090 2356 stris
1110 2301 1210 2356 mundi.

562 2384 622 2436 Hcc
642 2380 788 2451 prohibete
811 2381 890 2436 ucles
912 2399 1051 2453 pronoque
1066 2381 1206 2436 ¹occurrite
1227 2382 1334 2445 damno,

560 2463 598 2516 Et
617 2477 721 2515 mecum
741 2461 881 2516 excelsum
902 2463 1010 2518 relidi»
1022 2461 1197 2516 conscendite
1218 2463 1363 2534 Olympum

561 2541 680 2604 Viribus·
702 2547 735 2596 ut
754 2543 833 2596 fissus
854 2549 962 2598 mature
983 2543 1126 2598 occludere
1146 2541 1238 2606 umes,

561 2623 600 2676 Et
620 2621 748 2676 stabilire
767 2622 845 2676 nevis
866 2624 937 2678 oceli
957 2623 1104 2696 lequesris¹
1123 2622 1262 2687 transtris,

561 2703 677 2774 lemque
698 2701 773 2773 prius
794 2703 888 2770 licest,
910 2719 991 2777 quem
1012 2703 1139 2759 machine
1158 2709 1220 2758 tete
1239 2704 1359 2761 lstiscst.

612 2853 713 2925 Ecquis
734 2857 814 2910 sdeet
833 2855 928 2927 igitur,
949 2857 1093 2926 pulchram
1114 2855 1178 2910 hinc
1196 2856 1328 2912 meurisse
1347 2870 1477 2918 cercnsm

564 2935 685 3008 obryzo,
705 2935 828 3008 gemmis,
850 2935 934 2992 ebcre
955 2945 985 2992 et
1005 2936 1139 2992 medente
1159 2953 1266 3008 pyropo

561 3016 742 3088 Conspicuam
762 3017 919 3088 firmamque
941 3017 1030 3089 magis
1051 3017 1205 3088 saeclisque
1225 3033 1373 3088 perennem

562 3097 614 3160 Qui
634 3098 712 3152 velet
731 3103 817 3170 etque
837 3097 934 3154 enimis
956 3099 1075 3154 culmum
1095 3097 1202 3152 sceiere
1223 3099 1371 3168 superuis?

559 3177 661 3248 Ecquis
682 3169 938 3243 Temicclss'inter,
960 3197 1027 3250 quos
1049 3177 1173 3232 continet
1192 3177 1266 3232 orbis

561 3259 718 3313 innumerus
740 3259 858 3323 debitur,
880 3260 922 3313 cui
945 3265 1002 3314 tem
1023 3257 1152 3312 sublimis
1171 3257 1266 3312 ccrdil

561 3339 661 3411 Ecquis
682 3345 713 3393 et
733 3346 872 3394 auctorem
892 3341 993 3405 mundi,
1014 3356 1064 3409 per
1084 3337 1194 3393 condite
1214 3343 1295 3392 resto
1397 3373 1401 3388 .

531 3454 537 3468 .
560 3421 614 3474 Tot
633 3419 757 3474 mireuds
778 3421 842 3490 pclc
863 3421 1015 3492 spectacla,
1038 3435 1189 3494 agnoscere
1209 3418 1319 3492 gestit?

558 3499 638 3553 Sicue
660 3507 752 3554 omnes
773 3497 880 3576 pluriter
900 3507 982 3556 tente
1002 3501 1037 3554 nd
1058 3497 1185 3572 quaesite
1205 3497 1313 3556 siletis?

563 3580 633 3651 Quid
653 3597 776 3636 mussare
797 3581 897 3651 juvet?
917 3581 1017 3636 Munus
1039 3587 1083 3634 est
1103 3579 1259 3634 adhibenda
1278 3581 1375 3648 lebori,

561 3661 599 3713 Ut
618 3662 729 3714 tendem
750 3661 871 3716 abstrusi
892 3668 1010 3731 pnteeut
1029 3660 1164 3733 mysteria
1183 3659 1261 3714 coeli.

561 3739 590 3795 Si
611 3757 678 3812 quos
699 3741 822 3806 ambitio,
844 3743 957 3804 lucnrm,
979 3741 1146 3814 ignorantis..
1168 3741 1260 3804 luxus,

560 3821 629 3888 Tem
648 3821 729 3875 celsis
749 3821 897 3876 retrahunt
917 3821 991 3875 susis
1012 3829 1042 3876 et
1062 3823 1096 3876 sd
1117 3821 1210 3875 infime
1229 3821 1360 3876 trudunt:

560 3899 665 3956 Saltem
686 3902 748 3956 eliis
767 3911 888 3974 pereant
907 3919 958 3958 nec
978 3903 1118 3961 ccmucds
1138 3917 1242 3958 sturme
1261 3904 1412 3961 rmdect

613 4053 677 4124 lpse
697 4055 768 4126 Ego,
791 4053 814 4109 si
835 4053 911 4110 iecili
932 4053 1056 4124 sepirent
1075 4053 1140 4108 mihi
1161 4051 1274 4109 numine
1291 4053 1379 4118 vultu,

442 4131 446 4140 '
507 4149 512 4160 ·
560 4134 599 4188 Et
619 4151 752 4208 superare
773 4136 832 4192 eltc
853 4134 978 4190 dederint
997 4133 1145 4190 cbsteculs
1164 4133 1278 4207 quaevis

562 4215 760 4287 Constantiquc
782 4216 880 4280 enimc,
903 4217 981 4270 velut
1000 4214 1144 4282 hactenus,
1176 4214 1299 4272 omnibns
1319 4217 1393 4272 ultre

560 4295 679 4350 Annitsr
698 4296 798 4362 nervis,
819 4296 912 4369 msgm
933 4295 1090 4368 penetralis
1111 4293 1181 4350 coeli

560 4375 685 4430 Pendere
705 4377 852 4448 terrigenis
873 4383 1016 4448 tectosque
1037 4376 1145 4448 sperire
1166 4393 1298 4434 recessus.

615 4508 656 4563 m
676 4510 755 4564 moso
774 4509 879 4564 meus
898 4481 1010 4581 sepiem
1030 4511 1170 4566 nusum
1191 4510 1302 4583 olympi

561 4591 661 4646 Annus
681 4595 712 4644 et
731 4589 810 4644 ndler
831 4605 918 4660 opem,
941 4598 991 4646 tue
1010 4591 1087 4646 lecte
1107 4593 1244 4663 stupende
1263 4592 1379 4649 nctnnti.

369 4771 399 4836 *)
418 4773 580 4840 Subiutelllps
589 4773 643 4824 Peli
655 4781 764 4826 menes.
777 4772 826 4826 Hic
838 4773 904 4827 euim
915 4775 1125 4840 imperlsetlcuem
1137 4777 1310 4830 Arncncuiee
1322 4777 1428 4838 mensu.
1443 4786 1469 4832 st
1480 4781 1652 4850 ignorantium

298 4847 369 4911 clm
387 4860 436 4896 non
454 4860 511 4900 vern
528 4845 684 4912 Hypoffieees
703 4846 840 4914 Ocpemltl,
859 4845 961 4900 Terreni
977 4847 1092 4899 mobilem
1109 4847 1238 4901 ίιιίαήοι.
