3582 5558
258 289 319 358 138
786 287 896 354 Epistola
913 287 1073 342 dedicatoria

253 470 283 532 in
316 485 440 550 quem
428 465 515 529 Luna
537 465 674 546 ingressa
698 472 763 541 est,
797 465 897 530 ludere
929 469 1008 531 solet
1038 468 1200 548 astragalis
1228 469 1325 534 lusum
1349 469 1548 552 trigouicnm;
1571 470 1603 532 in

254 559 366 633 Leone,
391 574 448 637 quo
464 553 518 618 Sol
533 556 625 618 utitur
649 515 789 637 hospitio,
815 557 1003 620 familiariter
1026 565 1115 621 notus
1138 568 1206 634 est;
1230 559 1284 621 llle
1298 561 1426 642 deniqne
1441 567 1472 624 et
1486 560 1604 623 Arietis

255 657 304 710 est
340 645 484 721 dominus,
527 645 575 708 cui
616 645 740 707 subesse
779 646 910 710 creditur
935 645 1115 718 Germania,
1148 649 1311 730 planeque
1327 667 1507 714 concurrens
1536 667 1607 710 cum

254 735 295 800 Se
324 733 368 800 0⁸
394 727 453 796 Mea
473 733 522 796 v·
543 731 666 796 habet
658 733 822 815 imperium.

266 885 268 893 ,
345 825 433 886 Ηιιι
456 822 548 904 igitur
570 821 711 903 triumphi
732 832 851 903 partem
874 825 918 888 illi
941 824 1014 890 licet
1036 834 1197 907 occupent,
1221 826 1358 889 nullam'
1350 826 1425 908 ipsis
1440 834 1506 890 tam
1519 826 1601 888 festo

254 915 303 979 die
334 912 453 978 rixandi
482 930 606 974 causam
630 912 796 978 exhibebo:
830 922 970 978 trauseat
991 915 1067 978 haec
1090 915 1213 979 licentia
1236 916 1345 978 inter'
1331 936 1419 998 Jocos
1440 915 1602 979 militares.

255 1005 329 1086 lpse
358 1003 398 1066 ad
430 1001 711 1065 astronomiam
744 1011 860 1079 vertar,
899 1023 1043 1085 curruque
1075 1005 1247 1086 triumphali
1270 1006 1423 1082 invectus,
1455 995 1604 1088 reliquam

255 1092 369 1174 captivi
392 1090 488 1154 nostri
511 1090 654 1193 gloriam,
672 1089 757 1153 mibi
779 1052 972 1174 peculiariter
993 1100 1113 1166 notam,
1145 1113 1306 1177 omnesque
1330 1095 1406 1158 adeo
1430 1093 1502 1158 belli
1524 1093 1608 1176 gesti

171 1259 175 1266 .
255 1181 443 1262 coniectique
466 1178 599 1244 rationes
622 1179 810 1261 explicabo(
1360 1217 1365 1230 ·

247 1265 253 1274 ’
342 1271 447 1352 Neque
471 1269 548 1332 enirn
572 1268 638 1332 sine
661 1270 771 1334 honore
796 1271 882 1334 nobis
905 1280 953 1334 est
968 1271 1131 1349 habendus,
1147 1290 1234 1354 quem
1254 1271 1607 1352 aeteruusmuudihujns

255 1360 450 1425 Architectus
490 1358 710 1440 communisque
750 1360 881 1424 siderum
919 1359 1127 1444 hominumque
1161 1363 1278 1426 Pater
1308 1361 1412 1426 Jove
1448 1360 1479 1426 in
1508 1362 1608 1442 prima

241 1468 415 1533 ¹corporum
438 1445 667 1527 aspectabilium
694 1449 807 1512 locavit
830 1450 910 1526 acie;
937 1458 973 1512 ut
993 1451 1117 1532 pereuni
1140 1453 1286 1514 curriculo
1308 1469 1363 1532 per
1386 1449 1524 1532 regiones
1549 1469 1605 1512 aa·

256 1540 379 1607 theresa
412 1535 567 1602 Crantoris
596 1538 644 1606 sui
672 1538 819 1602 militaret
848 1538 982 1620 gloriae:
1013 1539 1220 1623 hominumque
1249 1549 1367 1604 mentes
1398 1541 1465 1604 alto
1488 1539 1607 1621 sopitas

257 1635 381 1690 veterno
404 1624 565 1690 criminosa
591 1625 731 1706 ignaviae
761 1628 1009 1710 ignorantiaeque
1034 1630 1264 1710 exprobratione
1289 1631 1467 1708 suscitaret,
1496 1647 1606 1692 excur-

260 1716 393 1781 sionibus
416 1717 478 1778 suis
502 1723 667 1792 exerceret,
691 1717 778 1800 inque
802 1719 917 1781 coelum
940 1717 979 1782 ad
994 1715 1168 1783 Conditoris
1188 1721 1233 1784 sui
1253 1720 1358 1784 laudes
1378 1719 1607 1802 investigandas

262 1805 404 1870 irritando
427 1804 626 1886 pertraheret.

349 1893 407 1957 Hic
429 1901 479 1957 ast
501 1894 551 1956 illc
569 1893 798 1974 potentissimus
822 1895 1026 1959 inventionum
1048 1898 1243 1961 humanarum
1257 1898 1411 1960 Domitor:
1435 1895 1484 1981 qui
1508 1896 1608 1960 omni-

263 1985 319 2047 bus
342 1991 578 2046 astronomorum
602 1984 698 2047 irrisis
722 1985 981 2066 expeditionibus,
1014 1987 1098 2050 elisis
1121 1987 1284 2064 machinis,
1312 1986 1482 2068 profligatis
1511 1985 1609 2066 copiis

261 2073 435 2149 hostilibus,
459 2081 608 2154 secretum
635 2073 752 2154 imperii
781 2075 827 2136 sui
856 2074 972 2137 cunctis
995 2085 1075 2139 retro
1099 2077 1209 2140 seculis
1227 2077 1411 2138 custoditum
1426 2075 1610 2157 possederat

261 2181 384 2227 securus
408 2181 572 2243 cursusque
602 2181 673 2226 snos
701 2173 878 2226 exercuerat
901 2163 1067 2228 liberrimus
1091 2173 1122 2228 et
1145 2165 1437 2246 incircumscriptus·
1463 2172 1497 2228 ut
1511 2175 1606 2246 praa-

262 2254 381 2335 cipuanr
411 2250 563 2333 querelam
592 2251 759 2315 instituerit
790 2261 904 2335 mystes
932 2253 983 2316 ille
1015 2261 1157 2332 naturae,
1189 2255 1365 2320 Latinorrnn
1392 2253 1607 2319 celeberrimus

264 2341 302 2407 0.
326 2341 460 2405 Plinius:
484 2340 624 2403 Martis
646 2341 933 2404 inobservabilc
961 2341 1067 2407 sidus
1091 2363 1189 2407 esse.

351 2433 445 2494 Fama
467 2437 526 2505 est,
550 2428 714 2510 Georgium
727 2428 916 2494 Joachrmnm
939 2430 1151 2509 Rheticcm,
1176 2439 1296 2516 patmm
1313 2432 1458 2496 memoria
1475 2450 1534 2494 uon
1553 2430 1606 2493 in

262 2520 410 2584 celebrem
434 2517 594 2600 Gopernici
624 2519 816 2599 discipulum,
849 2530 880 2583 et
908 2520 958 2602 qui
981 2523 1231 2586 restaurationem
1254 2523 1456 2586 astronomiae
1479 2521 1609 2603 primunr

263 2629 355 2674 ausus
377 2608 599 2690 concupiscere,
623 2627 691 2670 mox
714 2627 773 2671 non
796 2611 972 2690 spernendis
996 2611 1255 2676 observationibus
1270 2622 1302 2674 et
1320 2611 1541 2675 inventionibus
1555 2610 1609 2671 ai-

265 2701 447 2776 iectaverat,
472 2699 540 2761 dum
562 2698 594 2760 in
617 2705 699 2762 mcru
721 2699 831 2762 Martis
856 2700 961 2762 haeret
983 2700 1194 2779 mirabundus,
1223 2721 1318 2783 neque
1341 2721 1374 2764 se
1397 2699 1543 2782 explicat,
1566 2697 1609 2762 ad

263 2787 356 2853 Genii
386 2788 433 2851 sui
465 2785 621 2850 familiaris
654 2789 819 2851 oraculum·
837 2789 1027 2870 confugisse,
1065 2811 1118 2853 seu
1150 2792 1216 2872 ejus
1248 2791 1446 2854 eruditionem
1477 2789 1519 2864 (si
1547 2788 1609 2852 diis

261 2879 378 2960 placet)
401 2877 620 2958 exploraturus,
644 2878 708 2941 sive
731 2879 869 2942 veritatis
891 2879 1048 2959 impotenti
1070 2878 1233 2956 desiderio,
1258 2889 1348 2962 atque
1371 2880 1420 2942 bic
1438 2897 1608 2960 exaspera-

263 2981 326 3031 tum
357 2966 501 3030 immitem
527 2975 702 3048 patronum,
734 2967 894 3048 importuni
926 2969 1124 3032 sciscitatoris
1156 2969 1282 3032 alteruis
1320 2967 1464 3050 capillitio
1494 2965 1610 3048 arrepti

262 3065 355 3139 caput
377 3057 417 3119 ad
438 3055 596 3122 imminens
620 3056 744 3137 laquear
766 3057 930 3134 adflixisse,
954 3058 1118 3140 itemmque
1141 3059 1257 3121 dlmissi
1281 3071 1388 3140 corpus
1407 3055 1609 3139 inpavimcn-

264 3157 327 3210 turn
348 3145 552 3228 proturbasse,
578 3145 685 3208 addito
705 3163 869 3226 responso:
894 3147 971 3209 hunc
994 3167 1061 3210 esse
1085 3155 1198 3210 motum
1221 3147 1342 3210 Martis.
1374 3149 1470 3212 Fama
1484 3145 1609 3222 malum,
1717 3187 1722 3200 .

263 3255 321 3320 qno
348 3255 407 3300 ιιι
434 3235 516 3298 alind
538 3234 694 3298 nocentius
722 3236 818 3298 bonae
843 3237 957 3312 iamae;
985 3243 1049 3298 tam
1078 3237 1158 3299 enim
1181 3235 1242 3300 ficti
1265 3237 1409 3318 pravique
1432 3243 1525 3298 tenax
1548 3243 1611 3307 ast,

264 3343 354 3408 quarn
376 3325 485 3388 nuncia
507 3325 578 3387 reri.
625 3325 693 3386 Non
718 3333 767 3387 est
789 3335 891 3388 tamen
912 3323 1103 3401 incredibile,
1132 3325 1291 3389 Rheticum
1315 3326 1427 3407 ipsum,
1451 3343 1511 3388 non
1535 3342 1611 3386 suc-

263 3414 438 3478 cedentibus
480 3412 751 3494 speculationibus,
789 3413 969 3477 conturbato
1006 3415 1113 3495 spiritu
1150 3415 1373 3478 consurrexisse
1405 3413 1609 3489 tantundem,

264 3511 412 3585 caputque
453 3502 584 3565 allisisse
617 3503 656 3564 ad
685 3503 838 3583 parietem.
884 3501 964 3574 Quid
986 3504 1093 3567 mirum
1116 3505 1214 3579 enirn,
1237 3504 1270 3566 vsi
1297 3506 1405 3567 eadem
1432 3502 1611 3566 acciderunt

263 3591 410 3668 Rhatico,
434 3590 544 3654 Martis
567 3592 774 3672 provocaturi,
803 3612 878 3674 quae
902 3591 1031 3656 olimO.
1057 3592 1188 3656 Octavio
1211 3595 1350 3675 Augusto
1374 3591 1515 3668 Caesari,
1540 3611 1613 3654 curn

263 3684 337 3746 duca
360 3679 507 3751 Quintilio
530 3679 614 3742 Varo
642 3681 769 3763 quinque
792 3681 925 3764 legiones
944 3683 1143 3762 perdidisset,
1167 3684 1205 3746 ab
1224 3683 1311 3746 hoste
1325 3681 1473 3780 Arminio,
1496 3679 1612 3745 Martis

264 3771 360 3836 noemi
382 3768 556 3833 Germanici
578 3769 669 3850 pullo,
693 3772 921 3836 circumventas.
1246 3799 1249 3804 ·

349 3859 459 3940 Atqui,
492 3866 525 3922 ιι
556 3857 586 3920 iu
614 3860 723 3923 ceteris
753 3861 899 3943 imperiis,
933 3859 977 3923 sic
1004 3859 1052 3924 bic
1086 3879 1201 3944 quoqne
1225 3861 1308 3925 nulla
1331 3879 1363 3924 ιι
1386 3859 1483 3941 magis
1505 3851 1612 3921 innixa

264 3948 493 4016 sustentabatur
514 3947 612 4010 hostis
634 3950 731 4012 nostri
753 3951 899 4032 putentia,
924 3967 1012 4031 qnam
1033 3954 1229 4032 persuasione
1252 3959 1284 4014 ιι
1306 3949 1507 4032 trepidatione
1525 3949 1612 4028 vulgi

264 4038 434 4104 bominum:
465 4052 554 4120 quarn
585 4045 776 4103 contemnere
809 4057 927 4120 semper
958 4059 1013 4122 ege
1046 4039 1125 4102 riam
1157 4041 1197 4104 ad
1220 4040 1378 4104 victoriam
1402 4057 1469 4103 esse
1490 4039 1611 4119 putari.

264 4129 386 4214 Quippe
412 4145 479 4196 cnm
506 4145 604 4192 essem
632 4127 663 4191 in
691 4129 746 4192 hoc
774 4139 901 4193 naturae
927 4129 1048 4193 theatro
1071 4129 1263 4194 mediocriter
1285 4135 1440 4192 versatus:
1463 4125 1537 4191 illud
1560 4145 1613 4190 me

264 4241 320 4286 usu
342 4218 489 4300 magistro
521 4216 662 4280 didicisse
691 4219 910 4300 persuadebat,
940 4237 999 4281 ιιι
1028 4220 1152 4282 multum
1174 4219 1302 4294 distare,
1337 4225 1371 4281 ut
1398 4217 1548 4281 bominem
1571 4216 1613 4280 ab

197 4315 202 4324 “
266 4308 395 4385 bomine,
419 4307 464 4371 sic
487 4325 582 4392 neque
606 4307 725 4372 stellam
748 4330 768 4372 a
791 4309 889 4384 stella,
913 4309 1031 4372 hostem
1054 4309 1094 4370 ab
1117 4310 1224 4372 hosts:
1248 4325 1339 4389 quare
1363 4323 1421 4370 non
1445 4305 1535 4370 facile
1558 4326 1611 4370 re-

265 4400 431 4482 cipiendum
459 4415 642 4469 sermonem.
670 4399 721 4480 qui
749 4399 786 4462 da
816 4399 915 4479 gentis
943 4399 1078 4480 ejusdem
1103 4398 1256 4462 individuo
1279 4415 1338 4461 uno
1360 4405 1474 4460 ιιιιιιι
1498 4395 1613 4478 aliquid

265 4489 417 4553 ἰιιιιιιιιι
438 4486 610 4568 sparsisset

355 4575 506 4660 Imprimis
527 4593 600 4638 raro
624 4573 775 4639 laudanda
796 4576 844 4638 bic
868 4583 917 4639 est
939 4575 1129 4660 Tycbonis
1151 4576 1295 4652 Brahe,
1320 4575 1404 4639 ducis
1426 4573 1532 4638 inbac
1551 4573 1614 4638 mi-¹

268 4667 337 4732 litia
359 4667 465 4732 muni
488 4664 661 4745 diligentia;
685 4665 735 4746 qui
756 4665 957 4728 Friderici
980 4667 1027 4729 11.
1051 4675 1082 4729 et
1105 4665 1331 4730 Christiani
1346 4663 1610 4744 -uaniaeusgum,

271 4757 451 4838 tandemque
483 4761 517 4817 et
537 4753 593 4818 sas
611 4753 670 4818 cas
688 4754 754 4816 Mus
772 4755 836 4816 Vae
861 4754 1021 4836 auspiciis,
1052 4771 1129 4836 pene
1157 4755 1305 4819 continuis
1337 4753 1444 4836 viginti
1467 4755 1612 4817 annorum

270 4846 417 4925 actubus,
436 4861 539 4910 omnes
560 4841 647 4912 uobis
668 4844 765 4909 bostis
787 4843 876 4928 hujus
899 4843 1129 4910 consuetudines
1142 4843 1322 4928 exploravit,
1343 4861 1461 4910 omnen
1485 4841 1612 4909 militiae
