3604 5534
853 319 893 372 De
911 319 1018 372 Motibus
1037 316 1129 372 Stellae
1147 316 1235 372 num

934 556 1054 659 Caput
1079 542 1154 633 lx,

599 723 657 784 De
676 721 856 785 reductione
877 718 941 782 loci
962 718 1099 803 ecliptica'
1120 718 1165 780 ad
1187 713 1342 780 cicadam
1362 715 1487 780 Martia.

460 857 523 926 Sed
546 870 665 944 tempus
680 870 738 940 est,
754 869 787 924 ut
801 864 837 924 de
852 862 910 924 hac
928 860 1098 924 reductione
1114 860 1153 924 ad
1167 859 1336 940 eclipticam
1354 859 1402 920 vel
1419 857 1547 919 orbitam
1560 853 1701 935 planetae,

370 973 445 1037 quae
469 953 653 1014 fundamenti
677 951 742 1014 loco
767 961 823 1026 est,
849 959 989 1014 accurate
1013 950 1209 1032 disputemus.
1389 944 1391 953 '

340 1117 343 1122 ¹
457 1042 589 1105 Primum
622 1042 677 1102 hoc
708 1041 793 1103 nohis
822 1042 915 1102 refert
938 1041 1013 1102 baec
1036 1041 1140 1100 tabula
1162 1057 1200 1100 ex
1223 1033 1501 1100 observationibus:
1523 1031 1701 1095 latitudinem

369 1133 490 1194 boream
513 1149 692 1210 consurgere
707 1130 744 1191 ab
768 1125 827 1194 180
849 1131 886 1205 ὅ,
912 1129 1013 1209 inquo
1030 1130 1087 1189 luit
1107 1128 1147 1202 5‘,
1171 1128 1238 1189 inde
1255 1127 1417 1189 maximam
1432 1123 1528 1186 visam
1549 1123 1578 1184 in
1592 1116 1651 1184 21·
1664 1127 1698 1196 tl:

369 1230 440 1302 post
463 1221 631 1282 decrevisse
656 1228 688 1280 et
711 1221 740 1281 in
766 1215 804 1282 30
826 1229 862 1297 tlt
885 1219 977 1280 fuisse
996 1219 1093 1279 adhuc
1118 1218 1237 1297 quidem
1261 1211 1316 1300 1²1,
1329 1213 1349 1292 ⁰,
1374 1213 1428 1278 scd
1443 1213 1548 1276 statim
1565 1213 1594 1272 in
1609 1207 1700 1283 wa

371 1331 439 1372 esse
469 1310 664 1372 meridianam
689 1317 720 1370 et
742 1309 831 1370 valde
854 1327 992 1388 magnam
1016 1303 1069 1382 l⁰;
1093 1307 1238 1386 majorem
1261 1307 1353 1367 etiam
1375 1304 1404 1366 iu
1432 1296 1490 1365 130
1512 1307 1551 1376 i(-
1592 1299 1700 1381 Exque

369 1400 518 1479 colligitur
555 1397 695 1460 crassiori
727 1399 879 1472 Minerva,
912 1398 1026 1459 'nodum
1056 1396 1267 1460 ascendentem
1292 1414 1359 1456 esse
1381 1393 1471 1474 paulo
1495 1399 1567 1454 ante
1593 1385 1648 1453 180
1668 1391 1700 1464 ὅ,

369 1489 601 1550 descendentem
625 1489 717 1549 multo
740 1495 811 1566 post
834 1483 874 1550 3⁰
895 1497 940 1564 til.
986 1487 1066 1566 Ergo
1089 1487 1170 1548 circa
1196 1480 1253 1548 170
1275 1483 1302 1560 ὅ
1325 1492 1358 1545 et
1383 1478 1442 1544 170
1464 1490 1499 1560 til
1523 1487 1610 1543 eruut
1631 1479 1700 1553 nodi,

369 1579 450 1640 circa
477 1571 534 1638 170
557 1581 632 1652 liet
654 1594 700 1636 aa
724 1575 845 1639 limites.
898 1575 1006 1656 Itaque
1038 1595 1105 1636 cum
1121 1576 1256 1655 planum
1285 1571 1444 1635 eccentrici
1466 1571 1577 1632 Martis
1600 1569 1639 1630 sit
1660 1567 1700 1628 in-

370 1669 512 1728 clinatum
544 1666 583 1727 ad
615 1667 734 1746 planum
767 1665 939 1746 eclipticas,
971 1663 1089 1726 accidet
1117 1665 1197 1726 idem
1230 1662 1400 1742 fere'quod
1431 1662 1461 1722 in
1485 1653 1700 1722 accensionibus

369 1757 461 1817 rectis
486 1755 614 1836 partium
639 1755 807 1835 eclipticas,
832 1763 866 1816 ut
889 1752 1113 1816 arcubus.visis
1137 1751 1240 1815 circuli
1263 1752 1347 1814 unius
1371 1769 1429 1814 non
1450 1748 1542 1811 iidem
1556 1747 1700 1810 arcusvisi

368 1847 405 1907 de
429 1845 539 1906 circulo
564 1845 659 1905 altero
683 1845 899 1923 respondeant,
932 1842 988 1904 nisi
1013 1842 1062 1924 qui
1087 1863 1105 1904 a
1128 1843 1214 1904 nodis
1238 1841 1349 1921 incepti
1372 1841 1402 1901 in
1426 1839 1537 1901 limites
1560 1836 1699 1898 desinunt.

368 1935 443 1996 Dico
468 1945 568 2016 autem
591 1953 678 1995 arcus
702 1937 794 2008 visos,
822 1933 891 2013 quia
914 1933 961 1994 hic
991 1941 1111 2011 oportet
1139 1932 1237 1993 animo
1270 1947 1430 2010 segregare
1456 1927 1701 1990 eccentricitstem

368 2025 518 2103 planetae,
544 2033 575 2083 et
596 2023 719 2102 perinde
744 2041 842 2102 agere,
868 2041 902 2082 ac
927 2021 952 2082 si
975 2021 1034 2082 iter
1057 2021 1166 2084 Martis
1189 2038 1282 2100 aeque
1306 2018 1420 2108 inorbo
1440 2018 1701 2080 lixarumessetac

368 2113 516 2194 ecliptica,
546 2113 686 2193 illamque
711 2132 780 2172 vere
804 2118 931 2172 secaret.
977 2110 1019 2172 Et
1042 2110 1161 2190 quidem
1184 2128 1250 2171 cum
1274 2108 1441 2189 quaeritur,
1473 2107 1541 2188 quis
1565 2104 1700 2167 sitlocus

366 2203 506 2283 planetae
531 2202 696 2279 eclipticus,
721 2200 883 2262 astronomi
904 2198 947 2261 sic
964 2219 1030 2262 eum
1053 2199 1205 2271 deliniunt,
1230 2217 1296 2260 esse
1320 2214 1426 2276 nempe
1449 2204 1592 2276 punctum
1614 2192 1698 2270 eclip-

366 2293 462 2367 ticas,
494 2291 523 2350 in
549 2311 604 2370 quo
629 2290 755 2351 circulus
780 2289 949 2351 latitudinis
973 2290 1027 2362 (ad
1051 2289 1217 2369 eclipticam
1242 2288 1356 2360 rectus)
1380 2304 1434 2366 per
1457 2286 1554 2348 locum
1577 2280 1699 2362 corporis

365 2380 505 2458 planetae
530 2380 584 2440 snb
607 2379 674 2440 lixis
690 2378 848 2468 ¹transiens
873 2377 1041 2458 eclipticam
1066 2385 1158 2439 secet.
1200 2383 1286 2456 (Loco
1307 2385 1433 2456 ecliptico
1460 2385 1609 2456 opponitur
1632 2383 1699 2438 locus

364 2471 481 2533 orbitae,
503 2487 553 2522 seu
572 2470 648 2524 locus
669 2467 777 2524 ntione
798 2469 905 2524 orbitae
925 2465 1135 2534 consideratus.)

453 2549 546 2610 Patet
569 2549 659 2626 igitur
681 2567 734 2627 per
750 2548 962 2608 demonstrata
977 2548 1136 2610 Theodosii
1152 2547 1189 2608 de
1209 2545 1346 2626 Sphaera
1359 2539 1410 2622 ⁵⁸),
1435 2543 1491 2607 uisi
1514 2546 1563 2608 hic
1582 2543 1699 2605 circulus

365 2657 422 2718 per
445 2637 597 2716 utriusque
621 2637 723 2699 circuli
747 2637 919 2716 (eclipticae
942 2645 974 2699 et
995 2636 1111 2699 itineris
1124 2635 1299 2716 planetarii)
1318 2635 1404 2715 polos
1419 2643 1568 2711 transeat,
1592 2649 1699 2712 semper

364 2726 547 2788 sectionibus
568 2725 633 2788 suis
656 2725 831 2806 inaequales
855 2745 942 2788 arcus
966 2745 985 2788 a
1007 2725 1152 2788 communi
1176 2724 1354 2788 circulorum
1381 2722 1515 2786 sectione
1537 2729 1698 2786 numeratos

364 2817 611 2898 interceptarum.
652 2815 778 2876 Etcum
800 2815 840 2878 sit
862 2815 888 2876 is
912 2815 1040 2878 circulus
1061 2813 1230 2878 latitudinis
1249 2813 1287 2875 ad
1310 2813 1479 2894 eclipticam
1500 2820 1612 2886 rectus,
1635 2827 1697 2888 ergo

291 2985 295 2992 ι
365 2905 392 2967 si
424 2923 482 2964 non
515 2923 569 2983 per
600 2905 686 2984 polos
714 2903 830 2966 orbitae
857 2903 1044 2984 planetariae
1077 2903 1201 2978 transit,
1235 2903 1293 2964 erit
1325 2904 1365 2964 ad
1397 2903 1527 2965 orbitam
1560 2900 1696 2982 obliquus.
1782 2951 1784 2962 ,

344 2989 490 3076 ⁸Semper
513 2991 606 3072 igitur
628 2993 724 3074 major
748 3013 834 3054 arcus
859 3003 907 3054 est
930 2995 1007 3054 inter
1031 2995 1126 3054 locum
1148 2993 1290 3072 planetae
1313 2993 1343 3053 in
1367 3013 1423 3055 sua
1445 2991 1546 3054 orbita
1560 2999 1591 3054 et
1600 2991 1696 3052 nodum

363 3085 547 3161 propiorem,
571 3101 660 3161 quam
683 3083 760 3143 inter
783 3083 879 3144 locum
904 3083 969 3162 ejus
993 3082 1161 3162 eclipticum
1185 3090 1217 3144 et
1239 3081 1364 3144 eundem
1379 3083 1497 3146 nodum.
1528 3079 1697 3160 Oumigirur

364 3173 503 3250 planetas
536 3170 747 3246 observamus,
781 3191 838 3233 non
870 3172 951 3252 prius
982 3171 1067 3233 nobis
1091 3171 1304 3250 persuademus
1328 3180 1411 3234 certa
1435 3171 1628 3234 eorumloca
1649 3169 1695 3230 de-

363 3261 490 3336 finiisse,
522 3260 579 3321 nisi
613 3261 651 3322 ad
685 3260 854 3339 eclipticam
886 3279 937 3320 eos
962 3260 1167 3334 retulerimus3
1200 3260 1384 3336 indicantes,
1412 3261 1442 3342 ip
1467 3281 1524 3341 quo
1550 3257 1695 3339 eclipticae

271 3419 275 3428 ι
363 3358 473 3428 puncto
506 3349 675 3411 inveniatur
707 3350 836 3410 circulus
864 3349 1032 3411 latitudinis
1064 3368 1118 3429 per
1148 3368 1259 3430 corpus
1276 3349 1416 3430 planetae
1440 3350 1604 3412 transiens.
1646 3345 1696 3407 Est

363 3437 455 3516 igitur
479 3440 561 3499 locus
586 3439 741 3518 eclipticus
765 3436 803 3500 ob
826 3447 960 3500 nostram
985 3438 1155 3500 memoriam
1179 3447 1211 3501 et
1234 3448 1363 3518 captum.
1411 3436 1526 3504 Contra
1548 3458 1616 3501 cnm
1637 3436 1697 3516 pla·

364 3535 464 3587 netam
488 3527 517 3587 in
543 3547 598 3588 sua
620 3526 781 3608 hypothesi
803 3539 1019 3606 computamus,
1043 3546 1200 3590 ‚versamur
1222 3546 1281 3588 non
1305 3530 1335 3590 in
1358 3528 1508 3608 ecliptica,
1533 3528 1588 3591 sed
1603 3526 1697 3604 inipso

363 3615 504 3693 planetae
529 3615 648 3684 itinere,
682 3616 760 3695 quod
788 3624 837 3677 est
860 3617 898 3678 ad
922 3615 1091 3697 eclipticam
1114 3617 1300 3712 'melinatum
1347 3617 1391 3680 Ut
1412 3617 1504 3698 igitur
1528 3618 1696 3679 obseruatus

363 3705 446 3764 locus
474 3723 540 3766 cum
571 3713 744 3787 computato
767 3705 866 3786 possit
889 3706 1073 3784 comparari,
1097 3715 1217 3786 oportet
1240 3713 1292 3767 aut
1314 3707 1493 3788 prolongare
1518 3725 1632 3774 arcum,
1655 3699 1697 3782 qli

363 3799 411 3853 est
433 3793 511 3854 inter
535 3793 704 3872 eclipticum
728 3794 824 3855 locum
849 3804 879 3856 et
901 3794 1070 3874 propiorem
1094 3795 1219 3870 nodum,
1250 3803 1303 3856 aut
1327 3797 1484 3858 decurtare
1509 3815 1624 3868 arcum,
1653 3788 1697 3870 qui

362 3891 411 3942 est
433 3881 512 3944 inter
535 3899 641 3962 corpus
664 3882 806 3962 planetae
829 3892 861 3946 et
890 3885 1014 3945 eundem
1045 3883 1167 3959 nodum,
1200 3891 1234 3946 ut
1261 3903 1298 3946 ex
1321 3884 1372 3946 illo
1396 3885 1449 3946 fiat
1472 3886 1556 3948 locus
1579 3881 1697 3948 orbius

363 3989 401 4032 ex
424 3973 479 4034 hoc
502 3973 585 4034 locus
609 3971 776 4052 eclipticus.
822 3973 858 4035 Id
878 3981 978 4035 autem
993 3972 1027 4034 ht
1040 3971 1087 4032 vel
1102 3973 1240 4034 addendo
1254 3975 1302 4035 vel
1315 3972 1482 4043 minuendo,
1506 3981 1597 4054 prout
1611 3969 1697 4032 nodus

360 4060 458 4123 locum
480 4061 622 4140 planetae
645 4062 695 4123 vel
719 4062 918 4124 antecesserit
942 4063 989 4123 vel
1013 4067 1133 4123 secutus
1158 4061 1255 4125 fuerit.
1320 4070 1326 4084 '

448 4151 535 4212 Hanc
559 4169 660 4212 curam
683 4151 930 4214 Ptolemaeus
953 4151 1033 4213 circa
1056 4150 1194 4229 planetas
1209 4169 1267 4212 non
1283 4151 1400 4212 censuit
1409 4169 1476 4214 esse
1487 4147 1696 4214 necessariam:

360 4237 593 4319 Ooperuicus
621 4239 650 4300 in
674 4241 760 4301 Luna
783 4261 840 4303 non
865 4241 1015 4321 neglexit:
1044 4237 1163 4323 Tycha
1187 4239 1308 4302 Brahe
1336 4239 1516 4304 subtilitatis
1531 4225 1635 4303 'causa
1654 4235 1696 4297 di·

360 4329 489 4410 ligenter
512 4335 562 4389 est
584 4329 748 4408 amplexus.

450 4415 639 4480 Ceterum
662 4418 692 4477 in
716 4417 773 4478 hac
792 4417 857 4498 jam
881 4415 1016 4478 adhibita
1039 4416 1210 4479 reductione
1233 4416 1292 4478 'duo
1311 4416 1406 4479 habeo
1431 4436 1507 4498 quae
1526 4416 1695 4488 desiderem,

360 4525 483 4587 quorum
505 4515 661 4586 utrumque
685 4506 790 4566 eodem
813 4506 936 4568 elencho
960 4513 991 4567 et
1014 4506 1166 4568 schemate
1194 4521 1333 4586 coarguo.

451 4593 501 4658 Sit
524 4597 554 4657 A
582 4601 649 4668 (lig.
667 4599 715 4664 62)
739 4595 822 4656 locus
844 4593 914 4654 nodi
938 4595 992 4656 sub
1016 4595 1097 4671 fixis,
1122 4595 1179 4658 AB
1202 4613 1290 4658 arcus
1320 4595 1494 4676 eclipticas:
1528 4594 1612 4677 eique
1635 4599 1695 4656 sta-

363 4689 467 4747 tuatur
490 4683 626 4764 aequalis
650 4702 737 4746 arcus
760 4681 818 4746 Ac
842 4690 873 4743 et
895 4681 950 4745 auh
975 4681 1000 4746 0
1024 4685 1161 4746 videatur
1182 4683 1315 4763 planeta
1353 4685 1488 4748 Ducatur
1509 4684 1601 4748 etiam
1624 4677 1695 4746 exC

362 4792 448 4834 arcus
472 4771 728 4853 perpendicularis
751 4771 781 4834 in
804 4771 983 4854 eclipticam,
1006 4773 1056 4854 qni
1079 4772 1119 4834 sit
1142 4771 1205 4836 GE.

451 4861 581 4922 Primum
605 4857 696 4938 igitur
718 4867 836 4923 veteres
859 4867 1011 4941 putarunt,
1035 4855 1144 4924 cumE
1168 4859 1209 4922 sit
1230 4857 1313 4924 locus
1338 4857 1493 4944 eclipticus
1516 4867 1547 4923 et
1570 4855 1596 4925 C
1619 4857 1695 4922 locus
