3680 5538
339 301 404 371 442
813 300 853 357 Da
870 298 978 358 noete·
997 298 1091 358 Stellae
1108 301 1205 358 llartin

341 483 402 547 rint
423 491 486 549 tres
506 486 613 548 stallae
634 485 664 547 iu
685 485 781 548 torma
793 483 944 565 trianguli,
967 486 1052 548 Mara
1067 492 1222 566 spectator
1241 485 1283 548 ait
1299 483 1330 547 iu
1345 479 1444 547 madio
1455 502 1566 559 earum,
1584 491 1622 562 ⁴et
1640 483 1683 548 aio

339 576 504 657 appoaitna
515 577 622 658 fueret
643 573 763 639 boreali
778 575 885 658 soordi
907 573 1043 654 Seorpii;
1067 575 1166 637 iactus
1185 575 1321 636 nimirum
1335 574 1428 636 fuerit
1439 593 1500 636 uua
1512 591 1550 634 ex
1564 592 1684 636 numero

340 682 451 738 earnm,
475 683 551 746 quae
575 665 694 727 suntin
718 663 832 726 boreali
855 671 941 743 parte
966 663 1074 726 frontis
1098 662 1222 744 Scorpii.
1262 663 1313 724 Ad
1335 662 1414 726 hano
1438 663 1515 724 euim
1533 662 1683 744 iuterpre-

339 753 485 815 tationem
508 754 581 816 fauit
603 761 635 816 et
656 753 722 829 hoo,
747 753 825 834 quod
850 771 906 814 uon
930 752 1008 815 dixit
1026 753 1200 816 obaervatdr
1218 749 1340 817 boreali
1355 753 1479 836 frantia
1496 751 1550 814 sed
1564 749 1686 816 boreali

333 843 450 926 fronti,
475 843 554 923 quud
576 861 634 904 nou
658 851 747 905 sonat
772 843 808 904 de
831 861 891 904 una
914 841 1059 922 singulari
1081 842 1180 919 stello,
1206 842 1259 906 aed
1283 842 1320 904 de
1343 849 1429 922 parte
1443 841 1685 904 constellationis

339 931 484 1012 integrae.

427 1020 512 1084 Nihil
539 1021 630 1101 igitur
650 1022 761 1101 Juvaut
782 1037 837 1082 nor
860 1020 918 1082 hae
942 1020 1019 1082 duae
1042 1019 1182 1101 antiquae
1206 1020 1432 1083 obseruationes
1456 1020 1495 1082 ad
1518 1019 1685 1082 aestiman-
1769 1059 1771 1062 -

340 1111 410 1173 dam
443 1110 492 1172 val
519 1109 707 1172 latitudinem
731 1109 781 1172 vel
804 1107 916 1172 orbium
940 1109 1163 1190 proportionem
1185 1107 1266 1172 illius
1289 1109 1444 1192 temporis.
1488 1109 1595 1190 Itaque
1619 1127 1686 1171 oum

342 1198 418 1264 nihil
440 1219 496 1262 noe
519 1199 683 1280 impediant
707 1197 933 1261 observationes
957 1198 1134 1275 contrariae,
1159 1198 1313 1266 confirmet
1329 1217 1401 1260 vero
1425 1217 1480 1262 noa
1503 1216 1617 1261 summa
1642 1197 1686 1260 rei

342 1288 588 1363 verisimilitudo,
621 1288 847 1362 concludamus,
876 1288 1006 1351 eandem
1039 1305 1106 1350 eoae
1139 1296 1171 1350 et
1199 1287 1288 1350 hodie
1315 1288 1537 1368 proportionem
1561 1286 1686 1358 orbium.

343 1397 419 1460 quae
443 1379 502 1442 luit
525 1379 607 1454 olim,
630 1377 806 1441 latitudines
828 1396 900 1440 vero
922 1379 1069 1441 maximae
1098 1375 1232 1441 nonnihil
1253 1375 1342 1440 hodie
1365 1397 1434 1440 ease
1455 1377 1641 1440 immutatae.
