3678 5532
309 303 374 376 tes
789 307 829 364 ne
849 256 1173 365 ressuscitante,

309 507 465 572 possemus
487 489 617 564 edicere,
639 488 721 550 illum
745 488 842 570 ipsum
866 509 951 568 esse,
989 511 1075 573 quem
1106 491 1155 553 hic
1179 489 1366 570 quaerimus:
1392 492 1499 573 quippe
1522 499 1593 555 tuuc
1612 487 1654 554 'de

312 579 447 641 omnibus
461 579 592 660 planetis
611 597 712 640 verum
733 597 800 642 esse
819 589 933 660 posset,
950 583 1044 643 nodos
1061 577 1111 663 (ut
1124 580 1194 640 hic
1186 599 1215 640 ιιι
1227 579 1355 642 Telluris
1370 577 1557 656 circuitibus)
1572 600 1657 643 ccm-

311 677 415 748 petere
438 669 467 728 iu
493 669 632 747 apsidas:
664 667 766 748 itaque
794 681 950 750 utramque
974 671 1171 740 varietatem,
1193 676 1227 729 st
1250 669 1515 733 ecceutricitatis
1507 691 1535 733 ιιι
1561 671 1656 732 ultum

312 765 344 818 et
377 747 605 837 olfiquitatis
597 777 626 818 ιιι
660 756 772 832 latum,
810 759 848 820 ab
881 760 985 821 eadem
1024 759 1170 820 diametro
1203 757 1337 820 vittuosa
1360 759 1452 833 ellici;
1485 779 1542 839 quo
1565 769 1658 840 pacto
1697 785 1701 796 ·

311 846 430 926 maguis
464 846 705 917 difficultatibus,
736 865 811 926 quae
843 848 928 910 nobis
953 866 1019 927 cap.
1044 846 1158 909 LXIII.
1183 845 1307 910 relictae
1331 855 1418 920 sunt,
1388 848 1656 910 tliberaremur.

310 935 352 996 Et
376 935 494 1015 quidem
517 954 654 1015 apogaea
677 933 775 1009 Solis,
804 936 930 1012 Martis,
963 935 1064 1008 Jovis,
1097 934 1219 998 Saturni
1243 934 1434 998 consentiunt
1456 938 1657 1000 mediocriter.

312 1021 450 1085 Omnium
475 1025 552 1086 enim
578 1023 665 1084 trium
689 1025 871 1103 superiorum
897 1025 1017 1104 aphelia
1040 1033 1109 1086 sunt
1132 1023 1162 1084 iu
1186 1023 1290 1086 eodem
1314 1025 1499 1090 semicirculo
1519 1035 1550 1088 et
1570 1027 1660 1089 simul

262 1117 265 1132 '
312 1113 342 1174 in
367 1113 472 1174 eadem
495 1114 587 1192 plaga
610 1112 833 1190 septentrionls.
880 1113 1018 1194 Itaque
1011 1132 1039 1173 ιιι
1064 1112 1157 1174 Libra
1180 1125 1262 1174 esset
1285 1133 1374 1175 verae
1400 1116 1556 1196 eclipticas
1570 1117 1659 1178 limes

312 1203 473 1277 austrinus,
499 1210 529 1263 et
552 1201 692 1262 boreus
682 1218 713 1266 ιιι
730 1202 857 1276 Ariete,
883 1203 960 1282 quod
984 1203 1120 1306 congruit
1143 1203 1353 1281 superioribus.

402 1290 464 1354 Sed
489 1289 652 1352 differenda
675 1299 723 1352 est
745 1291 882 1371 plenaria
904 1291 992 1372 hujus
1015 1293 1058 1352 rei
1082 1290 1294 1366 consideratio,
1317 1311 1411 1373 usque
1436 1295 1504 1356 dum
1528 1293 1659 1354 omnium

311 1381 502 1461 planetarum
525 1385 625 1442 motus
649 1380 688 1440 sd
711 1398 813 1442 veram
836 1387 868 1441 et
889 1380 976 1441 nobis
999 1380 1150 1482 cognitam
1173 1380 1340 1460 ecliptlcam
1356 1382 1518 1444 examinati
1536 1382 1658 1444 fuerint.

402 1469 496 1530 Porro
520 1467 588 1530 huic
613 1469 743 1547 opinioni
765 1469 802 1529 de
827 1469 940 1530 latente
964 1469 1064 1548 aliquo
1087 1469 1169 1548 regio
1194 1469 1313 1544 circulo,
1340 1489 1376 1531 ex
1395 1471 1468 1534 Sole
1491 1471 1569 1533 iuter
1583 1471 1660 1532 fixas

314 1565 503 1638 propagato,
536 1555 737 1618 testimonium
769 1559 895 1638 praebet
931 1557 998 1636 ipsa
1029 1557 1118 1618 etiam
1147 1559 1235 1636 vulgo
1258 1561 1373 1620 usitata
1395 1557 1559 1640 obliquitas
1582 1561 1659 1621 scli-

313 1645 426 1726 pticae,
450 1665 524 1726 quae
549 1647 586 1708 ab
606 1655 768 1726 aequatore
793 1654 1001 1726 computatur:
1035 1665 1121 1727 quam
1144 1645 1256 1708 rectius
1280 1648 1446 1712 diceremus
1470 1649 1660 1711 latitudinem

316 1737 489 1815 aequaberis
523 1733 560 1796 ab
592 1737 741 1816 ecliptica.
796 1736 855 1798 Eat
887 1745 985 1798 autem
1019 1744 1163 1816 aequatur
1196 1737 1323 1798 circulus
1352 1740 1500 1800 maximus
1524 1738 1660 1818 corporis

315 1825 456 1900 Telluris,
481 1825 595 1885 medius
619 1825 805 1904 interpolas
828 1825 1030 1886 conversionis
1054 1825 1177 1886 diurnae
1197 1825 1326 1887 Telluris
1351 1827 1432 1889 circa
1454 1845 1539 1888 axem
1563 1846 1659 1889 suum.

314 1915 358 1978 Et
390 1914 534 1976 tribuitur
570 1915 649 1976 idem
687 1915 858 1995 sequuturis
891 1933 943 1975 seu
974 1912 1200 1994 aequinoctialis
1229 1933 1334 1976 nomen
1366 1917 1457 1977 etiam
1480 1916 1525 1978 illi
1548 1917 1660 1978 tractui

316 2002 464 2084 sphaerae
487 2004 627 2077 fixarum,
655 2003 704 2083 qui
734 2003 867 2083 quolibet
890 2003 992 2064 seculo
1015 2002 1170 2083 aequaturi
1192 2004 1340 2065 Terrestri
1365 2013 1528 2084 superstat.
1574 2006 1660 2067 Idem

314 2094 453 2178 pqlornm
477 2111 583 2154 nomeu
607 2091 726 2172 punctis
749 2093 873 2154 fixarum
896 2092 944 2165 iis,
967 2111 1045 2173 quae
1066 2091 1144 2172 polis
1159 2091 1288 2154 Telluris
1310 2094 1413 2173 quovis
1433 2094 1534 2156 seculo
1550 2111 1659 2174 super·

314 2189 406 2245 stent.
456 2182 514 2244 Hic
551 2181 642 2262 igitur
673 2180 740 2242 axis
773 2188 804 2242 et
835 2181 964 2242 circulus
991 2181 1137 2242 maximus
1174 2179 1333 2243 inclinatus
1358 2190 1406 2244 est
1428 2184 1466 2244 ad
1489 2183 1660 2263 eclipticam

314 2271 383 2333 aliis
406 2271 519 2332 seculis
544 2269 644 2331 aliter.
691 2268 812 2340 Quanto
835 2270 913 2330 enirn
935 2269 1024 2330 hodie
1047 2269 1144 2348 major
1166 2277 1214 2331 est
1235 2270 1326 2332 borea
1348 2271 1475 2334 latitudo
1489 2271 1614 2334 fixarum
1630 2273 1662 2334 in

316 2358 443 2433 Cancro,
464 2359 607 2420 australis
630 2359 659 2420 iu
682 2356 875 2438 Capricorno,
899 2365 984 2419 tanto
1008 2359 1103 2418 minor
1125 2365 1173 2419 est
1191 2360 1279 2421 hodie
1289 2360 1417 2422 latitudo
1434 2361 1605 2444 aequatoris
1621 2362 1660 2424 ab

316 2448 456 2529 ecliptica
488 2466 576 2528 quam
607 2447 690 2520 olim,
723 2446 793 2526 quia
821 2445 850 2506 in
876 2446 993 2509 Cancro
1026 2453 1058 2506 et
1088 2445 1271 2526 Capricorno
1309 2449 1470 2529 obliquitas
1504 2452 1580 2512 haec
1612 2459 1662 2512 est

316 2535 457 2600 maxima.
504 2533 584 2597 Olim
609 2534 725 2616 quidem
749 2544 817 2596 erat
839 2530 900 2597 23⁰
928 2529 1045 2616 51¹l‘:
1076 2535 1164 2597 hodie
1188 2545 1235 2598 est
1257 2533 1319 2600 23⁰
1347 2533 1459 2624 31¹),
1436 2543 1444 2574 ‘
1492 2540 1664 2602 differentia

317 2623 384 2702 20⁴,
409 2633 520 2706 quauta
543 2632 591 2686 est
613 2632 644 2685 et
665 2625 791 2686 mutatio
815 2623 980 2685 latitudinis
1003 2625 1136 2686 lixarum

409 2713 468 2776 Est
491 2721 590 2775 autem
614 2723 858 2782 cousentaneum,
884 2713 1025 2775 circulum
1052 2713 1256 2796 aequaturium
1280 2733 1345 2777 cum
1368 2728 1424 2777 axe
1455 2735 1508 2778 suc
1531 2724 1562 2779 et
1584 2715 1663 2798 polis

317 2810 461 2905 perpetuo
485 2801 603 2883 aequali
627 2809 658 2863 et
680 2801 738 2864 fixo
762 2802 861 2882 spatio
885 2802 1100 2864 declinaturum
1133 2801 1226 2864 fuisse
1249 2824 1268 2864 a
1289 2805 1368 2885 polis
1392 2805 1548 2886 eclipticas
1571 2805 1662 2886 hujus

317 2893 388 2968 HK,
412 2911 440 2963 su
463 2893 603 2972 ecliptica
625 2909 697 2952 vera
718 2892 895 2971 praecipuus
918 2900 1001 2953 esset
1023 2892 1151 2954 clrculns
1173 2893 1284 2955 mundi.
1332 2893 1410 2969 Quia
1428 2893 1505 2960 lero
1521 2895 1661 2976 ecliptica

316 2987 442 3048 mutata.
467 2979 554 3060 hujus
577 2979 667 3042 etiam
692 2982 759 3041 axis
784 2982 830 3052 (et
852 2979 911 3041 und
934 2979 1114 3068 aequamus,
1140 2981 1222 3060 cujus
1246 2990 1294 3043 est
1317 2983 1374 3044 iste
1397 2983 1478 3058 auis)
1502 2983 1660 3046 Inclinatio

317 3071 357 3133 ad
381 3069 549 3149 ecIIpticam
572 3071 690 3131 variata
713 3077 776 3142 est,
809 3077 1005 3158 utiquantum
1034 3069 1175 3148 ecliptica
1198 3089 1216 3130 a
1239 3071 1305 3135 uxta
1327 3071 1357 3132 in
1382 3069 1500 3135 Cancro
1523 3075 1661 3146 recessit,

316 3168 435 3222 tanturn
464 3161 503 3221 ad
526 3167 717 3241 aequatorem
742 3158 924 3232 accesserit;
952 3159 1043 3238 igitur
1066 3166 1209 3239 aequatur
1231 3160 1270 3220 ad
1295 3159 1385 3223 aliurn
1408 3161 1537 3244 aquuem
1560 3162 1661 3224 circu-

316 3249 379 3312 lum
402 3248 519 3310 videtur
536 3249 614 3310 tueri
628 3247 850 3310 inclinationem
867 3255 1064 3309 constantem.
1099 3249 1244 3326 Magnam
1262 3247 1354 3328 igitur
1372 3270 1500 3325 causam,
1521 3269 1661 3332 maguam

319 3334 496 3418 dIguitatem
528 3337 616 3417 hujus
649 3337 729 3398 caeci
752 3335 857 3398 circuli
889 3354 955 3398 esse
986 3343 1112 3416 oportet.
1157 3337 1274 3417 Itaque.
1295 3339 1430 3400 omnibus
1453 3339 1661 3402 verisirnilitu-

318 3427 437 3489 dinibus
460 3425 614 3506 consurgit
636 3425 723 3488 uobis
745 3425 875 3487 circulus
898 3425 1006 3505 aliquis
1022 3425 1122 3526 regius
1136 3423 1227 3486 LOM
1241 3426 1356 3488 medius
1375 3429 1453 3490 iuter
1469 3429 1661 3509 planetarum

319 3515 457 3590 circulos,
482 3514 520 3576 ad
543 3533 628 3596 quem
653 3533 755 3576 omnes
778 3513 881 3594 planet
883 3533 917 3574 ae
942 3525 972 3574 et
995 3514 1096 3575 hiet
1066 3512 1156 3575 etiam
1174 3515 1260 3575 Mars
1289 3523 1408 3578 tueatur
1436 3517 1661 3580 Inclinationem

318 3611 515 3667 constantem.
561 3603 625 3665 Nec
649 3604 737 3665 debet
759 3623 814 3664 nos
838 3603 958 3664 turbare
976 3604 1080 3664 Lunae
1103 3603 1278 3682 exemplum,
1302 3605 1387 3685 cujus
1407 3610 1456 3666 est
1475 3607 1513 3668 ad
1537 3607 1660 3688 eclipti-

318 3711 396 3767 cam,
434 3711 493 3754 non
520 3711 591 3753 vero
622 3693 661 3754 ad
690 3692 781 3754 aliurn
811 3691 940 3771 aliquem
972 3691 1113 3753 circulum
1133 3691 1316 3768 maximum,
1348 3702 1379 3755 et
1411 3687 1482 3756 olim
1505 3703 1537 3756 et
1558 3695 1659 3770 hodie,

317 3779 504 3886 transposita
527 3781 674 3863 ecliptica,
699 3788 841 3843 constans
865 3779 1019 3840 incIInatio
1043 3774 1091 3842 5⁰.
1138 3781 1220 3842 Inter
1234 3781 1348 3845 Lunam
1373 3783 1451 3844 enirn
1471 3792 1502 3845 et
1516 3784 1659 3864 planetas

318 3880 436 3936 ceteros
459 3871 564 3950 ingens
588 3879 635 3932 est
658 3869 826 3932 discrimen.
866 3866 968 3931 Ceteri
991 3869 1079 3931 orbes
1103 3877 1171 3931 cent
1172 3888 1235 3931 rum
1251 3871 1352 3934 mundi
1368 3873 1525 3948 ambeuut;
1549 3873 1657 3935 Lunae

319 3961 400 4024 orbis
433 3960 515 4022 solus
544 3962 592 4032 (ut
620 3979 722 4022 crasse
750 3959 869 4041 loquar)
893 3965 941 4019 est
965 3965 1050 4019 extra
1072 3967 1205 4021 centrum
1229 3967 1260 4020 et
1282 3968 1505 4042 transportatur
1529 3962 1566 4024 de
1590 3963 1658 4025 loco

317 4053 347 4113 in
373 4053 478 4113 locum.
525 4049 574 4111 Illi
597 4048 792 4111 communiter
816 4047 916 4110 Solem
941 4045 1131 4122 circumeunt,
1154 4049 1242 4109 Luna
1264 4049 1425 4112 Tellurem.
1463 4052 1587 4114 Illorum
1607 4070 1660 4114 ec-

318 4140 523 4202 centricitates
545 4145 685 4218 totaeque
709 4135 842 4200 theoriae
866 4135 1115 4215 longitudIniset
1137 4137 1306 4200 latitudinis
1330 4159 1348 4200 a
1371 4140 1442 4203 Sole
1466 4145 1668 4220 consurgunt'

319 4229 423 4292 Lunae
447 4249 466 4290 a
488 4227 607 4290 Tellure
631 4226 743 4288 mobili.
790 4227 864 4288 Illos
888 4225 943 4288 Sol
965 4225 995 4285 in
1019 4223 1160 4287 clrculum
1183 4227 1272 4306 rapit,
1296 4227 1411 4290 Lunam
1426 4230 1539 4292 Tellus.
1578 4229 1659 4300 Quid

312 4319 426 4381 ‘mirum
461 4317 569 4398 igitur,
600 4315 626 4378 si
650 4317 736 4377 Luna
759 4313 948 4376 latitudinum
972 4332 1091 4376 suarum
1116 4313 1227 4377 limites
1250 4317 1288 4377 ad
1311 4317 1479 4398 eclipticam
1503 4319 1660 4381 luxatilem

320 4407 391 4483 HK,
416 4406 470 4470 sub
494 4425 552 4486 qua
572 4399 703 4467 Telluris
727 4410 774 4466 est
797 4403 935 4477 circulus,
959 4411 1133 4464 constantes
1147 4411 1256 4480 tuetur,
1281 4409 1388 4466 ceteris
1407 4407 1538 4487 planetis
1556 4407 1604 4470 hic
1620 4407 1660 4468 ed

321 4499 410 4558 aliurn
434 4496 564 4576 aliquem
587 4493 727 4556 circulum
746 4491 962 4567 invariabilem,
986 4501 1020 4553 ut
1037 4490 1151 4566 LCIM,
1175 4491 1424 4573 respicientibus?
1465 4497 1569 4577 ltaque
1585 4496 1658 4558 nibil

321 4577 485 4648 n'os³'Luna
507 4584 598 4645 debet
619 4581 771 4663 impedire.
796 4601 852 4663 quo
875 4579 971 4642 minus
994 4580 1051 4642 hoc
1075 4581 1240 4658 credamus
1325 4590 1334 4614 ⁸

408 4673 475 4737 Hoc
512 4673 603 4753 igitur
632 4679 773 4753 recepto,
809 4669 919 4731 Martis
950 4667 1077 4731 orbitam
1101 4677 1271 4732 constanter
1293 4669 1431 4733 inclinari
1454 4673 1493 4734 ad
1516 4673 1659 4736 circulum

321 4762 449 4847 aliquem
478 4759 532 4823 sub
556 4763 661 4825 iisdem
685 4779 801 4842 semper
824 4757 901 4820 lixis
915 4766 1113 4832 constantem,
1136 4763 1170 4820 ut
1192 4757 1312 4834 LOIM,
1349 4759 1500 4840 seqnitur,
1533 4763 1660 4824 eandem

320 4853 432 4928 Mettis
455 4845 584 4918 orbitam
606 4851 674 4916 aliis
698 4847 807 4913 seculis
831 4848 919 4910 aliter
941 4846 1078 4909 inclinari
1101 4845 1140 4908 ad
1162 4847 1330 4929 eclipticam
1351 4847 1420 4925 HK,
1444 4857 1478 4913 ut
1500 4870 1574 4932 quae
1598 4851 1658 4916 ali-
