3582 5558
273 237 277 244 Ι
324 263 389 346 130
740 249 839 316 Liberae
856 260 959 328 Kepleri
976 259 1125 329 aliorumque
1143 265 1245 316 mutuae

319 453 443 521 stratur,
462 444 527 527 ipse
542 442 661 506 circulis
675 442 833 523 exprimat.
871 443 937 506 Tua
952 442 1029 506 enim
1045 443 1120 504 haec
1135 439 1257 508 libratio
1275 439 1457 524 mechanicis
1474 438 1672 524 opportunis-

319 539 396 602 sima
414 542 470 610 est,
497 553 640 598 eumuna
661 531 762 594 fidelia
781 533 838 595 duo
852 533 984 612 parietes
1008 531 1137 594 dealbat.
1177 530 1258 604 Quid
1280 531 1397 628 igitup?
1433 533 1514 598 Num
1529 534 1672 598 deseram

318 626 435 690 infinita
447 643 516 688 mea
531 629 700 686 commenta
722 639 812 702 super
835 621 934 684 causis
953 621 1099 704 physicis,
1122 627 1262 684 naturam
1280 619 1432 684 coelorum
1455 643 1474 683 a
1495 621 1554 688 mei
1572 619 1674 684 trian-

317 715 380 796 guli
411 733 482 777 area
512 714 551 774 ad
583 718 652 774 tuas
674 710 851 775 libratioues
883 711 1049 784 traducam,
1073 710 1243 786 affirmans,
1275 719 1359 775 tuam
1390 711 1571 794 hypothesin
1604 730 1674 774 esse

317 803 477 883 genuinam
500 810 531 865 et
553 801 731 865 rationalem
754 809 931 882 propterea,
955 799 1032 881 quod
1057 799 1200 880 simplex,
1225 818 1320 862 meam
1344 801 1446 862 fictam
1468 807 1500 864 et
1521 821 1540 862 a
1562 807 1676 864 natura

318 893 457 968 alienam,
480 899 640 974 propterca
661 890 741 970 quod
758 909 831 952 area
847 889 991 970 trianguli
1014 889 1136 952 metitur
1150 896 1297 970 tempora,
1321 890 1449 970 angulus
1471 909 1542 952 vero
1557 907 1676 971 aequa-

318 983 431 1046 tionem
456 979 612 1062 optieam?
657 980 725 1042 Non
749 978 870 1054 faciam,
893 999 954 1042 nou
976 979 1055 1040 enirn
1077 979 1134 1041 hoc
1157 986 1242 1042 esset
1263 978 1481 1061 philosophari.
1523 979 1675 1044 Gratulor

317 1072 390 1134 mihi
412 1071 529 1152 potius,
560 1076 643 1131 tuam
671 1068 748 1131 hanc
781 1068 970 1132 librationem
1002 1069 1148 1131 hactenus
1181 1067 1355 1144 delituisse,
1389 1069 1486 1153 quoad
1510 1069 1546 1131 de
1571 1067 1675 1132 causis

315 1161 450 1242 physicis
473 1179 522 1222 res
537 1159 695 1240 explorata
716 1165 780 1220 esc
811 1159 891 1222 Nam
914 1159 1012 1222 fateor
1033 1159 1173 1238 ingenue,
1197 1157 1223 1220 si
1246 1165 1279 1221 tu
1301 1158 1514 1239 praevenisses
1536 1157 1596 1220 hac
1620 1166 1675 1220 tua

318 1251 414 1314 forma
436 1248 594 1311 libratoria
607 1266 705 1310 meam
727 1246 894 1329 physicam,
915 1247 1119 1330 ,vidissemque
1135 1247 1200 1328 ejus
1214 1265 1393 1310 consensum
1408 1267 1475 1310 cum
1491 1247 1676 1322 observatis,

316 1359 363 1403 me
386 1356 535 1420 nunquam
558 1335 588 1399 in
612 1356 721 1400 causas
743 1343 876 1408 motuum
896 1335 1066 1400 iucasnrnm
1081 1337 1184 1400 fuisse.
1222 1336 1303 1399 Nam
1316 1337 1383 1418 quis
1398 1356 1521 1418 quaeso,
1545 1337 1676 1400 versans

317 1426 615 1490 animolibrationes
639 1445 749 1508 easque
773 1426 879 1489 videns
902 1426 1071 1490 consentire
1095 1425 1280 1500 observatis,
1304 1426 1386 1506 quis,
1420 1426 1555 1509 inquam,
1590 1425 1676 1488 aliud

318 1516 466 1597 suscipiat
488 1515 700 1597 indagandum,
724 1535 813 1597 quam
837 1536 958 1578 causam
981 1517 1070 1598 hujus
1092 1513 1273 1591 librationis,
1298 1516 1384 1596 qnasi
1407 1514 1565 1586 verissime
1590 1515 1676 1576 acci-

318 1605 427 1668 deret?
474 1604 550 1677 Qnis
573 1624 632 1667 non
665 1605 735 1668 hinc
764 1604 821 1668 sibi
852 1605 1063 1668 adamantinos
1096 1603 1281 1668 eceentricos
1303 1605 1360 1668 DE
1393 1613 1424 1668 et
1452 1603 1512 1668 GH
1539 1623 1677 1686 auresque

319 1692 502 1757 fortissimos
517 1695 576 1758 AD
592 1702 624 1756 et
636 1694 697 1758 AG
712 1695 918 1777 persuadeat?
956 1695 1033 1769 Quis
1055 1703 1151 1776 putet,
1176 1693 1239 1756 ista
1261 1695 1361 1756 omnia
1375 1691 1456 1758 ellici
1467 1713 1559 1775 posse
1576 1694 1678 1756 forma

317 1782 525 1858 diversissima
538 1783 699 1846 virtutibus
713 1785 912 1864 magneticis?
936 1785 1042 1866 Itaque
1054 1783 1238 1864 complector
1251 1783 1350 1845 animo
1361 1783 1512 1864 ingentem
1526 1782 1678 1858 dolorem,

317 1874 367 1956 qui
389 1871 463 1934 mihi
486 1873 595 1936 fnisset
619 1874 750 1936 oriturus
774 1894 863 1956 super
885 1873 1053 1938 miserrimo
1076 1874 1194 1948 labore,
1227 1871 1396 1954 inquirendi
1419 1892 1529 1936 causas
1560 1892 1677 1958 rerum,

317 1981 393 2046 quae
423 1982 482 2024 nou
511 1969 581 2024 suut
609 1963 760 2027 inrerum
783 1974 906 2038 natura,
941 1965 994 2028 sed
1023 1964 1162 2026 videntur
1190 1981 1273 2037 esse,
1306 1962 1499 2025 librationum
1532 1960 1679 2028 nimirum

318 2051 478 2115 eceentrici
509 2052 632 2134 ejusque
660 2054 800 2115 diametri
831 2055 908 2116 fixae
940 2055 970 2117 in
999 2073 1122 2135 corpore
1146 2051 1245 2127 Solis,
1278 2071 1313 2114 ac
1342 2053 1368 2114 si
1395 2051 1463 2134 quis
1492 2052 1612 2132 clavum
1645 2052 1681 2116 iu

315 2141 463 2223 parietem
494 2140 656 2222 impactum
680 2143 795 2206 crebris
824 2144 864 2205 ad
895 2141 993 2206 latera
1016 2140 1256 2206 contorsionibus
1281 2149 1312 2203 et
1340 2141 1558 2206 retorsionibns
1592 2143 1680 2204 nite-

284 2289 286 2296 .
317 2238 400 2294 retur
431 2229 572 2292 evellere.
617 2231 662 2294 At
694 2232 788 2296 eheu!
822 2251 881 2294 uon
913 2241 1003 2296 vacat
1035 2232 1189 2312 indulgere
1219 2229 1333 2293 doloris
1365 2228 1590 2312 imaginationi,
1624 2232 1681 2314 qui

316 2327 498 2402 praeventus
521 2327 553 2382 et
575 2319 744 2384 declinatus
762 2320 827 2401 jam
851 2330 916 2384 est:
942 2341 1031 2386 verus
1051 2329 1101 2384 me
1124 2321 1210 2382 dolor
1233 2318 1358 2402 corripit
1381 2339 1471 2401 super
1493 2319 1678 2401 impenden-

316 2410 408 2485 tibus,
431 2428 487 2491 pro
503 2429 539 2471 eo
556 2428 613 2490 quo
629 2409 685 2472 tibi
708 2411 919 2490 gratulandum
943 2421 1017 2474 erat.
1056 2412 1168 2475 Natam
1183 2409 1229 2472 ais
1251 2409 1307 2471 tibi
1330 2409 1432 2472 filiam'
1445 2429 1484 2472 ex
1505 2410 1680 2490 geometria

316 2498 437 2562 matre?
474 2497 562 2559 Vidi:
588 2498 714 2578 pulchra
734 2507 791 2576 est,
817 2508 850 2563 at
872 2503 1016 2564 meretrix
1031 2501 1165 2582 pessima
1188 2501 1288 2562 lutura
1311 2507 1368 2574 est,
1381 2497 1560 2586 'abductura
1582 2519 1680 2580 quam

318 2586 455 2669 plurimis
479 2585 555 2648 meis
578 2587 696 2650 filiabus
726 2609 763 2650 ex
786 2598 882 2652 matre
905 2590 1033 2672 physica
1056 2589 1205 2670 susceptis
1236 2587 1363 2651 maritos
1393 2608 1474 2651 suos
1522 2588 1682 2652 'l'radueet

317 2684 370 2741 tua
392 2675 570 2758 hypothesis
592 2677 631 2738 ad
655 2697 688 2738 se
712 2677 841 2740 lectores
861 2687 893 2742 et
913 2680 1120 2761 philosophos,
1144 2677 1229 2740 dabit
1244 2677 1355 2757 effugia
1376 2676 1513 2740 hostibus
1528 2677 1680 2761 physicae

318 2763 471 2840 coelestis,
494 2765 632 2846 patronis
646 2766 795 2843 inscitiae,
819 2769 994 2832 architectis
1018 2769 1182 2832 solidorum
1196 2765 1321 2842 orbium,
1344 2766 1529 2854 mechanicis
1548 2767 1680 2844 crassis,

317 2854 425 2937 quibus
448 2873 481 2918 se
503 2853 655 2917 redimant
677 2876 693 2916 e
717 2856 845 2920 vinculis
868 2858 1154 2920 demonstrationum
1184 2875 1317 2918 mearum
1339 2856 1551 2939 physicarum,
1586 2857 1680 2939 inque

308 2944 488 3018 libertatem
503 2943 586 3008 Deos
605 2943 772 3008 fabricandi
788 2965 856 3008 sese
871 2947 1025 3028 recipient.
1056 2947 1216 3012 Redibitur
1232 2944 1269 3006 ad
1291 2945 1518 3026 intelligentias,
1538 2946 1679 3030 duaeque

317 3032 545 3098 collocabuntur
577 3031 616 3094 ad
639 3035 715 3098 duos
746 3035 874 3100 circulos
902 3037 983 3100 circa
1006 3045 1139 3112 centrum
1171 3039 1215 3110 B,
1247 3033 1353 3116 quihus
1377 3033 1526 3098 efficiatur
1555 3036 1678 3102 isthaec

317 3122 449 3186 libratio.

405 3213 510 3294 Neque
533 3219 635 3275 tamen
659 3213 724 3275 sine
745 3213 887 3278 molestia
909 3213 993 3276 illam
1017 3215 1191 3277 adolescere
1214 3212 1323 3296 patiar.
1358 3211 1492 3276 Primum
1515 3213 1676 3291 fateberis,

316 3311 358 3377 te,
382 3308 543 3382 postquam
557 3302 701 3364 audivisti
716 3303 753 3364 de
777 3305 828 3366 via
841 3304 952 3370 Martis
974 3304 1063 3379 ovali,
1084 3303 1221 3386 coepisse
1237 3300 1371 3382 cogitare
1390 3303 1426 3365 de
1451 3302 1676 3368 librationibns.

317 3392 360 3454 Et
382 3397 453 3452 aute
477 3390 594 3470 aliquot
615 3391 734 3472 quidem
766 3413 860 3456 annos
891 3393 968 3470 hauc
990 3395 1121 3458 Martiae
1144 3393 1211 3454 viae
1242 3391 1479 3454 contractionem
1506 3391 1546 3454 ad
1572 3391 1680 3458 latera

317 3478 440 3542 nimiam
464 3500 483 3540 a
505 3498 553 3540 me
586 3481 782 3544 constitutam
806 3485 970 3563 coarguisti
1001 3503 1038 3545 ex
1060 3481 1329 3546 observationibus.
1376 3481 1483 3563 Itaque
1514 3500 1678 3548 excessum

318 3588 383 3632 cum
407 3567 657 3650 deprehenderis,
689 3589 753 3632 reru
782 3571 881 3652 ipsam
902 3580 988 3635 tanto
1012 3573 1124 3635 certius
1147 3571 1321 3652 complexus
1344 3590 1378 3633 es
1401 3569 1511 3635 auimo.
1557 3572 1703 3638 Postea,

318 3676 408 3738 quarn
423 3657 580 3718 emendavi
596 3677 652 3740 ego
666 3658 744 3721 istos
762 3660 917 3741 ingressus
933 3663 971 3724 ad
994 3663 1091 3724 latera
1105 3661 1251 3742 simulque
1270 3659 1417 3740 genuinas
1433 3680 1542 3724 causas
1559 3659 1677 3738 inveni,

316 3754 348 3808 tu
368 3764 495 3808 versans
511 3765 607 3808 meam
622 3748 802 3830 hypothesin
821 3770 940 3814 rursum
954 3770 1148 3832 prorsumque
1165 3757 1197 3819 et
1219 3769 1285 3812 cum
1300 3747 1561 3812 observationibus
1585 3769 1676 3814 com-

316 3854 439 3917 parans,
463 3841 593 3898 testatus
610 3856 653 3912 es,
678 3837 761 3900 illam
784 3840 971 3904 consentire:
998 3840 1094 3903 solam
1110 3859 1268 3916 causarum
1291 3837 1556 3902 incredibilitatem
1579 3859 1675 3922 aegre

316 3924 429 3997 tulisti,
454 3923 640 4009 circulosqne
664 3926 845 3992 desiderasti
869 3948 922 4010 pro
947 3929 1043 4004 areis,
1076 3921 1115 3990 ut‘
1133 3931 1228 3991 forma
1249 3925 1442 3991 Ptolemaios
1459 3927 1678 4010 hypothesium

316 4013 496 4096 persisteret
518 4014 685 4091 incolumis,
709 4018 806 4099 quoad
823 4019 887 4099 ejus
901 4020 966 4080 fieri
987 4025 1101 4099 posset.
1140 4019 1189 4082 Ex
1203 4016 1365 4100 hypothesi
1386 4016 1480 4097 igitur
1501 4036 1570 4080 mea
1587 4026 1676 4084 tuam

319 4104 501 4180 efformasti3
524 4113 635 4174 centro
666 4106 744 4168 enirn
775 4108 934 4170 eceentrici
956 4109 982 4171 B
1005 4109 1044 4170 ad
1066 4109 1147 4170 latus
1171 4109 1291 4170 detorto
1313 4125 1368 4187 per
1390 4105 1583 4170 librationem
1604 4110 1676 4186 BC,

316 4203 350 4256 ut
372 4200 650 4274 repraesentaretur
665 4198 832 4260 contractio
849 4197 966 4260 itineris
981 4197 1141 4278 planetarii
1157 4199 1252 4272 DFH,
1276 4195 1356 4278 quod
1370 4195 1457 4258 varie'
1468 4197 1533 4258 lieri
1556 4207 1676 4280 potest,

318 4283 425 4344 deinde
438 4301 494 4364 per
516 4283 572 4346 hoc
596 4293 730 4348 centrum
745 4285 770 4350 G
787 4295 818 4348 et
830 4306 885 4366 per
901 4305 1009 4367 corpus
1026 4286 1108 4350 Solis
1122 4287 1153 4352 A
1169 4287 1266 4368 ejecta
1281 4285 1361 4348 linea
1376 4284 1514 4365 apsidum
1529 4287 1598 4364 AC,
1615 4289 1674 4352 sub

317 4378 510 4452 conspectum
542 4374 626 4436 veuit
657 4375 784 4456 angulus
815 4375 919 4451 BAO,
953 4375 1078 4438 idoneus
1110 4376 1199 4438 alteri
1229 4375 1308 4455 parti
1340 4375 1547 4456 aequatieuis,
1580 4397 1672 4460 quam

318 4461 436 4524 sciebas
459 4481 507 4524 me
530 4481 584 4542 per
606 4463 749 4543 trianguli
770 4481 871 4525 aream
895 4465 1014 4527 salvare
1043 4465 1242 4548 cupiebasque
1266 4463 1356 4526 aliter
1379 4463 1538 4527 salvatam.
1585 4467 1674 4530 Haec

317 4549 418 4631 itaque
443 4551 537 4613 series
560 4552 742 4615 inventionis
765 4559 894 4614 testetur
918 4553 954 4614 de
978 4573 1076 4617 rerum
1099 4563 1215 4617 natura.
1262 4553 1358 4628 Mihi,
1390 4561 1424 4615 ut
1446 4554 1524 4630 dixi,
1551 4555 1673 4638 impos-

318 4638 405 4700 sibile
426 4641 557 4702 futurum
572 4649 647 4717 erat,
671 4661 708 4702 ex
722 4649 775 4702 tua
789 4660 886 4702 meam
910 4642 1045 4718 educere,
1071 4641 1126 4706 tihi
1140 4643 1240 4718 facile,
1264 4663 1302 4706 ex
1315 4661 1383 4704 mea
1403 4651 1485 4720 tuam
1499 4645 1672 4722 efformare,

318 4745 384 4788 cum
405 4727 459 4790 illo
475 4729 584 4793 affectu
598 4750 694 4811 meam
717 4735 876 4806 tractares,
900 4750 958 4811 quo
977 4733 1013 4793 de
1029 4732 1100 4794 dixi.
1139 4733 1187 4794 Ex
1212 4728 1381 4795 observatis
1404 4751 1476 4798 vero
1500 4733 1586 4816 ipsis,
1611 4755 1673 4798 uon

317 4824 479 4902 praeeunte
509 4837 576 4882 mea
604 4816 783 4903 hypothesi,
806 4819 909 4882 nescio
933 4841 971 4882 an
994 4820 1050 4884 tibi
1081 4821 1215 4902 proclive
1239 4823 1371 4884 futurum
1393 4821 1493 4900 luerit,
1524 4823 1555 4886 in
1586 4833 1674 4892 tuam
