3558 5538
591 341 734 409 aKoplero
753 343 893 396 emendata
913 402 917 420 ,
958 367 962 372 ·
1199 321 1204 330 Ι
1351 343 1414 412 709

66 541 152 600 rum,
175 522 217 586 εἰσ
235 521 300 603 jam
324 530 355 584 et
377 521 508 586 calculus
531 521 562 585 iu
585 522 764 598 alterorum,
789 540 863 602 quos
886 519 957 598 dixi,
982 521 1112 602 gratiam
1134 527 1168 583 et
1190 529 1223 584 ut
1245 522 1416 586 mathema·

85 613 132 676 tici
152 611 182 674 iu
205 611 350 676 communi
372 612 474 674 labore
492 611 715 674 taediosissime
731 611 937 683 liberarentur,
963 607 1180 674 accommodari
1198 610 1286 674 facile
1308 613 1416 694 potnit,

85 701 244 784 composita
266 701 372 765 tabula
392 700 709 782 prostbaphaeresium
724 709 942 764 menstruarum
965 701 1031 780 ejus
1055 699 1188 782 epioycli,
1215 720 1300 782 quern
1315 702 1417 782 Tycbo

85 791 278 853 collocaverat
301 792 340 853 ad
361 791 496 855 Terram.
538 790 603 852 Hae
626 809 735 854 causae
760 789 872 853 laboris
895 788 983 867 hujus
1006 789 1036 851 in
1059 789 1217 870 publicum,
1242 790 1278 852 de
1302 791 1418 872 quibus,
1455 840 1461 848 .

84 879 156 960 quod
177 880 261 959 prius
286 878 431 952 dicebam,
454 889 490 940 tu
511 879 678 941 rectissime
696 879 858 960 judicabis,
883 878 932 958 qui
956 878 1015 940 tuis
1038 877 1207 941 hortatibus
1230 875 1419 941 cunctantem

83 989 125 1030 me
147 969 289 1049 impulisti
312 989 377 1031 cnm
400 969 536 1033 adhaec
563 976 626 1031 tum
651 967 774 1030 adalia
797 966 984 1030 incommoda
1007 966 1034 1028 si
1056 967 1119 1030 lieri
1141 977 1247 1048 posset
1269 969 1417 1032 lenienda.

82 1057 152 1120 Mihi
175 1075 245 1120 vero
268 1057 409 1138 privatim
432 1076 542 1120 causae
566 1057 764 1137 suppetebant
786 1075 844 1118 nou
861 1056 1105 1120 contemnendae.
1141 1057 1273 1121 Primum
1296 1058 1333 1120 de
1357 1068 1420 1120 tam

82 1145 287 1227 multiplicibus
310 1145 573 1228 inaequalitatibus
598 1147 702 1208 Lunae
734 1147 829 1208 multa
857 1145 930 1207 mihi
958 1164 1024 1208 cum
1046 1145 1187 1227 Tychone
1211 1147 1279 1209 vivo
1303 1147 1420 1212 disser-

83 1236 154 1298 tatio
177 1235 253 1311 suit;
277 1257 334 1318 quo
352 1237 506 1298 hortatore
522 1254 640 1317 semper
655 1235 767 1316 aliquid
787 1235 952 1310 tentabam,
976 1245 1010 1296 ut
1031 1254 1091 1297 una
1113 1237 1190 1316 quod
1214 1237 1299 1316 ajunt
1321 1236 1421 1299 fidelia

83 1325 152 1386 dnos
180 1327 314 1406 parietes
344 1326 515 1388 dealbarem
548 1327 622 1399 (una
652 1324 771 1405 inquam
801 1323 959 1407 hypothesi
993 1333 1146 1405 utramque
1176 1325 1421 1407 inaequalitatem

82 1417 276 1491 excusarem).
310 1413 478 1477 Sescentos
494 1414 610 1477 tentavi
626 1413 727 1476 aditus
751 1433 817 1475 enm
841 1413 959 1494 plurimi
982 1413 1124 1494 temporis
1145 1413 1285 1493 jactura:
1310 1414 1420 1478 toties·
1510 1445 1514 1458 ‹

82 1522 133 1584 que
151 1503 216 1586 jam
240 1504 416 1567 devoratam
446 1504 590 1584 praedam
620 1502 726 1565 iterum
755 1523 770 1563 e
795 1502 929 1565 saucibus
957 1503 1054 1565 amisi.
1101 1503 1178 1565 Nam
1201 1503 1274 1565 mihi
1296 1503 1421 1568 subinde

81 1593 251 1673 imponebat
268 1594 410 1656 ulmellos
432 1592 485 1654 ille
513 1593 551 1654 ad
574 1593 699 1654 Terram
725 1599 796 1672 post
828 1593 947 1654 dumeta
979 1592 1174 1674 triangularis
1204 1593 1315 1656 laboris
1330 1607 1332 1616 ·
1345 1593 1419 1656 lati·

80 1691 154 1744 tans.
191 1683 328 1746 Tandem
351 1683 442 1762 igitur
464 1682 493 1743 in
517 1683 650 1762 apricum
665 1681 873 1744 commodioris
896 1681 1098 1762 hypotheseos
1122 1681 1180 1744 fuit
1201 1683 1420 1763 protrahendus

80 1779 108 1832 et
128 1779 210 1834 totus
235 1792 302 1835 cum
325 1772 460 1835 omnibns
484 1772 600 1833 artibus
624 1771 686 1832 suis
709 1771 740 1832 in
763 1771 898 1833 tabulam
921 1770 1134 1848 conjiciendus.

161 1861 197 1923 Iu
221 1872 377 1942 posterum
399 1860 500 1942 itaque
524 1861 595 1923 mihi
619 1860 677 1921 erit
700 1859 885 1940 expeditius,
916 1860 1030 1922 vanam
1053 1859 1142 1939 hujus
1164 1859 1420 1941 prosthapbaere-

80 1968 143 2012 εσσε
165 1951 393 2032 permistionem
416 1969 482 2012 cum
511 1950 593 2013 dicta
615 1949 750 2031 Tychoni
772 1949 940 2011 venatione
963 1955 1117 2011 menstrua
1139 1951 1261 2032 propius
1285 1961 1421 2014 coutem-

78 2039 170 2120 plari,
201 2047 237 2102 et
266 2040 369 2103 videre
397 2059 435 2100 au
459 2038 671 2101 sufficientibus
694 2037 936 2100 observationum
959 2038 1180 2100 conditionibus
1210 2040 1350 2116 suffulta,
1384 2059 1421 2103 au

63 2129 169 2209 ,(quod
183 2129 335 2192 interdum
350 2129 501 2210 suspicor)
525 2127 573 2190 vel
589 2146 655 2190 oum
673 2127 839 2191 variatione
859 2127 1030 2210 Tychonioa
1054 2129 1135 2200 (unm
1156 2127 1311 2210 physicam
1333 2129 1422 2210 plane

77 2229 232 2300 utramque
257 2238 326 2281 esse
355 2237 479 2280 necesse
503 2218 559 2291 εἰι)
590 2217 638 2278 vel
669 2235 735 2278 cum
756 2217 943 2280 Ptolemaiou
970 2211 1089 2297 dyelooas
1114 2227 1270 2280 menstrua
1296 2217 1422 2299 epioycli

79 2325 231 2372 commune
256 2307 326 2390 quid
349 2308 503 2370 obtineat:
528 2307 572 2368 sic
595 2314 628 2368 ut
651 2314 807 2387 susceptus
828 2305 1028 2387 aCopernico
1048 2307 1196 2369 secundus
1216 2307 1368 2390 epioyclus
1391 2313 1423 2370 et

76 2405 281 2460 transsumtus
305 2396 481 2478 aTychone
505 2397 600 2478 adque
623 2397 747 2458 Terram
771 2397 935 2462 collocatus
959 2413 1017 2457 non
1039 2397 1128 2475 plane
1152 2395 1234 2458 illam
1255 2397 1422 2459 Ptolemai-

77 2505 139 2548 cam
162 2483 285 2568 tanos
306 2493 452 2567 praestet,
478 2493 694 2566 contraquam
719 2484 903 2567 Ooperuious
926 2485 976 2547 lib.
1000 2484 1056 2548 IV.
1081 2504 1147 2567 cap.
1172 2480 1192 2548 9
1216 2485 1421 2548 demonstrare

77 2575 189 2639 nititur.

161 2663 263 2728 Simul
286 2665 377 2726 etiam
399 2630 563 2744 periculum
593 2665 692 2726 lacere
720 2663 801 2726 volui
833 2663 945 2726 laboris
974 2663 1142 2726 tabularum
1164 2663 1424 2743 Rudolpbiuarum
1535 2651 1568 2722 ’.

76 2755 318 2818 condendarum:
343 2771 401 2834 quo
417 2753 534 2815 nomine
558 2753 630 2826 (etsi
646 2771 721 2834 opus
736 2753 833 2832 ipsum
853 2771 906 2814 seu
924 2751 1041 2819 irritum
1064 2771 1118 2816 seu
1141 2771 1200 2814 non
1222 2753 1424 2816 necessarium

74 2847 170 2920 esset)
196 2863 259 2906 non
282 2842 475 2906 mediocriter
496 2860 543 2903 me
565 2842 731 2923 profecisse
754 2860 872 2903 censeo.

159 2931 254 3005 Quod
277 2941 377 2995 autem
396 2951 455 2994 non
471 2949 536 2992 eam
557 2931 681 2992 formam
696 2929 865 2993 tabularum
880 2948 945 2991 sum
961 2937 1091 3004 secutus,
1115 2946 1202 3009 quarn
1217 2929 1422 3006 Ptolemaeus,

73 3021 270 3104 Alphonsini,
295 3021 479 3101 Oopernious
499 3030 530 3083 et
543 3019 721 3083 Prutenicte
740 3019 939 3099 praeiverunt,
964 3037 1057 3080 causa
1074 3017 1149 3080 haec
1173 3025 1231 3092 est,
1255 3018 1325 3098 quia
1346 3018 1422 3080 haec

73 3113 143 3175 mihi
168 3113 269 3175 forma
292 3105 421 3173 uinuium
442 3109 622 3173 brevissima
645 3108 764 3170 videtur
792 3109 861 3169 loca
889 3105 1080 3186 computandi
1110 3125 1147 3167 ex
1180 3104 1311 3180 tabulis;
1346 3125 1422 3188 quae

73 3201 130 3264 etsi
153 3203 184 3264 in
210 3203 299 3268 Luna
321 3199 455 3263 nonnihil
478 3199 569 3260 habet
591 3197 753 3260 etiamnum
776 3196 903 3270 laboris,
932 3203 1054 3276 propter
1076 3195 1203 3274 apogaei
1226 3203 1257 3255 et
1279 3195 1423 3260 nodorum

73 3291 188 3355 celeres
222 3298 342 3360 motus,
375 3290 406 3351 in
437 3287 546 3351 ceteris
576 3295 677 3351 tamen
706 3286 838 3366 planetis
865 3293 951 3348 teuto
980 3284 1087 3364 majori
1116 3303 1181 3346 cum
1209 3283 1329 3345 foenore
1353 3283 1421 3346 erit.

72 3379 112 3444 Et
135 3389 244 3444 tamen
267 3379 296 3442 in
319 3379 388 3461 ipsa
410 3378 502 3440 etiam
524 3378 612 3440 Luna
638 3376 796 3457 plurimum
823 3375 961 3456 expedire
986 3383 1076 3455 puto:
1110 3391 1168 3434 nou
1191 3391 1244 3454 per
1267 3373 1423 3437 anfractus
1497 3373 1499 3378 ’

73 3479 103 3531 σι
125 3472 264 3534 latentes
287 3467 354 3530 vias
378 3467 579 3547 longitudinis,
605 3465 788 3540 anomaliae,
813 3472 911 3526 motus
935 3461 1102 3526 latitudinis
1125 3462 1263 3524 incedere
1285 3461 1423 3542 ignarum

72 3559 121 3622 ubi
144 3557 293 3633 verseris,
316 3556 488 3638 priusquam
511 3556 550 3616 ad
573 3555 708 3618 ultimum
726 3554 884 3635 pervenias
904 3553 1032 3615 ostium:
1058 3551 1111 3612 sed
1135 3569 1172 3614 ex
1195 3551 1322 3615 editiore
1345 3553 1423 3642 loco,¹

73 3649 203 3730 apogaci
229 3646 348 3710 scilicet
369 3653 400 3707 et
422 3646 565 3708 nodorum
587 3645 675 3707 tardo
698 3650 795 3718 motu,
826 3648 1017 3724 prospectum
1046 3641 1139 3703 totius
1167 3641 1282 3703 itineris
1305 3659 1423 3720 semper

70 3737 184 3802 habere
210 3738 251 3800 ob
274 3737 386 3799 oculos.
433 3734 535 3807 Quare
558 3733 630 3810 tibi,
655 3733 712 3795 Vir
733 3733 840 3795 barum
863 3751 959 3793 rerum
981 3729 1162 3812 peritissime
1185 3729 1331 3811 juxtaque
1355 3750 1422 3794 am·

69 3828 227 3908 plissime,
260 3825 412 3906 exemplar
434 3833 659 3905 repraesentare
683 3822 764 3885 volui
792 3823 857 3901 ejus
880 3822 992 3883 formae
1016 3820 1184 3883 tabularum
1204 3820 1422 3900 Rudolphaea·

69 3937 143 3996 rum,
172 3935 268 4000 quam
292 3933 347 3994 ego
371 3913 470 3976 auimo
495 3913 627 3994 concepi,
651 3920 684 3978 ut
707 3913 776 3993 quia
798 3910 948 3991 publicum
971 3927 1045 3990 opus
1068 3909 1199 3973 futurum
1221 3903 1270 3970 e'st
1292 3909 1333 3982 (si
1355 3910 1421 3972 Deo

68 4005 242 4090 placuerit)
270 4003 399 4086 plurium
427 4001 519 4064 etiam
549 4010 581 4065 et
608 4001 839 4082 intelligentium
863 3999 976 4078 judicio
1004 3998 1146 4061 firmetur.
1191 3997 1321 4060 Paratus
1344 3997 1422 4060 euim

69 4117 154 4174 sum,
190 4095 221 4158 si
252 4091 508 4176 quisquammihi
538 4089 823 4172 compendiosiorem
852 4090 933 4154 viam
961 4087 1190 4162 monstraverit,
1220 4086 1304 4148 illam
1328 4086 1421 4168 sequi,

68 4187 253 4250 institutum
280 4183 427 4245 deserere.
474 4181 587 4260 Accipe
613 4177 707 4259 igitur
736 4181 791 4242 has
814 4176 882 4240 Tibi
912 4179 1047 4258 proprias
1079 4177 1218 4250 chartas,
1252 4193 1361 4256 easque
1390 4184 1424 4237 nt

68 4277 156 4340 lubet
180 4281 216 4336 et
241 4271 382 4353 expedire
405 4271 459 4332 tibi
482 4269 648 4345 videbitur,
679 4289 745 4331 cnm
774 4266 905 4330 literatis
936 4275 967 4330 et
988 4283 1086 4329 rerum
1112 4264 1347 4344 intelligentibus
1370 4282 1424 4326 seu

66 4367 192 4448 publice
219 4380 276 4425 seu
299 4360 442 4442 privatim
458 4359 660 4421 communica:
685 4358 729 4420 sic
752 4366 852 4420 tamen
875 4363 910 4418 ut
931 4355 1062 4419 virorum
1084 4353 1238 4416 doctorum
1256 4352 1370 4434 judicia
1393 4352 1424 4414 in

67 4475 169 4517 meum
194 4459 231 4514 et
260 4449 357 4530 totius
384 4447 583 4511 astronomiae
612 4447 796 4510 commodum
825 4443 958 4508 vicissim
989 4443 1147 4521 colligere,
1182 4460 1241 4522 qna
1272 4440 1423 4504 commode

66 4543 208 4625 poteris,
237 4541 392 4619 'licumque
415 4537 579 4618 adjungere
601 4555 660 4599 nou
684 4535 830 4615 negligas.
876 4534 983 4596 Facies
1005 4532 1053 4608 id,
1085 4531 1162 4612 quod
1193 4533 1298 4592 doctos
1321 4547 1424 4592 omnes
1532 4537 1535 4544 ’

67 4653 86 4696 a
109 4635 156 4698 Te
182 4637 369 4709 exspectare
393 4627 532 4688 diuturna
555 4625 767 4689 consuetudine
790 4623 927 4686 docuisti.
973 4621 1051 4685 Vale
1076 4628 1107 4680 et
1130 4639 1176 4682 me
1200 4637 1299 4682 amare
1322 4635 1424 4699 perge.

66 4721 194 4804 Pragae
220 4717 424 4798 Bobemorum
446 4714 487 4779 X.
504 4713 570 4779 Cal.
592 4714 693 4796 hiajas
716 4731 795 4777 anno
816 4713 896 4794 vulg.
920 4711 1050 4793 epochae
1075 4707 1190 4773 Christi
1210 4709 1269 4774 Dei
1294 4705 1389 4774 1603.

686 4815 690 4826 '
774 4801 854 4864 Noh.
878 4807 911 4863 et
932 4800 1014 4879 Mag.
1038 4805 1109 4860 tuae

990 4885 1216 4952 addictissimus

1094 4974 1148 5042 Jo.
1170 4971 1337 5062 Keptesa.
