3552 5562
492 289 523 342 do
542 287 728 341 commentariis
747 289 778 342 de
790 297 865 342 motu
883 289 971 342 stellas
990 291 1086 344 Martis.
1419 289 1464 360 119

102 469 151 532 viae
174 467 313 544 Lunae,
350 487 422 532 cum
445 469 529 532 linea
554 469 680 551 apogael
713 467 910 551 competitio
933 469 1284 536 lineamdiametralem.
1329 471 1376 540 At
1397 494 1464 539 enm

102 561 144 622 hae
165 555 278 620 lineae
304 578 433 622 crucem
456 560 580 636 faciunt,
603 561 760 624 circularis
783 559 903 640 penitus
927 566 975 621 est
997 561 1047 621 via
1068 562 1182 624 Lunae.

175 646 331 719 Quarto:
365 669 503 729 aequans
533 645 653 729 gemino
680 651 770 712 modo
799 649 943 710 variatur.
991 647 1067 712 Cum
1091 651 1169 713 enim
1201 671 1334 732 aequans
1358 653 1400 715 sit
1421 653 1464 714 nil

106 739 182 813 aiud,
207 757 310 818 qnam
336 738 526 817 geometrica
547 758 688 801 mensura
710 738 855 820 physicae
879 738 1105 820 inaequalitatis
1129 741 1159 802 in
1179 749 1271 814 motu,
1295 761 1371 822 quae
1394 743 1464 805 inde

109 839 157 904 est,
187 828 280 910 quod
305 827 394 891 sidus
417 846 511 909 prope
542 828 657 891 fontem
679 828 802 892 virtutis
831 827 967 890 metricis
994 828 1120 890 veniens
1149 828 1289 891 celeriter
1311 830 1463 906 incitatur,

112 919 180 981 nrde
207 936 285 979 cnm
309 916 462 980 discedit:
488 918 628 980 convenit
650 919 762 1000 itaque,
785 925 821 979 nt
841 917 929 979 Luna
957 916 1046 979 simul
1070 925 1101 980 et
1114 928 1226 980 centro
1250 919 1410 992 eooentrici
1433 920 1464 982 in

112 1009 174 1071 linea
197 1005 385 1068 diametrali
416 1007 583 1083 existente,
613 1007 783 1090 hujusmodi
816 1000 997 1068 acceleratio
1022 1015 1053 1069 et
1079 1007 1213 1072 tardatio
1245 1008 1298 1092 vel¹
1316 1008 1401 1070 nulla
1424 1010 1466 1071 sit

111 1099 147 1159 rel
167 1095 309 1176 exigna3
343 1093 447 1174 itaq'ne
478 1103 620 1176 punctum
652 1098 810 1178 aequantis
833 1095 883 1158 vel
906 1096 1059 1160 coincidat
1081 1117 1149 1160 cnm
1171 1104 1274 1159 centro
1304 1099 1462 1160 eneentrici
1555 1091 1587 1126 ’-

110 1187 147 1248 vel
168 1183 218 1249 illi
245 1183 291 1247 sit
314 1185 494 1265 proximum
540 1186 621 1248 Nam
649 1187 731 1250 linea
760 1184 950 1249 diametralis
979 1192 1028 1247 est
1055 1187 1124 1248 lons
1156 1185 1277 1248 virtutis
1310 1188 1390 1250 omni
1417 1189 1464 1249 sui

108 1285 195 1358 parte.
249 1273 332 1340 Cum
361 1293 435 1336 vero
467 1273 682 1355 digreditur)
708 1297 727 1336 a
750 1275 789 1352 (f,
814 1281 916 1337 centro
947 1275 1108 1337 eccentrici
1139 1282 1279 1338 manente
1308 1275 1344 1341 in
1371 1275 1463 1351 linea,

109 1366 231 1428 nultum
264 1363 398 1425 decedat
428 1383 552 1427 necesse
583 1372 632 1427 est
663 1363 832 1440 celeritati,
863 1383 930 1426 cum
957 1364 1117 1428 celerrima
1148 1364 1288 1436 fuerit)
1321 1364 1352 1426 in
1383 1361 1464 1428 lins'a

108 1453 290 1518 diametrali.
332 1453 441 1534 ltaque
465 1454 527 1515 alte
550 1456 695 1517 ascendet
717 1474 860 1537 aequans,
884 1452 1035 1536 facietque
1058 1453 1220 1516 maximam
1243 1453 1461 1532 aequationem.

107 1545 172 1607 Jam
196 1543 225 1606 si
251 1561 375 1604 crucem
398 1541 514 1606 faciant
535 1543 615 1606 linea
639 1544 766 1648 apogaei
791 1551 821 1604 et
836 1543 1034 1618 diametralis,
1059 1543 1198 1623 sitque)
1219 1543 1251 1605 in
1268 1535 1314 1616 U,
1338 1562 1462 1607 necesse

107 1645 151 1697 est
168 1630 384 1695 tardissimam
404 1649 481 1706 esse,
506 1640 537 1694 et
551 1632 732 1718 altissimum
746 1631 904 1714 aequantia
922 1639 1075 1712 punctum,
1095 1639 1181 1695 tanto
1196 1652 1268 1695 vero
1283 1631 1463 1696 velociorem

106 1725 133 1786 io
156 1723 260 1786 altera
284 1711 331 1794 [],
356 1738 423 1782 cum
446 1729 495 1784 est
516 1721 546 1784 in
569 1722 721 1804 perigaeo.
768 1721 810 1784 Ει
833 1729 933 1784 tamen
962 1721 1059 1800 prima
1085 1721 1287 1803 inaequalitas
1310 1721 1461 1784 intercur-¹

104 1833 171 1875 rens
194 1809 305 1884 efficit,
330 1811 412 1881 nt)
438 1829 575 1890 apogaea
591 1813 621 1874 in
641 1813 723 1890 φοῦ
748 1812 845 1874 adhuc
868 1810 1000 1872 velocior
1014 1811 1065 1886 sit,
1091 1829 1179 1892 quam
1200 1811 1345 1892 perigaea
1366 1809 1397 1872 io
1416 1805 1462 1876 l]

102 1905 252 1964 Manente
277 1917 350 1960 vero
373 1899 463 1960 modo
487 1899 570 1962 diota
592 1920 687 1975 cruce,
713 1920 781 1963 eum
805 1902 829 1972 i>
855 1899 885 1961 in
910 1901 996 1976 (Μ
1017 1899 1131 1974 incidit,
1157 1899 1228 1980 qnia
1251 1894 1270 1962 a
1294 1895 1376 1961 fonte
1400 1901 1463 1962 vir·
1532 1974 1537 1983 ι

102 1991 178 2053 tntis
202 1987 418 2050 vehementius
440 1988 601 2066 incitator,
625 2000 750 2052 necesse
773 1997 822 2052 est
852 1987 1244 2068 contemperationsmlieri
1266 1997 1296 2051 et
1320 1995 1463 2068 punctum
1535 2017 1539 2034 .

101 2077 269 2161 aequantia
295 2078 334 2139 ad
358 2075 598 2142 mediocritatem
621 2079 813 2142 descendere.
852 2077 902 2140 Sit
918 2079 945 2140 F
961 2077 1065 2160 Terra,
1088 2077 1115 2140 E
1134 2085 1269 2140 centrum
1293 2079 1462 2156 eecentrici,

99 2173 127 2232 A
144 2187 289 2248 aequans
311 2185 367 2246 pro
391 2167 523 2231 maxima
541 2169 720 2250 aequatione
737 2173 775 2244 ὁ),
791 2170 830 2244 ό,
847 2166 943 2249 Dpro
963 2165 1094 2228 maxima
1118 2164 1296 2248 aequatione
1310 2159 1355 2233 U.
1380 2165 1462 2248 Ergo

99 2267 210 2321 centro
246 2255 410 2320 eceentriei
435 2265 575 2319 versante
599 2259 629 2320 in
653 2263 690 2332 ὁ),
707 2259 746 2334 ὅ,
771 2257 805 2318 lit
827 2255 948 2319 libratio
971 2256 1000 2317 in
1023 2255 1098 2330 Dm
1121 2256 1174 2318 illo
1198 2255 1228 2317 in
1251 2249 1287 2320 [l
1310 2266 1461 2332 versante,

97 2346 228 2411 libratio
254 2345 289 2405 lit
312 2345 343 2406 in
366 2343 438 2408 AG.
485 2345 589 2408 Media
611 2366 682 2427 ergo
707 2345 866 2427 aequantia
890 2344 1037 2408 distantia
1059 2352 1195 2425 augetur,
1220 2352 1254 2407 nt
1271 2345 1313 2410 sit
1329 2345 1360 2409 io
1380 2348 1464 2424 0⁰,A

97 2439 168 2514 ΓΑ,
192 2437 227 2498 in
251 2425 290 2498 U
312 2433 377 2495 FD.
423 2433 526 2498 Prima
549 2454 620 2516 ergo
652 2435 782 2498 variatio
806 2442 855 2497 εει
885 2453 939 2516 pro
967 2441 1051 2497 motu
1081 2433 1178 2496 centri
1208 2434 1368 2497 eccentriei
1387 2455 1410 2496 a
1433 2437 1464 2512 A

96 2529 149 2588 rel
173 2529 203 2599 00
231 2523 264 2586 in
288 2516 339 2598 [],
363 2522 410 2585 cni
433 2527 596 2604 respondet
626 2522 755 2587 libratio*
771 2523 866 2586 centri
890 2523 1001 2586 circelli
1025 2523 1173 2586 libratorii
1196 2543 1235 2585 ex
1257 2521 1287 2586 A
1312 2525 1343 2586 in
1365 2523 1404 2599 D,
1428 2531 1463 2587 ut

97 2623 252 2697 qnantum
277 2612 408 2692 interest
430 2612 509 2676 inter
531 2613 641 2690 lineas,
665 2621 793 2677 tantum
807 2613 846 2676 ab
866 2613 899 2674 Η
922 2612 951 2676 in
975 2612 1003 2674 D
1031 2618 1203 2675 numeretur
1233 2613 1356 2694 ejusque
1379 2612 1463 2676 sinus

98 2706 200 2768 laniat
234 2700 422 2764 additionem
446 2703 486 2764 ad
509 2705 573 2766 FA.
621 2703 763 2767 Secunda
794 2702 915 2765 libratio
943 2703 1001 2790 sic⁸
1016 2701 1202 2778 instituitur,
1235 2703 1269 2765 ut
1293 2703 1460 2783 quando)

98 2803 152 2856 est
174 2795 206 2856 in
233 2794 275 2869 ό,
292 2793 332 2876 00,
355 2791 397 2853 sit
418 2789 476 2854 hoo
499 2801 642 2872 punctum
663 2790 831 2876 proximum
855 2801 966 2872 pnneto
991 2791 1165 2866 eccentrici,
1195 2797 1338 2870 quantum
1360 2797 1486 2872 potest„

96 2903 155 2966 per
178 2880 412 2962 amplitudinem
436 2881 567 2959 circelli3
592 2891 625 2944 at
649 2902 715 2945 cnm
739 2881 834 2954 est)
861 2881 891 2942 in
914 2875 958 2956 [],
984 2881 1026 2943 sit
1047 2882 1105 2942 hoc
1125 2889 1270 2962 punctum
1293 2879 1463 2944 remotissi-

97 2991 193 3035 mum.
233 2971 303 3032 Hoc
327 2971 416 3032 modo
441 2971 594 3034 conficitur
608 2973 662 3035 illa
675 2972 819 3046 varietas,
844 2990 932 3051 quam
952 2971 1017 3050 jam
1032 2969 1120 3034 modo
1139 2969 1273 3052 physicis
1296 2969 1464 3033 rationibus

98 3061 169 3123 dixi
192 3066 444 3123 consentaneam.
483 3059 546 3122 Sed
568 3063 643 3124 haec
667 3061 769 3123 omnia
792 3059 928 3142 indigent
950 3059 1085 3123 ulteriori
1108 3058 1190 3122 lima.
1225 3059 1362 3122 Maxima
1385 3079 1462 3140 qua-

98 3153 302 3214 draturarom
326 3148 468 3228 aequatio
491 3151 622 3214 catillis
647 3147 685 3214 7⁰
706 3148 770 3213 28¹.
1225 3201 1233 3228 ,

191 3238 323 3302 Morbus
351 3257 399 3300 me
431 3238 590 3302 obscnmm
621 3239 711 3315 fecit,
744 3245 837 3301 antea
863 3235 930 3318 plus
963 3236 1040 3303 satis
1067 3235 1124 3298 hoc
1157 3236 1353 3300 obscuritatis
1385 3235 1463 3300 dono

90 3328 289 3412 praeditum.
336 3326 413 3389 Mihi
435 3327 494 3410 ipsi
513 3348 581 3391 oon·
594 3329 760 3392 satisfacio.
799 3326 862 3390 Sed
885 3325 1024 3388 existimo
1048 3333 1079 3387 te
1102 3325 1215 3402 videre,
1239 3326 1307 3407 plus
1332 3324 1463 3388 difficul-

91 3421 176 3483 tatis
204 3435 277 3481 esse
300 3415 332 3478 in
353 3436 415 3478 una
428 3417 515 3478 Luna
539 3420 588 3492 (ut
611 3417 730 3500 quidem
752 3417 832 3498 apnd
846 3416 1019 3498 Tyohonem
1041 3416 1099 3476 hoc
1121 3413 1205 3477 sidus
1229 3435 1262 3478 se
1281 3409 1465 3480 noscendum

89 3507 262 3592 praebuit)
287 3525 378 3588 quam
401 3504 431 3568 in
459 3507 593 3570 omnibns
622 3507 767 3588 planetis.
812 3505 880 3586 Ego
902 3524 957 3585 per
984 3505 1061 3568 huno
1093 3523 1192 3566 meum
1223 3504 1357 3568 morbum
1389 3503 1464 3568 nihil

89 3600 202 3674 aliud,
239 3615 331 3678 qnam
355 3596 436 3676 qnod
464 3603 570 3660 contra
591 3597 723 3661 Ursum
745 3594 845 3658 scribo
869 3594 947 3674 (jam
975 3595 1038 3656 fato
1063 3612 1117 3656 suo
1150 3594 1285 3658 functum
1316 3594 1464 3679 superiori

90 3689 254 3763 aestate),
279 3684 331 3747 ubi
354 3685 397 3746 nil
420 3692 522 3765 tango,
546 3687 604 3749 nisi
625 3706 701 3767 quae
725 3685 857 3748 attinent
879 3683 1056 3747 scientiam:
1080 3681 1241 3764 potissima
1259 3703 1332 3747 eura
1355 3691 1404 3745 εει
1426 3685 1464 3746 de

90 3777 292 3860 antiquitate
316 3783 348 3835 et
371 3775 409 3836 ds
440 3781 575 3840 veterum
605 3774 765 3838 sententiis
798 3772 994 3853 explicandis.
1041 3773 1147 3853 Itaque
1178 3772 1229 3835 vix
1261 3781 1311 3836 est
1340 3773 1463 3836 matho-

92 3869 236 3932 maticns
261 3870 415 3926 emeatus
439 3863 564 3940 futurus,
589 3866 643 3928 sed
667 3871 785 3926 tantum
808 3863 1021 3950 philologieus.
1040 3859 1092 3923 ‘Si
1111 3877 1170 3942 qua
1193 3862 1250 3924 tibi
1271 3861 1463 3938 videbuntur,

91 3979 133 4021 ea
166 3951 425 4029 subministrato,
460 3953 595 4017 lubenter
626 3953 706 4016 enim
739 3952 936 4025 admonebor,
970 3951 1149 4032 praesertim
1172 3951 1203 4014 in
1225 3951 1464 4030 problematibus

95 4050 166 4128 ejus
195 4046 237 4108 ad
263 4042 494 4123 disceptandum
516 4043 679 4124 propositis
703 4050 737 4114 (v.
750 4051 806 4104 Vol.
825 4049 850 4109 L'
865 4066 889 4115 p.
909 4045 1028 4110 tiam).
1073 4041 1175 4120 Aegre
1199 4049 1231 4103 ει
1254 4059 1310 4120 ego
1335 4042 1409 4114 lero,
1432 4049 1464 4101 ts

95 4157 198 4220 nsque
222 4133 302 4198 adeo
326 4140 438 4208 tacere,
463 4150 518 4194 nec
543 4151 608 4194 cnm
631 4132 773 4216 'lychone
796 4151 850 4213 per
872 4128 979 4193 literas
1004 4130 1150 4191 conferre.
1198 4127 1464 4194 Consultissimum

97 4247 174 4290 sano
200 4226 332 4296 laceres,
358 4223 385 4284 si
408 4227 552 4304 quantum
576 4241 682 4302 posses
706 4221 854 4296 studeres,
879 4217 1107 4280 observationes
1130 4218 1159 4280 ei
1179 4239 1251 4282 suas
1275 4226 1462 4298 extorquere.

97 4318 183 4380 Nam
205 4314 285 4379 mira
315 4312 467 4376 hominem
500 4311 621 4374 fortuna
652 4311 799 4391 exagitat.
845 4307 971 4387 Semper
1003 4307 1121 4388 perdito
1143 4307 1280 4383 similis,
1313 4315 1463 4386 uteunque

102 4415 204 4470 tamma
228 4405 402 4478 elncmtur,
429 4399 560 4462 absurdo
585 4408 709 4475 eventu,
734 4399 761 4461 si
783 4399 883 4461 media
906 4398 945 4459 ad
967 4396 1129 4478 perniciem
1157 4398 1257 4476 potius
1289 4401 1465 4476 comparata

77 4497 258 4579 ¹respicias.
296 4491 444 4574 Mitteres
468 4489 611 4552 nonnulla
634 4509 672 4552 ex
685 4489 747 4552 tuis
770 4485 1041 4560 observationibus,
1067 4485 1166 4562 credo,
1190 4495 1225 4549 ut
1243 4485 1338 4548 estin
1351 4503 1464 4564 magna

107 4607 213 4651 morum
241 4585 397 4648 varietate
428 4577 662 4642 humanissimus
692 4588 809 4654 tamen,
838 4577 974 4640 mitteret
997 4575 1036 4636 ad
1060 4581 1090 4636 te
1115 4575 1141 4637 si
1165 4595 1224 4655 qua
1246 4583 1278 4636 et
1300 4581 1333 4636 tn
1356 4583 1464 4653 postu-

109 4675 190 4742 lares.
233 4677 316 4743 Nam
342 4672 407 4738 etsi
432 4669 537 4731 omnia
557 4669 629 4731 mihi
658 4675 784 4750 patent:
818 4666 982 4746 obliganda
1011 4671 1112 4734 tamen
1140 4664 1223 4742 prius
1245 4664 1321 4756 fidep
1345 4662 1402 4726 fnit
1425 4662 1464 4724 ad

108 4769 293 4836 nshfionam:
320 4781 421 4850 qnam
448 4776 507 4838 ego
530 4758 647 4840 quidem
669 4757 821 4839 pollicitus
844 4774 910 4820 snm
932 4752 1157 4837 praestiturum,
1182 4761 1357 4836 qnantum
1380 4751 1463 4833 pbi-

32 4858 39 4895 '
104 4861 283 4945 loeopbnm
308 4858 440 4922 decet.
492 4844 549 4910 sin
570 4848 678 4911 metuis
701 4854 736 4910 nt
759 4853 829 4908 tuas
851 4845 957 4909 literas
979 4840 1121 4924 publicet,
1146 4859 1201 4922 per
1223 4861 1271 4903 mc
1295 4860 1362 4922 age.
1390 4897 1392 4904 ,

165 4971 352 5027 aquaem-0
376 4959 417 5000 1¹¹·
1238 4946 1254 5006 l
