3582 5558
518 1199 836 1298 unumunurn
864 1215 1196 1294 SINGULORUM
1224 1177 1462 1294 cleison.

942 1483 1037 1494 κ...-

406 1662 468 1714 Cum
487 1662 537 1714 aiis
554 1663 588 1712 sit
603 1662 750 1727 methodus,
778 1677 853 1730 quam
871 1669 962 1713 natnrs
980 1662 1015 1712 rei
1033 1661 1119 1719 docet,
1138 1662 1201 1720 alis,
1226 1675 1297 1728 quam
1317 1664 1424 1730 cognitio
1443 1669 1529 1724 nostra
1548 1659 1657 1726 requirit:

313 1743 417 1800 ιιιιιιι
447 1734 595 1786 mtiilcialis:
625 1743 739 1786 neutram
770 1750 786 1786 ι
810 1751 849 1786 me
867 1735 946 1786 lector
962 1736 1083 1785 sinceram
1102 1741 1246 1799 exspectare
1270 1735 1352 1784 dehet.
1388 1733 1449 1784 Mihi
1480 1735 1548 1784 euim
1574 1743 1657 1794 scopus

313 1822 363 1857 non
382 1807 422 1857 hic
440 1808 587 1872 praecipuus
605 1813 650 1868 est,
670 1808 793 1873 explicare
811 1813 892 1856 motus
912 1807 1043 1864 coelorum,
1063 1800 1127 1872 qu'od
1145 1806 1207 1856 litio
1218 1805 1306 1856 libeliis
1319 1805 1453 1871 sphaericis
1466 1811 1493 1856 et
1505 1805 1658 1870 planetarum

314 1879 427 1929 theoriis:
452 1892 531 1944 neque
558 1883 657 1928 tantum
685 1880 774 1930 docere
800 1879 917 1930 lectorem
942 1885 968 1928 ιι
980 1875 1119 1942 ‘perducere
1138 1891 1155 1927 a
1171 1877 1254 1942 primis
1273 1883 1299 1926 et
1316 1893 1361 1942 per
1377 1891 1405 1926 ιι
1423 1879 1487 1927 uotis
1506 1875 1541 1927 ad
1559 1873 1658 1928 ultimas

313 1963 387 2014 qnam
405 1951 469 2000 viam
488 1949 643 2000 Ptolemaeus
662 1951 837 2015 utplurimum
855 1950 1006 2000 observavit:
1034 1949 1079 2000 sed
1097 1948 1195 1998 moedis
1212 1948 1311 1998 tertium
1330 1948 1435 2014 aliquid,
1454 1961 1586 2000 commuue
1603 1943 1659 2002 mihi,

314 2035 370 2070 com
394 2021 546 2076 oratoribus,
571 2027 600 2070 ιι
623 2023 682 2086 qnia
705 2037 770 2073 nora
794 2021 873 2072 multa
899 2021 990 2079 trado,
1017 2019 1042 2072 ld
1061 2027 1162 2071 coactns
1179 2019 1268 2070 iecisse
1285 2021 1431 2074 manifestus
1445 2021 1499 2078 sim.
1518 2014 1656 2084 itaquede-

312 2105 421 2142 meream
440 2097 466 2142 et
483 2093 604 2142 retineam
623 2107 750 2144 ιιιιιιιιι
768 2093 867 2144 lectoris
885 2098 911 2144 et
929 2093 1033 2143 amolias
1050 2093 1213 2156 suspicionem
1232 2091 1263 2140 de
1282 2091 1363 2142 studio
1380 2091 1496 2143 novandi.

401 2163 443 2214 Nil
470 2165 546 2230 igittn
571 2165 674 2224 mirum,
702 2167 723 2216 si
740 2165 862 2216 methodis
881 2165 1043 2228 superioribus
1063 2163 1215 2214 admisceam
1231 2163 1331 2214 tertiam
1350 2163 1486 2214 oratoribus
1504 2161 1659 2214 familiarem.

312 2232 361 2285 hoc
385 2242 424 2286 est
450 2235 595 2286 historiam
619 2250 732 2286 mearum
749 2238 931 2286 inventionum:
950 2236 993 2286 uhi
1011 2249 1061 2284 non
1079 2235 1110 2284 de
1128 2233 1175 2285 hoc
1193 2233 1244 2284 solo
1263 2235 1359 2300 agitur,
1384 2249 1431 2300 quo
1449 2241 1524 2299 pacto
1543 2233 1621 2284 lector
1637 2231 1661 2278 iu

313 2308 479 2372 coguitionem
498 2306 675 2356 tradendorum
693 2308 843 2372 perducatur
861 2308 902 2356 vis
920 2305 1178 2370 compendiosissima,
1206 2305 1249 2358 sed
1269 2306 1299 2356 de
1317 2305 1364 2356 hoc
1381 2309 1549 2370 potissimum,
1578 2301 1663 2369 quihus

313 2377 367 2443 Ego
392 2385 479 2428 auctor
501 2392 546 2428 seu
572 2381 724 2444 argumentis
749 2395 793 2429 een
813 2376 957 2444 asnbegibus
975 2391 1019 2428 seu
1038 2377 1144 2427 fortuitis
1162 2378 1239 2428 etiam
1257 2377 1426 2428 occasionibus
1444 2379 1558 2442 primitus
1577 2373 1661 2426 eodem

312 2448 460 2500 devenerim.
505 2447 597 2510 Quodsi
617 2449 788 2515 christophoro
813 2449 946 2506 Columbo,
975 2448 1170 2516 siiisgoilsno,
1199 2451 1220 2499 ei
1239 2448 1362 2500 Lusitanis
1391 2464 1440 2498 nou
1459 2455 1560 2499 tautum
1578 2448 1659 2512 ignos-

232 2539 235 2548 ¹
312 2523 389 2572 eimm
414 2535 507 2570 errores
530 2535 593 2580 suos„
604 2522 772 2578 narrantibus,
800 2523 887 2587 quibua
905 2521 948 2571 ille
971 2521 1129 2578 American,
1152 2521 1201 2572 iste
1220 2535 1341 2572 oceanum
1360 2519 1496 2580 Siuensem,
1516 2519 1545 2570 hi
1564 2519 1663 2568 Airioss

312 2592 432 2656 periplum
451 2597 613 2656 aperuerunt;
641 2593 685 2642 sed
703 2609 736 2644 ιι
754 2593 871 2643 vellemus
890 2593 986 2658 quidem
1005 2595 1119 2647 omissos.
1147 2592 1236 2656 qnippe
1259 2593 1353 2657 ingenti
1373 2591 1489 2642 iectionis
1505 2589 1664 2654 iucunditate

314 2664 432 2714 carituris
450 2677 498 2714 uec
515 2664 591 2729 igitur
608 2662 666 2712 mihi
685 2666 743 2714 vitio
762 2671 882 2727 vertetur,
905 2665 969 2729 quod
992 2664 1057 2714 idem
1082 2663 1169 2713 eodem
1186 2662 1285 2714 lectoris
1303 2663 1384 2712 studio
1402 2678 1446 2727 per
1463 2661 1510 2712 hoc
1531 2677 1595 2727 opus
1613 2673 1664 2709 sum

313 2741 419 2785 secutus.
457 2733 523 2784 Nem
542 2735 587 2784 etsi
602 2737 824 2802 Argonautioornm
842 2735 936 2785 iliorum
955 2736 1064 2786 laborum
1083 2747 1239 2800 nequaqnam
1260 2733 1365 2800 legendo
1377 2734 1501 2793 reddimur
1520 2733 1663 2798 participes,

314 2820 426 2857 mearum
450 2819 507 2856 voro
531 2807 700 2856 inventionum
725 2807 884 2858 difficultates
907 2813 933 2857 et
950 2809 1036 2871 spinae
1054 2807 1134 2871 ipsam
1151 2805 1229 2856 etiam
1246 2805 1376 2857 lectionem
1394 2806 1531 2856 infestent:
1553 2813 1581 2856 at
1599 2815 1665 2853 com·

314 2877 395 2928 munis
413 2877 476 2928 isaeo
494 2876 595 2928 iortnna
612 2884 650 2927 est
667 2879 775 2929 omnium
793 2880 908 2928 librorum
921 2878 1169 2938 mathematicorum,
1189 2878 1343 2942 existuntque
1356 2877 1521 2934 nihilominus,
1541 2881 1572 2928 ut
1585 2883 1666 2926 snmus

316 2948 442 3008 homiues,
470 2963 571 3013 quornm
590 2949 651 2999 alios
670 2949 721 3000 siis
740 2949 878 3008 delectant,
907 2950 948 3014 qui
971 2949 1093 3013 superatis
1110 2949 1275 3014 perceptionis
1293 2949 1479 3000 difficultatibus
1497 2947 1549 2999 hac
1567 2949 1666 3011 integra

317 3021 485 3082 inventionum
503 3022 566 3071 serie
584 3021 656 3070 simui
674 3022 706 3071 oh
725 3022 807 3072 oculos
824 3022 907 3085 posita
922 3021 1018 3086 ingenti
1029 3019 1155 3085 voluptate
1168 3021 1352 3085 perfundantur.
1389 3019 1446 3071 Hac
1458 3021 1536 3086 igitur
1551 3015 1666 3070 medendo

317 3094 495 3144 concinnatum
514 3105 568 3142 esse
588 3107 648 3157 opus
666 3093 805 3144 universnm
821 3095 874 3156 jam
890 3093 987 3156 patebit
1004 3091 1035 3143 ex
1053 3092 1205 3158 argumentis
1227 3092 1377 3158 singolorum
1395 3092 1514 3156 capitum.

407 3162 472 3214 Dedi
492 3169 575 3212 autem
594 3178 704 3227 operam,
722 3171 751 3214 ut
763 3166 858 3229 quoties
871 3169 954 3213 textus
967 3164 1074 3228 aliquam
1087 3163 1321 3213 demonstrationem
1333 3163 1510 3228 geometricam
1517 3161 1667 3213 delineatio·

316 3249 403 3286 nemra
432 3241 476 3285 aut
501 3237 716 3299 praeparationem
740 3235 880 3300 expediret,
906 3234 979 3286 litera
1002 3236 1111 3284 cursoria
1129 3231 1170 3296 (ιι
1187 3235 1316 3298 appellant
1333 3231 1458 3296 officinae)
1479 3234 1667 3284 emeriberetur.

314 3307 343 3356 id
362 3308 382 3355 sl
401 3321 452 3356 nou
469 3303 626 3371 undiquaque
644 3307 746 3365 obtinet,
765 3307 804 3357 vel
822 3307 942 3356 materiae
960 3307 1060 3364 tribues,
1079 3319 1143 3371 quae
1160 3307 1316 3372 geometricis
1334 3306 1421 3358 miscet
1437 3305 1552 3371 physica,
1571 3305 1613 3354 vel
1631 3309 1668 3366 ty·

315 3377 429 3442 pothetie,
448 3378 488 3442 qni
506 3391 564 3427 mea
581 3380 654 3444 signs
672 3393 722 3429 non
740 3379 895 3444 undiquaque
914 3383 1082 3443 perceperunt.
1634 3375 1638 3382 '

405 3447 480 3512 Gap.
499 3447 519 3498 Ι.
556 3448 682 3513 Explicat,
707 3464 757 3515 qus
774 3451 870 3500 ratione
889 3449 1022 3502 astronomi
1041 3447 1257 3513 deprehenderint,
1284 3447 1382 3499 differte
1404 3453 1496 3498 motum
1523 3449 1633 3512 primum
1656 3457 1672 3496 a

315 3519 429 3570 uoundh
447 3533 491 3569 ιιι
508 3518 664 3582 planetarum
682 3523 799 3587 propriis;
818 3535 868 3586 qus
884 3523 943 3570 item
960 3522 1058 3571 ratione
1075 3521 1167 3570 fuerint
1184 3521 1300 3570 inventae
1318 3521 1343 3570 in
1362 3520 1590 3585 proprioplauetae
1603 3525 1672 3568 motu
1744 3551 1747 3556 ,

315 3593 380 3642 dnae
397 3590 597 3655 inaequalitates,
616 3593 721 3657 prima
745 3598 771 3644 ιι
788 3593 930 3643 secunda
947 3591 1038 3642 dictae.

406 3661 512 3712 Occasio
538 3661 610 3725 huius
632 3665 722 3728 capitis
748 3666 871 3729 tonusque
898 3663 962 3713 adeo
981 3665 1076 3728 primae
1094 3663 1170 3728 partis
1187 3661 1252 3712 haec
1270 3667 1322 3720 ιιι,
1346 3661 1411 3728 quod
1436 3663 1623 3726 cumprimum
1642 3658 1674 3718 ad

317 3732 442 3788 Bsalseuru
460 3733 599 3792 venissem,
628 3735 836 3800 deprehenderem
860 3737 939 3800 ipsum
958 3747 1014 3786 cnm
1032 3734 1175 3785 Ptolemaeo
1194 3740 1220 3785 et
1239 3731 1375 3799 (iopernico
1393 3733 1530 3785 secundam
1549 3734 1672 3799 planetae

318 3805 522 3872 inaequalitatem
541 3818 643 3856 censere
662 3821 679 3858 a
698 3806 760 3857 Solis
773 3813 847 3866 motu
865 3807 954 3857 medio.
991 3805 1054 3856 Mihi
1078 3821 1133 3856 vero
1152 3811 1257 3872 quatuor
1274 3807 1346 3856 aunis
1364 3813 1423 3856 aute
1441 3812 1541 3870 propter
1560 3807 1672 3856 ιιιίοιιι

315 3876 432 3943 physicas
450 3876 579 3926 ridebatur
596 3879 739 3941 incipienda
757 3892 773 3928 ι
791 3877 854 3928 Solis
871 3884 940 3928 motu
958 3883 1109 3943 apparente,
1128 3882 1156 3926 ut
1172 3876 1250 3927 hahes
1268 3877 1293 3926 iu
1311 3877 1429 3941 Mysterio
1449 3876 1674 3943 Gosmographico.

288 3969 295 3991 ν
317 3949 382 3999 Orsa
399 3949 474 4014 igitur
492 3949 618 3998 interme
636 3950 815 4015 disceptatione
833 3950 946 4001 ΒιιΙιιιι
964 3951 1084 4014 opposuit,
1103 3963 1130 4000 se
1148 3963 1205 4000 cum
1224 3955 1290 4000 essct
1306 3949 1438 4007 usnssolia
1456 3949 1539 3998 medio
1560 3949 1674 4000 saivmse

318 4021 451 4072 ommes
468 4021 551 4069 omnia
567 4022 662 4084 primae
679 4022 880 4087 inaeqnplitatis;
898 4023 996 4086 reposui
1014 4031 1073 4086 ego:
1091 4019 1151 4071 nihii
1170 4018 1216 4070 hoc
1234 4021 1352 4085 impedire
1370 4034 1417 4088 quo
1435 4019 1517 4071 miuus
1537 4019 1596 4086 Ego
1615 4031 1674 4070 usus

317 4099 453 4158 apparente
480 4090 544 4144 Solis
569 4101 638 4144 motu
664 4093 757 4143 ssdsem
784 4092 873 4145 eadem
901 4093 1032 4143 observata
1057 4093 1152 4156 primae
1179 4089 1381 4156 inaequalitatis:
1403 4093 1492 4156 itaque
1510 4091 1538 4160 iu
1557 4091 1676 4144 semnda

316 4162 496 4230 inaequalitate
514 4165 672 4225 cernendum,
691 4171 747 4216 nter
764 4165 855 4216 rectius
873 4165 959 4216 iaciat.
988 4162 1061 4225 Quod
1079 4164 1154 4230 igitur
1171 4161 1224 4230 Ego
1243 4164 1364 4232 respondi,
1383 4162 1610 4215 demonstrandum
1628 4161 1676 4212 luit

316 4242 389 4301 parte
406 4236 485 4300 prima
503 4236 589 4300 operis.

406 4305 533 4372 capii.
569 4305 649 4373 Igiuss
666 4321 722 4359 enm
741 4313 807 4359 esset
823 4308 974 4372 propositum
991 4307 1120 4374 negotium
1137 4305 1280 4372 perplexum
1297 4304 1328 4356 de
1346 4305 1517 4372 hypothesium
1539 4305 1672 4374 aequipol-

317 4379 407 4431 lentia:
437 4381 490 4442 eins
514 4392 560 4444 ego
578 4380 675 4430 initium
694 4379 742 4430 ieci
760 4393 777 4431 a
794 4381 874 4444 prima
891 4387 917 4432 et
934 4379 1129 4445 simplicissima,
1154 4378 1252 4446 qnando
1271 4379 1440 4428 concentricua
1472 4391 1529 4429 eum
1558 4377 1676 4444 epioycio

317 4447 471 4515 ιιιιιιιιιιτ
488 4451 514 4502 iu
532 4452 705 4502 eoeeutricuns.

388 4520 446 4578 ,Ne
473 4536 529 4572 vero
554 4525 642 4587 ieiuna
669 4528 734 4573 esset
756 4522 906 4588 geometria,
934 4521 1055 4588 disputavi
1082 4534 1155 4586 snper
1179 4521 1261 4572 causis
1277 4525 1305 4579 et
1321 4517 1428 4584 physicis
1451 4525 1478 4572 ιι
1504 4521 1677 4573 rancnsitum

320 4605 364 4644 ιιι
390 4593 552 4651 mentalibus,
577 4595 664 4662 quibus
681 4599 811 4658 utramque
828 4592 999 4658 hypothesium
1018 4593 1234 4659 aequipollentiam
1253 4591 1418 4644 administrari
1435 4599 1569 4657 motusque
1588 4592 1678 4660 persei

320 4670 514 4715 consentaneum
532 4665 580 4717 sit:
599 4666 672 4730 idque
691 4667 771 4722 alites,
789 4663 1071 4716 sicoucedantnrosbes
1083 4663 1170 4722 solidi,
1189 4665 1261 4716 aliter
1278 4665 1362 4720 enam,
1381 4664 1544 4731 sinegentur.
1575 4665 1679 4730 Quippe

320 4733 434 4787 Brsheas
451 4751 482 4787 es
500 4737 686 4800 ndeodoulhus
704 4741 855 4788 ιιιιιιιιιιι
872 4735 1061 4799 demonstrarit,
1079 4737 1160 4787 nullos
1177 4751 1232 4788 esse
1249 4735 1320 4786 orbes
1336 4735 1435 4787 solidos.

409 4805 485 4872 (lap.
504 4807 550 4858 ill.
588 4807 677 4860 Stante
694 4808 741 4860 hoc
765 4807 902 4866 eooeutrico
925 4808 1041 4873 simplici,
1059 4821 1103 4858 ιιι
1121 4809 1162 4874 qni
1180 4807 1329 4875 aequipollet
1346 4809 1499 4860 concentrico
1517 4819 1583 4858 cum
1602 4808 1680 4860 mico

323 4878 441 4944 eployolo,
460 4877 570 4939 docetrn,
594 4873 651 4946 qnid
669 4883 777 4932 ιιιιιιιι
795 4893 839 4932 ιιι
857 4878 891 4932 ad
908 4893 1007 4932 ιιιιιιι
1025 4879 1149 4932 oculorum
1171 4895 1215 4934 ιιι
1232 4882 1259 4933 in
1277 4879 1359 4939 causis
1376 4883 1485 4931 motuum
1502 4879 1681 4938 naturalibos,
