3606 5562
353 309 427 436 69⁴¹*
894 353 1050 420 taurin.
1071 355 1160 408 arna

352 536 544 598 Ptolemaeus
567 535 641 597 illud
666 533 883 616 aequinoctium
908 534 1099 606 autumnale,
1132 533 1211 614 quod
1234 529 1360 610 contigit
1383 527 1435 593 32.
1459 529 1574 592 tertiae
1600 526 1709 608 Calip

352 625 455 706 picae,
480 623 527 684 die
552 621 582 684 2.
607 623 838 704 Epagomenon,
863 625 997 685 conferat
1021 623 1051 684 in
1078 620 1149 686 178.
1174 620 1277 684 mortis
1301 619 1487 694 Alexandri,
1513 637 1583 681 curn
1607 624 1710 678 tamen

353 714 391 777 ad
416 711 624 791 complendum
651 710 711 776 177
736 713 773 773 ab
798 713 913 792 epocha
939 710 988 776 12.
1013 713 1091 774 Nov.
1118 715 1311 790 superessent
1334 709 1392 770 duo
1415 729 1491 790 pene
1515 707 1595 770 dies.
1643 705 1711 768 Nec

236 843 238 850 ·
352 793 454 883 potest
487 800 567 875 dici,
600 802 721 862 vernale
754 791 980 880 praecessisse!
1022 802 1102 864 Nam
1132 801 1202 878 quia
1231 799 1301 859 anni
1329 795 1478 876 Calippici
1510 795 1666 875 incipiunt
1693 816 1711 855 a

354 891 504 965 solstitio,
536 889 564 950 in
589 909 624 952 eo
649 891 740 969 igitur
763 909 840 952 arrno
864 889 1019 972 praecedit
1041 888 1230 950 autumnale:
1260 899 1416 966 utrumque
1441 893 1544 947 autent
1567 885 1711 964 assignat

354 981 448 1042 eidem
474 976 525 1041 32.
544 997 630 1040 anno.
669 979 734 1040 Hoc
753 987 914 1042 unumest.
949 978 1065 1042 Deinde
1090 977 1115 1038 si
1134 975 1268 1038 haecita
1286 975 1427 1049 habeant,
1451 975 1592 1057 equidem
1606 973 1710 1036 Alba-

354 1069 473 1149 tegnius
496 1067 527 1128 in
556 1066 716 1128 intervallo
744 1067 823 1128 inter
847 1068 1052 1130 Ptolemaeum
1083 1077 1114 1126 et
1142 1085 1174 1126 se
1205 1063 1372 1130 erraverit„
1406 1064 1604 1125 Ptolemaeus
1630 1063 1711 1124 enim

354 1177 463 1220 annum
477 1155 686 1218 Nabonassari
700 1155 803 1230 tradit,
818 1156 1021 1236 Albategnius
1035 1157 1056 1218 J
1058 1155 1188 1217 ulianam
1202 1173 1256 1216 seu
1270 1151 1416 1232 tropicum
1433 1152 1587 1232 intelligit.
1623 1151 1711 1224 Quos

352 1247 445 1328 igitur
458 1245 509 1306 ille
521 1241 584 1308 743
595 1253 757 1324 computat,
773 1244 816 1306 illi
833 1265 864 1306 re
880 1261 951 1307 vera
963 1241 1026 1308 tlt
1038 1253 1115 1308 suut.
1140 1243 1175 1305 Id
1192 1241 1269 1310 enim
1279 1241 1520 1304 animadvertens
1534 1243 1711 1321 Bnntingus

353 1335 456 1396 nescio
480 1334 549 1414 quid
574 1334 657 1395 dicit.
697 1333 758 1394 Sed
783 1353 820 1394 ex
844 1335 909 1414 ejus
928 1331 1200 1415 computationibus
1224 1334 1297 1413 (qua
1313 1349 1345 1392 re
1363 1331 1434 1393 mibi
1457 1339 1621 1413 pergratus
1646 1333 1710 1402 est)

354 1431 498 1506 apparet,
527 1422 726 1484 Reinholdum
749 1423 934 1502 Albategnio
958 1424 1018 1486 vim
1042 1422 1170 1496 fecisse,
1200 1421 1285 1502 quasi
1312 1417 1394 1484 1206
1423 1429 1455 1482 et
1479 1417 1565 1484 1194
1590 1419 1710 1482 intelli-

354 1515 442 1593 gendi
466 1518 570 1573 esseut
592 1511 649 1573 hoc
673 1512 738 1573 loco
762 1513 799 1573 de
823 1512 1003 1595 Aegyptiis:
1037 1531 1102 1574 curn
1126 1519 1225 1572 tamen
1251 1529 1286 1571 eo
1310 1509 1376 1590 ipso
1401 1529 1478 1571 anno
1501 1509 1627 1572 Juliauo
1651 1527 1711 1568 uon

354 1601 543 1684 Aegyptiaco
573 1601 698 1692 eclipsin
728 1601 874 1664 collocet:
910 1621 985 1682 quae
1020 1600 1177 1662 character
1204 1607 1253 1660 est
1280 1597 1484 1661 irrefutabilis.
1531 1598 1619 1659 Haec
1642 1617 1711 1658 mea

354 1690 513 1753 ratiocinia
532 1690 559 1751 si
578 1689 765 1752 admittenda
780 1709 895 1765 censes,
919 1699 1048 1770 possunt
1070 1691 1098 1750 iu
1125 1691 1254 1750 futurum
1278 1707 1345 1749 esse
1364 1688 1459 1750 utilia.
1497 1687 1580 1750 Anni
1607 1695 1712 1748 tamen

356 1779 508 1862 quantitas
531 1797 590 1840 non
613 1780 708 1840 multo
737 1778 838 1858 prodit
866 1779 934 1840 alia.
983 1777 1185 1858 Albategnius
1214 1775 1292 1838 enim
1319 1777 1411 1840 habet
1434 1777 1463 1838 h.
1487 1773 1517 1840 5.
1541 1771 1599 1839 46*
1624 1772 1710 1849 24‘¹;

357 1875 507 1931 correctus
531 1867 560 1928 b.
585 1865 616 1932 5.
641 1865 696 1930 45‘
720 1865 794 1942 56“,
820 1867 916 1929 adhuc
941 1867 1058 1930 brevior
1081 1887 1134 1948 per
1157 1864 1220 1930 28”
1244 1865 1345 1928 borae.

443 1958 490 2020 De
519 1957 598 2018 aeris
627 1957 776 2036 Alphonsi
810 1956 925 2034 gratias
959 1975 1016 2036 ago
1048 1957 1126 2036 quod
1154 1955 1306 2016 monuisti.
1357 1957 1437 2018 Nam
1464 1955 1494 2015 in
1525 1953 1562 2015 iis
1594 1953 1711 2015 tabulis

354 2065 459 2128 parum
477 2037 616 2108 versatus
632 2063 707 2118 sam,
732 2063 798 2106 cnm
821 2046 853 2106 id
876 2065 933 2106 non
960 2049 1037 2106 t'erat
1059 2063 1153 2118 usus;
1177 2044 1251 2105 illud
1273 2045 1448 2126 aTychone
1473 2044 1569 2122 solnpn
1594 2041 1710 2116 audiri,

355 2135 554 2199 consulendas
578 2135 648 2196 olim
672 2135 751 2206 illas,
775 2152 851 2215 quae
875 2133 1095 2215 aequinoctium
1118 2132 1283 2212 praebeant
1306 2153 1359 2196 suo
1380 2133 1528 2213 Alphonsi
1551 2139 1710 2212 tempore;

354 2245 414 2288 non
435 2244 470 2286 se
494 2223 641 2298 dubitare,
666 2223 735 2304 quin
756 2223 975 2304 aequinoctium
990 2221 1218 2286 observaueriut
1241 2221 1325 2303 eique
1349 2221 1469 2298 tabulas
1493 2231 1710 2300 superstruxe-

285 2351 294 2370 .
355 2315 424 2376 rint.
460 2314 507 2375 De
531 2323 631 2374 cetero
655 2331 714 2374 non
737 2314 832 2374 multa
855 2313 938 2374 facta
960 2319 1008 2372 est
1031 2331 1132 2374 esrum
1156 2311 1277 2373 mentio.
1320 2310 1475 2373 Leovitius
1499 2310 1587 2372 uobis
1612 2310 1709 2370 vicem

356 2421 457 2464 earum
481 2400 633 2480 supplevit
655 2409 689 2461 ut
710 2401 879 2479 plurimum.
924 2400 1004 2462 Illud
1027 2401 1057 2462 in
1080 2419 1189 2480 genere
1213 2399 1328 2461 monuit
1349 2397 1548 2474 Rcinboldus‚
1571 2401 1632 2461 fine
1656 2417 1708 2458 ca-

355 2510 465 2552 nonum
493 2507 580 2550 aeras
603 2489 753 2568 Alphonsi
783 2509 801 2550 a
829 2509 902 2551 vera
935 2491 1062 2552 historia
1093 2489 1195 2551 multis
1226 2489 1258 2550 in
1289 2488 1426 2570 partibus
1454 2488 1618 2570 plurimum
1645 2488 1709 2548 dis-

357 2597 492 2660 crepare.

446 2666 588 2729 Oeterum
618 2664 648 2726 in
681 2664 874 2746 sequentibus
907 2664 1063 2727 ridiculum
1094 2665 1167 2727 mihi
1199 2665 1349 2746 negotium
1379 2666 1501 2729 exhibet
1528 2663 1709 2745 Magnitudo

357 2757 441 2830 Tua,
466 2757 534 2815 dum
559 2773 606 2816 me
626 2752 712 2834 jubet
735 2753 882 2834 principia
906 2754 1075 2816 defendere.
1113 2753 1238 2818 Scilicet
1261 2749 1364 2816 omues
1378 2754 1547 2817 Ptolemaei
1566 2765 1599 2818 et
1615 2753 1710 2816 Obel-

357 2846 499 2907 daeorum
523 2841 748 2904 observationes
773 2852 860 2905 erunt
883 2843 1004 2919 dubiae,
1034 2843 1060 2906 si
1083 2843 1228 2914 eviceris,
1261 2843 1406 2923 quosdam
1428 2844 1591 2913 historicos
1616 2861 1710 2904 annos

356 2953 461 3020 regum
489 2931 544 2995 sub
572 2932 679 3013 quibus
712 2931 910 2994 observarunt
936 2933 1025 2994 aliter
1049 2950 1213 2996 numerare.
1260 2930 1350 3008 Scio,
1382 2952 1440 2995 non
1463 2942 1493 2995 te
1516 2933 1561 2996 ita
1584 2933 1708 3006 sentire,

358 3026 411 3086 sed
434 3022 494 3084 mei
517 3020 653 3082 tentandi
677 3021 777 3100 gratia
801 3021 950 3095 scribere;
974 3021 1027 3083 sed
1051 3023 1119 3103 quia
1142 3040 1318 3102 responsum
1340 3041 1447 3102 urges,
1469 3021 1637 3103 parendum
1664 3029 1711 3082 est

356 3121 499 3194 tanquam
523 3111 607 3172 inre
632 3111 721 3172 seria.
767 3110 875 3172 Dicam
897 3110 1022 3189 primum
1046 3129 1099 3189 pro
1123 3111 1321 3184 astronomia,
1350 3111 1457 3174 deinde
1480 3130 1534 3191 pro
1557 3110 1708 3172 historiis.

359 3201 546 3281 Quamquam
575 3217 629 3279 pro
659 3199 845 3260 astronomia
871 3215 961 3278 supra
990 3199 1071 3274 dixi,
1105 3219 1172 3261 cum
1203 3198 1286 3278 illam
1316 3208 1397 3262 mam
1427 3199 1651 3263 dubitationem
1676 3199 1710 3259 de

359 3286 579 3370 antiquissimis
603 3285 773 3348 monarchis
797 3295 867 3348 ante
889 3287 1095 3350 Alexandrum
1118 3296 1282 3367 tangerem.

448 3377 506 3438 Hic
533 3377 598 3456 jam
631 3376 725 3459 multo
759 3375 929 3456 aequiorem
960 3375 1057 3438 habeo
1089 3395 1219 3438 causam.
1267 3375 1366 3456 Supra
1397 3379 1434 3439 de
1466 3397 1574 3458 magno
1608 3377 1710 3458 aliquo

361 3486 504 3529 annorum
530 3484 652 3526 numero
676 3466 713 3526 lis
738 3472 812 3538 erat,
832 3465 896 3544 jam
919 3465 956 3526 de
979 3485 1037 3528 nno
1060 3483 1138 3527 anno
1156 3463 1273 3544 imperii
1286 3465 1424 3542 Adriani,
1449 3467 1582 3548 l'rajani,
1607 3469 1710 3529 Anto·

362 3557 435 3628 nini,
458 3553 634 3628 Domitiani,
659 3562 690 3613 et
713 3554 752 3614 ad
776 3555 920 3615 summuin
944 3555 980 3615 de
1004 3553 1123 3616 biennio
1146 3554 1175 3616 in
1195 3554 1281 3618 annis
1295 3553 1399 3618 mortis
1413 3556 1581 3619 Alexandri
1599 3556 1711 3638 agitur.

361 3643 446 3708 Nibil
471 3643 546 3706 haec
570 3642 841 3724 disceptatiuncula
864 3642 938 3703 facit
961 3643 1001 3704 ad
1023 3644 1155 3704 incertas
1179 3643 1333 3706 iaciendas
1355 3644 1595 3708 observationes.
1645 3645 1710 3707 Ob-

364 3732 551 3793 servationes
574 3731 604 3791 in
628 3733 796 3794 universum
820 3731 877 3792 hae
902 3739 989 3794 sunt:
1020 3731 1214 3810 aequinoctii,
1243 3733 1402 3809 Mercurii,
1425 3735 1569 3810 Veneris,
1595 3737 1712 3803 Lunae,

365 3820 529 3902 eclipsium.
573 3819 623 3881 Sic
648 3819 813 3882 deliniendo
836 3818 1017 3900 aequinoctii
1040 3839 1118 3882 anno
1141 3820 1334 3884 Ptolemaeus
1357 3822 1537 3886 mentionem
1560 3821 1713 3904 Principis

365 3911 494 3972 Romani
526 3911 624 3989 potuit
657 3908 816 3982 omittere3
850 3909 957 3970 sufficit
982 3917 1017 3970 ut
1043 3907 1222 3972 iudicaverit
1248 3912 1461 3974 connexionem
1490 3932 1557 3975 cnm
1586 3912 1713 3994 periodo

368 3998 533 4079 Calippica.
580 3999 612 4058 ln
637 3997 694 4058 hac
722 3998 903 4059 connexione
931 3998 1027 4060 falsus
1054 3999 1202 4060 nonfuit.
1247 3999 1362 4062 Eadem
1392 4003 1469 4064 euim
1496 4001 1605 4076 Luna,
1638 4018 1713 4084 quae

369 4087 497 4168 Calippo
527 4107 597 4148 suas
624 4085 777 4166 periodos,
808 4085 983 4148 Ptolemaeo
1013 4105 1095 4148 suam
1120 4107 1139 4148 a
1162 4087 1326 4169 Galippicie
1356 4088 1532 4152 distantiam
1556 4091 1712 4170 patefecit.

368 4177 433 4242 Nec
457 4174 573 4236 difficile
597 4183 686 4254 caput
711 4175 842 4234 invenire
866 4175 998 4254 periodi:
1022 4194 1081 4236 non
1105 4177 1262 4255 quotannis
1285 4177 1469 4242 novilunium
1491 4169 1522 4242 iu'
1548 4174 1586 4242 1ο
1610 4195 1643 4248 ee
1667 4180 1713 4241 in-

370 4264 451 4326 cidit.
498 4263 534 4326 In
558 4263 675 4324 Venere
700 4274 731 4338 et
752 4255 968 4338 .Mercurio,'si
992 4283 1073 4325 error
1096 4263 1126 4326 in
1149 4259 1292 4328 annor'um
1314 4267 1376 4330 illic
1398 4265 1434 4344 8,
1457 4269 1507 4332 hic
1532 4267 1573 4333 13
1600 4288 1715 4332 summa

370 4351 592 4424 committatur,
625 4359 741 4412 tantum
774 4350 944 4413 observatio
976 4351 1145 4428 aberravit,
1178 4363 1321 4434 quantum
1346 4358 1469 4436 planeta
1496 4357 1536 4419 ad
1567 4377 1714 4422 summum

369 4441 460 4504 biduo
484 4440 611 4504 conficit.
656 4440 737 4502 Nam
759 4448 829 4519 post
852 4437 872 4504 8
896 4459 990 4503 annos
1013 4441 1131 4516 Venus,
1154 4451 1224 4523 post
1249 4440 1288 4507 13
1311 4445 1478 4509 Mercurius
1499 4449 1715 4528 propemodum

372 4529 477 4592 eodem
503 4529 705 4592 revolvuntur.
751 4529 796 4590 At
823 4537 855 4589 tu
886 4529 1103 4610 praesupponis
1135 4531 1221 4596 unius
1254 4533 1361 4595 saltem
1388 4536 1458 4598 anni
1487 4542 1539 4598 aut
1568 4555 1715 4600 summurn

372 4618 484 4681 biennii
507 4636 647 4680 errorem.
694 4613 795 4686 Quare
819 4617 1003 4696 impossibile
1026 4625 1083 4693 est,
1108 4619 1134 4680 si
1157 4626 1251 4684 anans
1274 4622 1494 4687 observationis
1517 4626 1714 4698 adulteretur,

374 4715 409 4768 ut
432 4727 491 4769 non
514 4715 600 4768 tanta
624 4706 665 4766 sit
687 4705 876 4767 dissonantia
898 4699 1115 4770 observationis
1139 4727 1203 4771 cum
1227 4711 1408 4783 coelestibus
1431 4715 1577 4792 motibus,
1608 4717 1715 4796 vulga·

375 4795 459 4876 riter,
472 4795 580 4858 saltem
595 4791 634 4857 'et
657 4813 761 4856 crassa
782 4794 922 4856 Minerva
944 4794 1081 4875 cognitis,
1105 4807 1247 4878 quantam
1269 4801 1316 4862 vel
1334 4819 1442 4865 coecus
1459 4804 1588 4884 palpare
1612 4803 1715 4887 possit

291 4915 309 4970 Α·
377 4883 464 4946 Adde
480 4885 557 4965 quod
573 4891 678 4946 neutm
692 4883 795 4944 barum
812 4883 1052 4948 observationum
1068 4885 1201 4950 solitarie
1216 4887 1344 4967 ponitur,
1368 4892 1423 4956 sed
1445 4893 1491 4956 illi
1514 4893 1601 4957 locus
1621 4903 1716 4959 oenus
