<?xml version="1.0" encoding="UTF-8"?>
<!DOCTYPE html PUBLIC "-//W3C//DTD XHTML 1.0 Transitional//EN"
    "http://www.w3.org/TR/xhtml1/DTD/xhtml1-transitional.dtd">
<html xmlns="http://www.w3.org/1999/xhtml" xml:lang="en" lang="en">
 <head>
  <title>
</title>
<meta http-equiv="Content-Type" content="text/html;charset=utf-8" />
  <meta name='ocr-system' content='tesseract 3.04.00' />
  <meta name='ocr-capabilities' content='ocr_page ocr_carea ocr_par ocr_line ocrx_word'/>
</head>
<body>
  <div class='ocr_page' id='page_1' title='image "./joanniskepleria28frisgoog_0358.png"; bbox 0 0 3674 5532; ppageno 0'>
   <div class='ocr_carea' id='block_1_1' title="bbox 622 280 1496 354">
    <p class='ocr_par' dir='ltr' id='par_1_1' title="bbox 622 280 1496 354">
     <span class='ocr_line' id='line_1_1' title="bbox 622 280 1496 354; baseline 0.022 -20"><span class='ocrx_word' id='word_1_1' title='bbox 622 281 684 334; x_wconf 77' lang='lat' dir='ltr'><strong>Pars</strong></span> <span class='ocrx_word' id='word_1_2' title='bbox 702 280 807 344; x_wconf 81' lang='lat' dir='ltr'><strong>Quarta.</strong></span> <span class='ocrx_word' id='word_1_3' title='bbox 846 281 926 348; x_wconf 79' lang='lat' dir='ltr'><strong>Caput</strong></span> <span class='ocrx_word' id='word_1_4' title='bbox 943 283 1019 338; x_wconf 78' lang='lat' dir='ltr'><strong>XLV.</strong></span> <span class='ocrx_word' id='word_1_5' title='bbox 1370 297 1383 312; x_wconf 63' lang='lat'>⁸</span> <span class='ocrx_word' id='word_1_6' title='bbox 1432 283 1496 354; x_wconf 80' lang='grc'><strong>339</strong></span> 
     </span>
    </p>
   </div>
   <div class='ocr_carea' id='block_1_2' title="bbox 140 457 1497 547">
    <p class='ocr_par' dir='ltr' id='par_1_2' title="bbox 140 457 1497 547">
     <span class='ocr_line' id='line_1_2' title="bbox 140 457 1497 547; baseline 0.008 -30"><span class='ocrx_word' id='word_1_7' title='bbox 140 457 287 520; x_wconf 82' lang='lat' dir='ltr'><strong>lucrentur</strong></span> <span class='ocrx_word' id='word_1_8' title='bbox 311 474 444 529; x_wconf 86' lang='lat' dir='ltr'><strong>sursum,</strong></span> <span class='ocrx_word' id='word_1_9' title='bbox 461 457 647 522; x_wconf 87' lang='lat' dir='ltr'><strong>breviores</strong></span> <span class='ocrx_word' id='word_1_10' title='bbox 638 478 668 520; x_wconf 91' lang='lat' dir='ltr'><strong>m</strong></span> <span class='ocrx_word' id='word_1_11' title='bbox 692 459 789 522; x_wconf 91' lang='lat' dir='ltr'><strong>locum</strong></span> <span class='ocrx_word' id='word_1_12' title='bbox 813 459 987 539; x_wconf 87' lang='lat' dir='ltr'><strong>lougiomm.</strong></span> <span class='ocrx_word' id='word_1_13' title='bbox 1033 464 1140 546; x_wconf 89' lang='lat' dir='ltr'><strong>Itaque</strong></span> <span class='ocrx_word' id='word_1_14' title='bbox 1163 461 1346 528; x_wconf 86' lang='lat' dir='ltr'><strong>confirmari</strong></span> <span class='ocrx_word' id='word_1_15' title='bbox 1350 465 1497 547; x_wconf 84' lang='lat' dir='ltr'><strong>coepitiu</strong></span> 
     </span>
    </p>
   </div>
   <div class='ocr_carea' id='block_1_3' title="bbox 141 546 1615 638">
    <p class='ocr_par' dir='ltr' id='par_1_3' title="bbox 141 546 1615 638">
     <span class='ocr_line' id='line_1_3' title="bbox 141 546 1615 638; baseline 0.006 -28"><span class='ocrx_word' id='word_1_16' title='bbox 141 566 188 610; x_wconf 87' lang='lat' dir='ltr'><strong>me</strong></span> <span class='ocrx_word' id='word_1_17' title='bbox 211 565 297 608; x_wconf 88' lang='lat' dir='ltr'><strong>error</strong></span> <span class='ocrx_word' id='word_1_18' title='bbox 320 546 397 623; x_wconf 88' lang='lat' dir='ltr'><strong>iste,</strong></span> <span class='ocrx_word' id='word_1_19' title='bbox 426 567 512 628; x_wconf 91' lang='lat' dir='ltr'><strong>quem</strong></span> <span class='ocrx_word' id='word_1_20' title='bbox 536 567 627 628; x_wconf 89' lang='lat' dir='ltr'><strong>supra</strong></span> <span class='ocrx_word' id='word_1_21' title='bbox 649 567 715 628; x_wconf 89' lang='lat' dir='ltr'><strong>cap.</strong></span> <span class='ocrx_word' id='word_1_22' title='bbox 738 549 894 612; x_wconf 93' lang='lat' dir='ltr'>XXXIX.</span> <span class='ocrx_word' id='word_1_23' title='bbox 920 551 1048 614; x_wconf 84' lang='lat' dir='ltr'><strong>feliciter</strong></span> <span class='ocrx_word' id='word_1_24' title='bbox 1070 554 1202 617; x_wconf 90' lang='lat' dir='ltr'><strong>refutare</strong></span> <span class='ocrx_word' id='word_1_25' title='bbox 1227 574 1393 638; x_wconf 80' lang='lat' dir='ltr'>coeperam,</span> <span class='ocrx_word' id='word_1_26' title='bbox 1416 555 1496 635; x_wconf 84' lang='lat' dir='ltr'><strong>pla·</strong></span> <span class='ocrx_word' id='word_1_27' title='bbox 1611 601 1615 609; x_wconf 82' lang='lat'><em>-</em></span> 
     </span>
    </p>
   </div>
   <div class='ocr_carea' id='block_1_4' title="bbox 140 635 1496 744">
    <p class='ocr_par' dir='ltr' id='par_1_4' title="bbox 140 635 1496 744">
     <span class='ocr_line' id='line_1_4' title="bbox 140 635 1496 744; baseline 0.006 -46"><span class='ocrx_word' id='word_1_28' title='bbox 140 635 317 709; x_wconf 85' lang='lat' dir='ltr'><strong>uetariae</strong></span> <span class='ocrx_word' id='word_1_29' title='bbox 340 637 501 700; x_wconf 91' lang='lat' dir='ltr'><strong>virtutis</strong></span> <span class='ocrx_word' id='word_1_30' title='bbox 523 638 675 719; x_wconf 89' lang='lat' dir='ltr'><strong>proprium</strong></span> <span class='ocrx_word' id='word_1_31' title='bbox 700 658 777 714; x_wconf 89' lang='lat' dir='ltr'><strong>esse,</strong></span> <span class='ocrx_word' id='word_1_32' title='bbox 801 640 942 718; x_wconf 88' lang='lat' dir='ltr'><strong>planetae</strong></span> <span class='ocrx_word' id='word_1_33' title='bbox 966 659 1073 744; x_wconf 86' lang='lat' dir='ltr'><strong>corpus</strong></span> <span class='ocrx_word' id='word_1_34' title='bbox 1096 643 1126 704; x_wconf 94' lang='lat' dir='ltr'><strong>in</strong></span> <span class='ocrx_word' id='word_1_35' title='bbox 1151 643 1277 726; x_wconf 81' lang='lat' dir='ltr'><strong>epicycli</strong></span> <span class='ocrx_word' id='word_1_36' title='bbox 1305 644 1414 707; x_wconf 87' lang='lat' dir='ltr'><strong>semita</strong></span> <span class='ocrx_word' id='word_1_37' title='bbox 1434 644 1496 706; x_wconf 90' lang='lat' dir='ltr'><strong>cir-</strong></span> 
     </span>
    </p>
   </div>
   <div class='ocr_carea' id='block_1_5' title="bbox 142 725 1596 828">
    <p class='ocr_par' dir='ltr' id='par_1_5' title="bbox 142 725 1596 828">
     <span class='ocr_line' id='line_1_5' title="bbox 142 725 1596 828; baseline 0.006 -41"><span class='ocrx_word' id='word_1_38' title='bbox 142 726 330 789; x_wconf 89' lang='lat' dir='ltr'><strong>cumducere.</strong></span> <span class='ocrx_word' id='word_1_39' title='bbox 363 725 397 788; x_wconf 86' lang='lat' dir='ltr'><strong>Si</strong></span> <span class='ocrx_word' id='word_1_40' title='bbox 417 725 562 789; x_wconf 79' lang='lat' dir='ltr'><strong>diameter</strong></span> <span class='ocrx_word' id='word_1_41' title='bbox 583 727 709 828; x_wconf 82' lang='lat' dir='ltr'><strong>epicycli</strong></span> <span class='ocrx_word' id='word_1_42' title='bbox 724 728 782 790; x_wconf 86' lang='lat' dir='ltr'><strong>ND</strong></span> <span class='ocrx_word' id='word_1_43' title='bbox 797 728 1032 810; x_wconf 90' lang='lat' dir='ltr'><strong>mansissetipsi</strong></span> <span class='ocrx_word' id='word_1_44' title='bbox 1049 731 1105 794; x_wconf 91' lang='lat' dir='ltr'><strong>AB</strong></span> <span class='ocrx_word' id='word_1_45' title='bbox 1120 733 1336 813; x_wconf 81' lang='lat' dir='ltr'><strong>aequidistans,</strong></span> <span class='ocrx_word' id='word_1_46' title='bbox 1359 742 1496 814; x_wconf 89' lang='lat' dir='ltr'><strong>poteram</strong></span> <span class='ocrx_word' id='word_1_47' title='bbox 1593 802 1596 814; x_wconf 43' lang='grc'><strong>,</strong></span> 
     </span>
    </p>
   </div>
   <div class='ocr_carea' id='block_1_6' title="bbox 131 807 1507 2597">
    <p class='ocr_par' dir='ltr' id='par_1_6' title="bbox 138 807 1500 1436">
     <span class='ocr_line' id='line_1_6' title="bbox 142 807 1500 918; baseline 0.007 -40"><span class='ocrx_word' id='word_1_48' title='bbox 142 807 263 898; x_wconf 79' lang='lat' dir='ltr'><strong>exuisse</strong></span> <span class='ocrx_word' id='word_1_49' title='bbox 287 815 366 876; x_wconf 88' lang='lat' dir='ltr'><strong>hanc</strong></span> <span class='ocrx_word' id='word_1_50' title='bbox 390 834 488 877; x_wconf 89' lang='lat' dir='ltr'><strong>meam</strong></span> <span class='ocrx_word' id='word_1_51' title='bbox 511 817 679 918; x_wconf 87' lang='lat' dir='ltr'><strong>opinionem</strong></span> <span class='ocrx_word' id='word_1_52' title='bbox 702 836 866 892; x_wconf 88' lang='lat' dir='ltr'><strong>erroneam,</strong></span> <span class='ocrx_word' id='word_1_53' title='bbox 892 826 1102 900; x_wconf 91' lang='lat' dir='ltr'><strong>poteramque,</strong></span> <span class='ocrx_word' id='word_1_54' title='bbox 1126 823 1213 902; x_wconf 94' lang='lat' dir='ltr'><strong>quod</strong></span> <span class='ocrx_word' id='word_1_55' title='bbox 1228 831 1277 885; x_wconf 93' lang='lat' dir='ltr'><strong>est</strong></span> <span class='ocrx_word' id='word_1_56' title='bbox 1298 821 1500 900; x_wconf 81' lang='lat' dir='ltr'><strong>verissimum,</strong></span> 
     </span>
     <span class='ocr_line' id='line_1_7' title="bbox 141 904 1464 1008; baseline 0.008 -43"><span class='ocrx_word' id='word_1_57' title='bbox 141 921 259 966; x_wconf 88' lang='lat' dir='ltr'><strong>omnem</strong></span> <span class='ocrx_word' id='word_1_58' title='bbox 282 904 532 985; x_wconf 87' lang='lat' dir='ltr'><strong>promotionem</strong></span> <span class='ocrx_word' id='word_1_59' title='bbox 523 926 553 967; x_wconf 92' lang='lat' dir='ltr'><strong>m</strong></span> <span class='ocrx_word' id='word_1_60' title='bbox 576 905 795 985; x_wconf 84' lang='lat' dir='ltr'><strong>longitudinem</strong></span> <span class='ocrx_word' id='word_1_61' title='bbox 821 906 937 969; x_wconf 83' lang='lat' dir='ltr'><strong>zodiaci</strong></span> <span class='ocrx_word' id='word_1_62' title='bbox 963 909 1181 972; x_wconf 81' lang='lat' dir='ltr'><strong>transscribere</strong></span> <span class='ocrx_word' id='word_1_63' title='bbox 1204 909 1281 987; x_wconf 86' lang='lat' dir='ltr'><strong>Soli,</strong></span> <span class='ocrx_word' id='word_1_64' title='bbox 1328 959 1357 1008; x_wconf 76' lang='lat' dir='ltr'><strong>ri</strong></span> <span class='ocrx_word' id='word_1_65' title='bbox 1405 954 1464 1008; x_wconf 46' lang='grc' dir='ltr'><strong>,ι</strong></span> 
     </span>
     <span class='ocr_line' id='line_1_8' title="bbox 141 973 1396 1083; baseline 0.006 -28"><span class='ocrx_word' id='word_1_66' title='bbox 141 993 240 1055; x_wconf 89' lang='lat' dir='ltr'><strong>solam</strong></span> <span class='ocrx_word' id='word_1_67' title='bbox 261 993 402 1074; x_wconf 88' lang='lat' dir='ltr'><strong>planetae</strong></span> <span class='ocrx_word' id='word_1_68' title='bbox 425 994 644 1058; x_wconf 90' lang='lat' dir='ltr'><strong>librationem&#39;</strong></span> <span class='ocrx_word' id='word_1_69' title='bbox 635 1016 667 1059; x_wconf 89' lang='lat' dir='ltr'><strong>ru</strong></span> <span class='ocrx_word' id='word_1_70' title='bbox 681 995 829 1058; x_wconf 90' lang='lat' dir='ltr'><strong>diametro</strong></span> <span class='ocrx_word' id='word_1_71' title='bbox 847 992 884 1075; x_wconf 78' lang='grc' dir='ltr'><strong>γζ</strong></span> <span class='ocrx_word' id='word_1_72' title='bbox 899 997 1077 1080; x_wconf 85' lang='lat' dir='ltr'><strong>relinquere,</strong></span> <span class='ocrx_word' id='word_1_73' title='bbox 1100 999 1157 1062; x_wconf 94' lang='lat' dir='ltr'><strong>ut</strong></span> <span class='ocrx_word' id='word_1_74' title='bbox 1148 1021 1179 1062; x_wconf 91' lang='lat' dir='ltr'><strong>m</strong></span> <span class='ocrx_word' id='word_1_75' title='bbox 1193 1009 1281 1083; x_wconf 91' lang='lat' dir='ltr'><strong>parte</strong></span> <span class='ocrx_word' id='word_1_76' title='bbox 1348 973 1396 1047; x_wconf 72' lang='lat'><strong>¹⁸,</strong></span> 
     </span>
     <span class='ocr_line' id='line_1_9' title="bbox 141 1073 1482 1166; baseline 0.001 -20"><span class='ocrx_word' id='word_1_77' title='bbox 141 1102 208 1164; x_wconf 84' lang='lat' dir='ltr'><strong>cap.</strong></span> <span class='ocrx_word' id='word_1_78' title='bbox 232 1083 388 1146; x_wconf 87' lang='lat' dir='ltr'>XXXIX.</span> <span class='ocrx_word' id='word_1_79' title='bbox 436 1082 499 1146; x_wconf 81' lang='lat' dir='ltr'><strong>sed</strong></span> <span class='ocrx_word' id='word_1_80' title='bbox 522 1085 591 1166; x_wconf 88' lang='lat' dir='ltr'><strong>quia</strong></span> <span class='ocrx_word' id='word_1_81' title='bbox 615 1085 842 1148; x_wconf 88' lang='lat' dir='ltr'><strong>observationes</strong></span> <span class='ocrx_word' id='word_1_82' title='bbox 873 1087 1082 1163; x_wconf 81' lang='lat' dir='ltr'><strong>testabantur,</strong></span> <span class='ocrx_word' id='word_1_83' title='bbox 1110 1089 1189 1151; x_wconf 90' lang='lat' dir='ltr'><strong>hauc</strong></span> <span class='ocrx_word' id='word_1_84' title='bbox 1217 1090 1286 1152; x_wconf 86' lang='lat' dir='ltr'><strong>dia·</strong></span> <span class='ocrx_word' id='word_1_85' title='bbox 1321 1095 1338 1137; x_wconf 66' lang='lat'><em>!</em></span> <span class='ocrx_word' id='word_1_86' title='bbox 1362 1073 1482 1159; x_wconf 38' lang='grc' dir='ltr'><strong>ἐκ*</strong></span> 
     </span>
     <span class='ocr_line' id='line_1_10' title="bbox 138 1163 1467 1264; baseline 0.005 -28"><span class='ocrx_word' id='word_1_87' title='bbox 138 1179 270 1236; x_wconf 89' lang='lat' dir='ltr'><strong>metrum</strong></span> <span class='ocrx_word' id='word_1_88' title='bbox 303 1172 430 1256; x_wconf 89' lang='lat' dir='ltr'><strong>epicycli</strong></span> <span class='ocrx_word' id='word_1_89' title='bbox 461 1173 633 1237; x_wconf 86' lang='lat' dir='ltr'><strong>inclinari</strong></span> <span class='ocrx_word' id='word_1_90' title='bbox 625 1195 656 1236; x_wconf 89' lang='lat' dir='ltr'><strong>ru</strong></span> <span class='ocrx_word' id='word_1_91' title='bbox 679 1173 915 1254; x_wconf 86' lang='lat' dir='ltr'><strong>longitudinibus</strong></span> <span class='ocrx_word' id='word_1_92' title='bbox 938 1177 1064 1252; x_wconf 89' lang='lat' dir='ltr'><strong>mediis,</strong></span> <span class='ocrx_word' id='word_1_93' title='bbox 1095 1177 1127 1239; x_wconf 90' lang='lat' dir='ltr'><strong>id</strong></span> <span class='ocrx_word' id='word_1_94' title='bbox 1150 1179 1286 1242; x_wconf 91' lang='lat' dir='ltr'><strong>admira·</strong></span> <span class='ocrx_word' id='word_1_95' title='bbox 1399 1195 1413 1228; x_wconf 61' lang='grc' dir='ltr'><strong>ι</strong></span> <span class='ocrx_word' id='word_1_96' title='bbox 1459 1163 1467 1264; x_wconf 66' lang='lat' dir='ltr'><strong>i</strong></span> 
     </span>
     <span class='ocr_line' id='line_1_11' title="bbox 138 1259 1435 1349; baseline 0.005 -26"><span class='ocrx_word' id='word_1_97' title='bbox 138 1262 245 1324; x_wconf 88' lang='lat' dir='ltr'><strong>biliter</strong></span> <span class='ocrx_word' id='word_1_98' title='bbox 267 1280 315 1324; x_wconf 91' lang='lat' dir='ltr'><strong>me</strong></span> <span class='ocrx_word' id='word_1_99' title='bbox 339 1263 557 1326; x_wconf 87' lang='lat' dir='ltr'><strong>confirmavit&#39;</strong></span> <span class='ocrx_word' id='word_1_100' title='bbox 514 1272 579 1326; x_wconf 89' lang='lat' dir='ltr'><strong>tm</strong></span> <span class='ocrx_word' id='word_1_101' title='bbox 603 1279 708 1327; x_wconf 83' lang='lat' dir='ltr'><strong>errore</strong></span> <span class='ocrx_word' id='word_1_102' title='bbox 734 1264 792 1326; x_wconf 93' lang='lat' dir='ltr'><strong>hoc</strong></span> <span class='ocrx_word' id='word_1_103' title='bbox 821 1263 858 1326; x_wconf 91' lang='lat' dir='ltr'><strong>de</strong></span> <span class='ocrx_word' id='word_1_104' title='bbox 886 1273 968 1327; x_wconf 94' lang='lat' dir='ltr'><strong>motu</strong></span> <span class='ocrx_word' id='word_1_105' title='bbox 999 1265 1173 1347; x_wconf 89' lang='lat' dir='ltr'><strong>planetae</strong></span> <span class='ocrx_word' id='word_1_106' title='bbox 1164 1288 1195 1331; x_wconf 91' lang='lat' dir='ltr'><strong>m</strong></span> <span class='ocrx_word' id='word_1_107' title='bbox 1217 1268 1286 1349; x_wconf 89' lang='lat' dir='ltr'><strong>ipsa</strong></span> <span class='ocrx_word' id='word_1_108' title='bbox 1420 1259 1435 1271; x_wconf 66' lang='grc'><strong>’“</strong></span> 
     </span>
     <span class='ocr_line' id='line_1_12' title="bbox 139 1350 1282 1436; baseline 0.007 -24"><span class='ocrx_word' id='word_1_109' title='bbox 139 1350 270 1434; x_wconf 79' lang='lat' dir='ltr'><strong>epicycli</strong></span> <span class='ocrx_word' id='word_1_110' title='bbox 293 1350 551 1428; x_wconf 87' lang='lat' dir='ltr'><strong>circumferentia,</strong></span> <span class='ocrx_word' id='word_1_111' title='bbox 576 1353 661 1434; x_wconf 86' lang='lat' dir='ltr'><strong>cujus</strong></span> <span class='ocrx_word' id='word_1_112' title='bbox 680 1360 780 1416; x_wconf 90' lang='lat' dir='ltr'><strong>motus</strong></span> <span class='ocrx_word' id='word_1_113' title='bbox 797 1363 880 1416; x_wconf 88' lang='lat' dir='ltr'><strong>esset</strong></span> <span class='ocrx_word' id='word_1_114' title='bbox 901 1354 1049 1436; x_wconf 90' lang='lat' dir='ltr'><strong>regularis</strong></span> <span class='ocrx_word' id='word_1_115' title='bbox 1068 1376 1087 1417; x_wconf 88' lang='lat' dir='ltr'><strong>a</strong></span> <span class='ocrx_word' id='word_1_116' title='bbox 1103 1357 1184 1420; x_wconf 88' lang='lat' dir='ltr'><strong>linea</strong></span> <span class='ocrx_word' id='word_1_117' title='bbox 1198 1357 1282 1436; x_wconf 83' lang='lat' dir='ltr'><strong>ANy,</strong></span> 
     </span>
    </p>

    <p class='ocr_par' dir='ltr' id='par_1_7' title="bbox 139 1438 1282 1526">
     <span class='ocr_line' id='line_1_13' title="bbox 139 1438 1282 1526; baseline 0.007 -24"><span class='ocrx_word' id='word_1_118' title='bbox 139 1459 180 1502; x_wconf 85' lang='lat' dir='ltr'><strong>ex</strong></span> <span class='ocrx_word' id='word_1_119' title='bbox 200 1443 231 1504; x_wconf 89' lang='lat' dir='ltr'>A</span> <span class='ocrx_word' id='word_1_120' title='bbox 255 1438 328 1503; x_wconf 90' lang='lat' dir='ltr'><strong>Sole</strong></span> <span class='ocrx_word' id='word_1_121' title='bbox 350 1460 404 1522; x_wconf 90' lang='lat' dir='ltr'><strong>per</strong></span> <span class='ocrx_word' id='word_1_122' title='bbox 426 1443 456 1506; x_wconf 91' lang='lat' dir='ltr'>N</span> <span class='ocrx_word' id='word_1_123' title='bbox 480 1449 614 1504; x_wconf 88' lang='lat' dir='ltr'><strong>centrum</strong></span> <span class='ocrx_word' id='word_1_124' title='bbox 645 1442 772 1525; x_wconf 84' lang='lat' dir='ltr'><strong>epicycli</strong></span> <span class='ocrx_word' id='word_1_125' title='bbox 803 1450 901 1507; x_wconf 88' lang='lat' dir='ltr'><strong>eunte.</strong></span> <span class='ocrx_word' id='word_1_126' title='bbox 949 1442 1060 1526; x_wconf 82' lang='lat' dir='ltr'><strong>Cogita</strong></span> <span class='ocrx_word' id='word_1_127' title='bbox 1082 1447 1146 1525; x_wconf 91' lang='lat' dir='ltr'><strong>ipse</strong></span> <span class='ocrx_word' id='word_1_128' title='bbox 1176 1446 1282 1521; x_wconf 89' lang='lat' dir='ltr'><strong>lector,</strong></span> 
     </span>
    </p>

    <p class='ocr_par' dir='ltr' id='par_1_8' title="bbox 139 1530 1280 1614">
     <span class='ocr_line' id='line_1_14' title="bbox 139 1530 1280 1614; baseline 0.007 -23"><span class='ocrx_word' id='word_1_129' title='bbox 139 1537 171 1592; x_wconf 89' lang='lat' dir='ltr'><strong>et</strong></span> <span class='ocrx_word' id='word_1_130' title='bbox 194 1530 256 1592; x_wconf 85' lang='lat' dir='ltr'><strong>vim</strong></span> <span class='ocrx_word' id='word_1_131' title='bbox 279 1531 449 1610; x_wconf 83' lang='lat' dir='ltr'><strong>argumenti</strong></span> <span class='ocrx_word' id='word_1_132' title='bbox 478 1532 701 1611; x_wconf 86' lang='lat' dir='ltr'><strong>persentisces:</strong></span> <span class='ocrx_word' id='word_1_133' title='bbox 732 1532 884 1614; x_wconf 87' lang='lat' dir='ltr'><strong>quianon</strong></span> <span class='ocrx_word' id='word_1_134' title='bbox 907 1535 1012 1614; x_wconf 84' lang='lat' dir='ltr'><strong>putavi</strong></span> <span class='ocrx_word' id='word_1_135' title='bbox 1042 1535 1108 1598; x_wconf 87' lang='lat' dir='ltr'><strong>fieri</strong></span> <span class='ocrx_word' id='word_1_136' title='bbox 1133 1535 1195 1599; x_wconf 93' lang='lat' dir='ltr'><strong>ullo</strong></span> <span class='ocrx_word' id='word_1_137' title='bbox 1219 1535 1280 1599; x_wconf 92' lang='lat' dir='ltr'><strong>alio</strong></span> 
     </span>
    </p>

    <p class='ocr_par' dir='ltr' id='par_1_9' title="bbox 133 1619 1040 1702">
     <span class='ocr_line' id='line_1_15' title="bbox 133 1619 1040 1702; baseline 0.004 -20"><span class='ocrx_word' id='word_1_138' title='bbox 133 1619 239 1682; x_wconf 92' lang='lat' dir='ltr'><strong>medio</strong></span> <span class='ocrx_word' id='word_1_139' title='bbox 262 1637 366 1699; x_wconf 90' lang='lat' dir='ltr'><strong>posse,</strong></span> <span class='ocrx_word' id='word_1_140' title='bbox 388 1626 424 1682; x_wconf 93' lang='lat' dir='ltr'><strong>ut</strong></span> <span class='ocrx_word' id='word_1_141' title='bbox 444 1621 586 1702; x_wconf 86' lang='lat' dir='ltr'><strong>planetae</strong></span> <span class='ocrx_word' id='word_1_142' title='bbox 610 1622 711 1685; x_wconf 89' lang='lat' dir='ltr'><strong>orbita</strong></span> <span class='ocrx_word' id='word_1_143' title='bbox 732 1622 910 1684; x_wconf 89' lang='lat' dir='ltr'><strong>redderetur</strong></span> <span class='ocrx_word' id='word_1_144' title='bbox 933 1623 1040 1686; x_wconf 89' lang='lat' dir='ltr'><strong>ovalis.</strong></span> 
     </span>
    </p>

    <p class='ocr_par' dir='ltr' id='par_1_10' title="bbox 131 1708 1496 2147">
     <span class='ocr_line' id='line_1_16' title="bbox 226 1708 1494 1796; baseline 0.005 -26"><span class='ocrx_word' id='word_1_145' title='bbox 226 1709 314 1771; x_wconf 88' lang='lat' dir='ltr'><strong>Haeo</strong></span> <span class='ocrx_word' id='word_1_146' title='bbox 342 1709 443 1790; x_wconf 89' lang='lat' dir='ltr'><strong>itaque</strong></span> <span class='ocrx_word' id='word_1_147' title='bbox 472 1729 539 1772; x_wconf 91' lang='lat' dir='ltr'><strong>cum</strong></span> <span class='ocrx_word' id='word_1_148' title='bbox 568 1711 614 1772; x_wconf 88' lang='lat' dir='ltr'><strong>ita</strong></span> <span class='ocrx_word' id='word_1_149' title='bbox 641 1711 715 1773; x_wconf 91' lang='lat' dir='ltr'><strong>mihi</strong></span> <span class='ocrx_word' id='word_1_150' title='bbox 746 1708 941 1788; x_wconf 89' lang='lat' dir='ltr'><strong>incidissent,</strong></span> <span class='ocrx_word' id='word_1_151' title='bbox 980 1713 1071 1794; x_wconf 91' lang='lat' dir='ltr'><strong>plane</strong></span> <span class='ocrx_word' id='word_1_152' title='bbox 1101 1731 1224 1774; x_wconf 89' lang='lat' dir='ltr'><strong>securus</strong></span> <span class='ocrx_word' id='word_1_153' title='bbox 1257 1713 1295 1776; x_wconf 91' lang='lat' dir='ltr'><strong>de</strong></span> <span class='ocrx_word' id='word_1_154' title='bbox 1322 1713 1494 1796; x_wconf 87' lang='lat' dir='ltr'><strong>quantitate</strong></span> 
     </span>
     <span class='ocr_line' id='line_1_17' title="bbox 134 1798 1496 1885; baseline 0.002 -23"><span class='ocrx_word' id='word_1_155' title='bbox 134 1799 264 1880; x_wconf 88' lang='lat' dir='ltr'><strong>hujus&#39;</strong></span> <span class='ocrx_word' id='word_1_156' title='bbox 255 1817 411 1878; x_wconf 77' lang='lat' dir='ltr'><strong>ingressus</strong></span> <span class='ocrx_word' id='word_1_157' title='bbox 438 1799 478 1861; x_wconf 92' lang='lat' dir='ltr'><strong>ad</strong></span> <span class='ocrx_word' id='word_1_158' title='bbox 505 1798 617 1876; x_wconf 86' lang='lat' dir='ltr'><strong>latera,</strong></span> <span class='ocrx_word' id='word_1_159' title='bbox 648 1798 785 1863; x_wconf 90' lang='lat' dir='ltr'><strong>nimimm</strong></span> <span class='ocrx_word' id='word_1_160' title='bbox 808 1801 844 1862; x_wconf 92' lang='lat' dir='ltr'><strong>de</strong></span> <span class='ocrx_word' id='word_1_161' title='bbox 869 1820 1015 1864; x_wconf 88' lang='lat' dir='ltr'><strong>consensu</strong></span> <span class='ocrx_word' id='word_1_162' title='bbox 1039 1821 1246 1878; x_wconf 91' lang='lat' dir='ltr'><strong>numerorum,</strong></span> <span class='ocrx_word' id='word_1_163' title='bbox 1274 1804 1340 1885; x_wconf 86' lang='lat' dir='ltr'><strong>jam</strong></span> <span class='ocrx_word' id='word_1_164' title='bbox 1367 1805 1496 1867; x_wconf 85' lang='lat' dir='ltr'><strong>alterum</strong></span> 
     </span>
     <span class='ocr_line' id='line_1_18' title="bbox 133 1888 1494 1977; baseline 0.004 -27"><span class='ocrx_word' id='word_1_165' title='bbox 133 1889 174 1951; x_wconf 89' lang='lat' dir='ltr'><strong>de</strong></span> <span class='ocrx_word' id='word_1_166' title='bbox 198 1888 301 1950; x_wconf 88' lang='lat' dir='ltr'><strong>Marte</strong></span> <span class='ocrx_word' id='word_1_167' title='bbox 333 1889 517 1969; x_wconf 87' lang='lat' dir='ltr'><strong>triumphum</strong></span> <span class='ocrx_word' id='word_1_168' title='bbox 550 1889 608 1969; x_wconf 91' lang='lat' dir='ltr'><strong>egi.</strong></span> <span class='ocrx_word' id='word_1_169' title='bbox 663 1890 769 1970; x_wconf 90' lang='lat' dir='ltr'><strong>Neque</strong></span> <span class='ocrx_word' id='word_1_170' title='bbox 799 1889 872 1953; x_wconf 91' lang='lat' dir='ltr'><strong>mihi</strong></span> <span class='ocrx_word' id='word_1_171' title='bbox 900 1891 1021 1953; x_wconf 87' lang='lat' dir='ltr'><strong>diflicile</strong></span> <span class='ocrx_word' id='word_1_172' title='bbox 1045 1892 1219 1968; x_wconf 88' lang='lat' dir='ltr'><strong>videbatur,</strong></span> <span class='ocrx_word' id='word_1_173' title='bbox 1253 1893 1280 1954; x_wconf 91' lang='lat' dir='ltr'><strong>si</strong></span> <span class='ocrx_word' id='word_1_174' title='bbox 1303 1893 1375 1977; x_wconf 93' lang='lat' dir='ltr'><strong>quid</strong></span> <span class='ocrx_word' id='word_1_175' title='bbox 1397 1894 1494 1956; x_wconf 91' lang='lat' dir='ltr'><strong>adhuc</strong></span> 
     </span>
     <span class='ocr_line' id='line_1_19' title="bbox 131 1974 1496 2094; baseline 0.001 -52"><span class='ocrx_word' id='word_1_176' title='bbox 131 1979 218 2042; x_wconf 86' lang='lat' dir='ltr'><strong>iuter</strong></span> <span class='ocrx_word' id='word_1_177' title='bbox 240 1995 380 2039; x_wconf 91' lang='lat' dir='ltr'><strong>numeros</strong></span> <span class='ocrx_word' id='word_1_178' title='bbox 404 1986 487 2040; x_wconf 90' lang='lat' dir='ltr'><strong>esset</strong></span> <span class='ocrx_word' id='word_1_179' title='bbox 510 1974 686 2053; x_wconf 87' lang='lat' dir='ltr'><strong>discordiae,</strong></span> <span class='ocrx_word' id='word_1_180' title='bbox 711 1980 741 2041; x_wconf 94' lang='lat' dir='ltr'><strong>id</strong></span> <span class='ocrx_word' id='word_1_181' title='bbox 765 2002 805 2057; x_wconf 78' lang='grc' dir='ltr'><strong>ιφ</strong></span> <span class='ocrx_word' id='word_1_182' title='bbox 822 1985 1070 2074; x_wconf 80' lang='grc' dir='ltr'><strong>ιιροσθαφαιριιι</strong></span> <span class='ocrx_word' id='word_1_183' title='bbox 1091 1999 1145 2060; x_wconf 89' lang='lat' dir='ltr'><strong>per</strong></span> <span class='ocrx_word' id='word_1_184' title='bbox 1163 1979 1286 2094; x_wconf 85' lang='lat' dir='ltr'><strong>minima</strong></span> <span class='ocrx_word' id='word_1_185' title='bbox 1304 1983 1496 2047; x_wconf 82' lang='lat' dir='ltr'><strong>circumcirca</strong></span> 
     </span>
     <span class='ocr_line' id='line_1_20' title="bbox 132 2067 762 2147; baseline -0.002 -16"><span class='ocrx_word' id='word_1_186' title='bbox 132 2067 300 2147; x_wconf 89' lang='lat' dir='ltr'><strong>dissipare,</strong></span> <span class='ocrx_word' id='word_1_187' title='bbox 323 2075 359 2129; x_wconf 94' lang='lat' dir='ltr'><strong>ut</strong></span> <span class='ocrx_word' id='word_1_188' title='bbox 380 2068 556 2131; x_wconf 89' lang='lat' dir='ltr'><strong>redderetur</strong></span> <span class='ocrx_word' id='word_1_189' title='bbox 579 2067 762 2138; x_wconf 86' lang='lat' dir='ltr'><strong>insensibile.</strong></span> 
     </span>
    </p>

    <p class='ocr_par' dir='ltr' id='par_1_11' title="bbox 131 2141 1507 2597">
     <span class='ocr_line' id='line_1_21' title="bbox 226 2141 1494 2242; baseline 0.004 -24"><span class='ocrx_word' id='word_1_190' title='bbox 226 2156 275 2218; x_wconf 86' lang='lat' dir='ltr'><strong>Ae</strong></span> <span class='ocrx_word' id='word_1_191' title='bbox 303 2174 376 2231; x_wconf 92' lang='lat' dir='ltr'><strong>uos,</strong></span> <span class='ocrx_word' id='word_1_192' title='bbox 409 2155 486 2218; x_wconf 91' lang='lat' dir='ltr'><strong>bone</strong></span> <span class='ocrx_word' id='word_1_193' title='bbox 511 2157 617 2234; x_wconf 88' lang='lat' dir='ltr'><strong>lector,</strong></span> <span class='ocrx_word' id='word_1_194' title='bbox 640 2177 695 2240; x_wconf 90' lang='lat' dir='ltr'><strong>par</strong></span> <span class='ocrx_word' id='word_1_195' title='bbox 718 2164 767 2220; x_wconf 89' lang='lat' dir='ltr'><strong>est</strong></span> <span class='ocrx_word' id='word_1_196' title='bbox 789 2158 977 2237; x_wconf 88' lang='lat' dir='ltr'><strong>triumphet</strong></span> <span class='ocrx_word' id='word_1_197' title='bbox 978 2178 1026 2242; x_wconf 79' lang='lat' dir='ltr'><strong>am</strong></span> <span class='ocrx_word' id='word_1_198' title='bbox 1050 2158 1218 2238; x_wconf 89' lang='lat' dir='ltr'><strong>splendido</strong></span> <span class='ocrx_word' id='word_1_199' title='bbox 1232 2141 1381 2222; x_wconf 83' lang='lat' dir='ltr'><strong>dieculam</strong></span> <span class='ocrx_word' id='word_1_200' title='bbox 1404 2179 1494 2223; x_wconf 88' lang='lat' dir='ltr'><strong>uuam</strong></span> 
     </span>
     <span class='ocr_line' id='line_1_22' title="bbox 132 2245 1493 2329; baseline 0.001 -19"><span class='ocrx_word' id='word_1_201' title='bbox 132 2245 287 2328; x_wconf 87' lang='lat' dir='ltr'><strong>(capita&#39;</strong></span> <span class='ocrx_word' id='word_1_202' title='bbox 277 2264 399 2326; x_wconf 90' lang='lat' dir='ltr'><strong>mquam</strong></span> <span class='ocrx_word' id='word_1_203' title='bbox 424 2246 582 2326; x_wconf 90' lang='lat' dir='ltr'><strong>sequeutia</strong></span> <span class='ocrx_word' id='word_1_204' title='bbox 605 2247 749 2329; x_wconf 90' lang='lat' dir='ltr'><strong>quinque)</strong></span> <span class='ocrx_word' id='word_1_205' title='bbox 773 2247 946 2326; x_wconf 86' lang='lat' dir='ltr'><strong>indulgere,</strong></span> <span class='ocrx_word' id='word_1_206' title='bbox 971 2247 1110 2310; x_wconf 91' lang='lat' dir='ltr'><strong>cohibitis</strong></span> <span class='ocrx_word' id='word_1_207' title='bbox 1134 2249 1251 2310; x_wconf 90' lang='lat' dir='ltr'><strong>interea</strong></span> <span class='ocrx_word' id='word_1_208' title='bbox 1273 2268 1368 2311; x_wconf 91' lang='lat' dir='ltr'><strong>novae</strong></span> <span class='ocrx_word' id='word_1_209' title='bbox 1391 2249 1493 2312; x_wconf 89' lang='lat' dir='ltr'><strong>rebel-</strong></span> 
     </span>
     <span class='ocr_line' id='line_1_23' title="bbox 131 2335 1507 2421; baseline 0.001 -23"><span class='ocrx_word' id='word_1_210' title='bbox 131 2335 224 2398; x_wconf 91' lang='lat' dir='ltr'><strong>lionis</strong></span> <span class='ocrx_word' id='word_1_211' title='bbox 247 2335 426 2411; x_wconf 88' lang='lat' dir='ltr'><strong>rumoribus,</strong></span> <span class='ocrx_word' id='word_1_212' title='bbox 451 2355 488 2397; x_wconf 88' lang='lat' dir='ltr'><strong>ue</strong></span> <span class='ocrx_word' id='word_1_213' title='bbox 512 2345 677 2419; x_wconf 77' lang='lat' dir='ltr'><strong>apparatus</strong></span> <span class='ocrx_word' id='word_1_214' title='bbox 701 2337 759 2398; x_wconf 91' lang='lat' dir='ltr'><strong>iste</strong></span> <span class='ocrx_word' id='word_1_215' title='bbox 783 2336 869 2398; x_wconf 92' lang='lat' dir='ltr'><strong>uobis</strong></span> <span class='ocrx_word' id='word_1_216' title='bbox 893 2337 970 2400; x_wconf 87' lang='lat' dir='ltr'><strong>citra</strong></span> <span class='ocrx_word' id='word_1_217' title='bbox 992 2338 1179 2417; x_wconf 89' lang='lat' dir='ltr'><strong>voluptatem</strong></span> <span class='ocrx_word' id='word_1_218' title='bbox 1201 2345 1317 2416; x_wconf 89' lang='lat' dir='ltr'><strong>pereat.</strong></span> <span class='ocrx_word' id='word_1_219' title='bbox 1364 2337 1398 2401; x_wconf 90' lang='lat' dir='ltr'><strong>Si</strong></span> <span class='ocrx_word' id='word_1_220' title='bbox 1422 2339 1507 2421; x_wconf 74' lang='lat' dir='ltr'><strong>quid·</strong></span> 
     </span>
     <span class='ocr_line' id='line_1_24' title="bbox 133 2425 1493 2509; baseline 0.003 -21"><span class='ocrx_word' id='word_1_221' title='bbox 133 2425 278 2508; x_wconf 86' lang='lat' dir='ltr'><strong>deinceps</strong></span> <span class='ocrx_word' id='word_1_222' title='bbox 301 2425 370 2501; x_wconf 80' lang='lat' dir='ltr'><strong>erit,</strong></span> <span class='ocrx_word' id='word_1_223' title='bbox 396 2443 450 2487; x_wconf 92' lang='lat' dir='ltr'><strong>suo</strong></span> <span class='ocrx_word' id='word_1_224' title='bbox 473 2433 609 2504; x_wconf 90' lang='lat' dir='ltr'><strong>tempore</strong></span> <span class='ocrx_word' id='word_1_225' title='bbox 633 2432 665 2488; x_wconf 87' lang='lat' dir='ltr'><strong>et</strong></span> <span class='ocrx_word' id='word_1_226' title='bbox 688 2425 790 2488; x_wconf 93' lang='lat' dir='ltr'><strong>ordine</strong></span> <span class='ocrx_word' id='word_1_227' title='bbox 813 2444 1014 2508; x_wconf 81' lang='lat' dir='ltr'><strong>peragemus:</strong></span> <span class='ocrx_word' id='word_1_228' title='bbox 1034 2428 1100 2509; x_wconf 88' lang='lat' dir='ltr'><strong>jam</strong></span> <span class='ocrx_word' id='word_1_229' title='bbox 1123 2427 1242 2509; x_wconf 90' lang='lat' dir='ltr'><strong>quidem</strong></span> <span class='ocrx_word' id='word_1_230' title='bbox 1266 2427 1397 2504; x_wconf 86' lang='lat' dir='ltr'><strong>hilares,</strong></span> <span class='ocrx_word' id='word_1_231' title='bbox 1422 2435 1493 2492; x_wconf 86' lang='lat' dir='ltr'><strong>tuuc</strong></span> 
     </span>
     <span class='ocr_line' id='line_1_25' title="bbox 134 2513 623 2597; baseline -0.004 -19"><span class='ocrx_word' id='word_1_232' title='bbox 134 2524 236 2578; x_wconf 86' lang='lat' dir='ltr'><strong>autem</strong></span> <span class='ocrx_word' id='word_1_233' title='bbox 257 2513 353 2597; x_wconf 89' lang='lat' dir='ltr'><strong>gnavi</strong></span> <span class='ocrx_word' id='word_1_234' title='bbox 376 2522 408 2577; x_wconf 91' lang='lat' dir='ltr'><strong>et</strong></span> <span class='ocrx_word' id='word_1_235' title='bbox 429 2515 553 2577; x_wconf 91' lang='lat' dir='ltr'><strong>strenui.</strong></span> <span class='ocrx_word' id='word_1_236' title='bbox 618 2581 623 2594; x_wconf 59' lang='grc'><strong>,</strong></span> 
     </span>
    </p>
   </div>
   <div class='ocr_carea' id='block_1_7' title="bbox 586 3019 951 3131">
    <p class='ocr_par' dir='ltr' id='par_1_12' title="bbox 586 3019 951 3131">
     <span class='ocr_line' id='line_1_26' title="bbox 586 3019 951 3131; baseline -0.003 -26"><span class='ocrx_word' id='word_1_237' title='bbox 586 3019 588 3024; x_wconf 49' lang='grc'>’</span> <span class='ocrx_word' id='word_1_238' title='bbox 667 3029 787 3131; x_wconf 90' lang='lat' dir='ltr'><strong>Caput</strong></span> <span class='ocrx_word' id='word_1_239' title='bbox 817 3027 951 3105; x_wconf 90' lang='lat' dir='ltr'>XLVI.</span> 
     </span>
    </p>
   </div>
   <div class='ocr_carea' id='block_1_8' title="bbox 128 3221 1488 3398">
    <p class='ocr_par' dir='ltr' id='par_1_13' title="bbox 128 3221 1488 3398">
     <span class='ocr_line' id='line_1_27' title="bbox 128 3221 1488 3398; baseline 0.003 -110"><span class='ocrx_word' id='word_1_240' title='bbox 128 3226 293 3305; x_wconf 76' lang='lat' dir='ltr'><strong>anrnodo</strong></span> <span class='ocrx_word' id='word_1_241' title='bbox 318 3225 457 3289; x_wconf 63' lang='lat' dir='ltr'><strong>memte</strong></span> <span class='ocrx_word' id='word_1_242' title='bbox 474 3225 579 3307; x_wconf 80' lang='lat' dir='ltr'><strong>possit</strong></span> <span class='ocrx_word' id='word_1_243' title='bbox 599 3225 816 3398; x_wconf 59' lang='lat' dir='ltr'><strong>limpmqootaa</strong></span> <span class='ocrx_word' id='word_1_244' title='bbox 840 3224 993 3378; x_wconf 53' lang='grc' dir='ltr'><strong>ιιῑαιιὲξιι</strong></span> <span class='ocrx_word' id='word_1_245' title='bbox 1014 3243 1056 3288; x_wconf 82' lang='lat' dir='ltr'><strong>ea</strong></span> <span class='ocrx_word' id='word_1_246' title='bbox 1078 3223 1226 3307; x_wconf 76' lang='lat' dir='ltr'><strong>opinione</strong></span> <span class='ocrx_word' id='word_1_247' title='bbox 1244 3223 1360 3308; x_wconf 76' lang='lat' dir='ltr'><strong>capitia</strong></span> <span class='ocrx_word' id='word_1_248' title='bbox 1372 3221 1488 3304; x_wconf 82' lang='lat' dir='ltr'><strong>XLV,</strong></span> 
     </span>
     <span class='ocr_line' id='line_1_28' title="bbox 737 3335 888 3398; baseline -0.007 -19"><span class='ocrx_word' id='word_1_249' title='bbox 737 3336 827 3398; x_wconf 80' lang='lat' dir='ltr'><strong>saque</strong></span> <span class='ocrx_word' id='word_1_250' title='bbox 849 3335 888 3379; x_wconf 84' lang='lat' dir='ltr'><strong>ea</strong></span> 
     </span>
    </p>
   </div>
   <div class='ocr_carea' id='block_1_9' title="bbox 122 3455 1511 4972">
    <p class='ocr_par' dir='ltr' id='par_1_14' title="bbox 122 3455 1511 4904">
     <span class='ocr_line' id='line_1_29' title="bbox 213 3455 1489 3566; baseline 0.002 -31"><span class='ocrx_word' id='word_1_251' title='bbox 213 3471 340 3554; x_wconf 82' lang='grc' dir='ltr'><strong>Οιρίιι</strong></span> <span class='ocrx_word' id='word_1_252' title='bbox 362 3473 509 3554; x_wconf 83' lang='lat' dir='ltr'><strong>superiori</strong></span> <span class='ocrx_word' id='word_1_253' title='bbox 538 3493 630 3538; x_wconf 88' lang='lat' dir='ltr'><strong>eausa</strong></span> <span class='ocrx_word' id='word_1_254' title='bbox 661 3474 814 3560; x_wconf 92' lang='lat' dir='ltr'><strong>quidem</strong></span> <span class='ocrx_word' id='word_1_255' title='bbox 804 3476 887 3540; x_wconf 88' lang='lat' dir='ltr'><strong>dicta</strong></span> <span class='ocrx_word' id='word_1_256' title='bbox 909 3484 971 3546; x_wconf 90' lang='lat' dir='ltr'><strong>est,</strong></span> <span class='ocrx_word' id='word_1_257' title='bbox 997 3494 1056 3557; x_wconf 88' lang='lat' dir='ltr'><strong>qua</strong></span> <span class='ocrx_word' id='word_1_258' title='bbox 1078 3473 1142 3535; x_wconf 82' lang='lat' dir='ltr'><strong>fleri</strong></span> <span class='ocrx_word' id='word_1_259' title='bbox 1164 3455 1278 3555; x_wconf 87' lang='lat' dir='ltr'><strong>possit,</strong></span> <span class='ocrx_word' id='word_1_260' title='bbox 1308 3481 1343 3537; x_wconf 90' lang='lat' dir='ltr'><strong>ut</strong></span> <span class='ocrx_word' id='word_1_261' title='bbox 1354 3474 1489 3566; x_wconf 88' lang='lat' dir='ltr'><strong>planet</strong></span> 
     </span>
     <span class='ocr_line' id='line_1_30' title="bbox 124 3557 1489 3647; baseline 0.002 -21"><span class='ocrx_word' id='word_1_262' title='bbox 124 3562 311 3626; x_wconf 86' lang='lat' dir='ltr'><strong>acirculari</strong></span> <span class='ocrx_word' id='word_1_263' title='bbox 344 3563 443 3626; x_wconf 86' lang='lat' dir='ltr'><strong>orbita</strong></span> <span class='ocrx_word' id='word_1_264' title='bbox 475 3565 612 3628; x_wconf 91' lang='lat' dir='ltr'><strong>aberret:</strong></span> <span class='ocrx_word' id='word_1_265' title='bbox 645 3563 807 3630; x_wconf 91' lang='lat' dir='ltr'><strong>delineatio</strong></span> <span class='ocrx_word' id='word_1_266' title='bbox 835 3585 907 3629; x_wconf 90' lang='lat' dir='ltr'><strong>vero</strong></span> <span class='ocrx_word' id='word_1_267' title='bbox 938 3563 1121 3646; x_wconf 89' lang='lat' dir='ltr'><strong>geometrica</strong></span> <span class='ocrx_word' id='word_1_268' title='bbox 1152 3563 1271 3627; x_wconf 90' lang='lat' dir='ltr'><strong>itineris</strong></span> <span class='ocrx_word' id='word_1_269' title='bbox 1300 3557 1404 3647; x_wconf 85' lang='lat' dir='ltr'><strong>nequit</strong></span> <span class='ocrx_word' id='word_1_270' title='bbox 1433 3583 1489 3646; x_wconf 89' lang='lat' dir='ltr'><strong>per</strong></span> 
     </span>
     <span class='ocr_line' id='line_1_31' title="bbox 124 3652 1487 3738; baseline 0.001 -22"><span class='ocrx_word' id='word_1_271' title='bbox 124 3653 197 3716; x_wconf 88' lang='lat' dir='ltr'><strong>illud</strong></span> <span class='ocrx_word' id='word_1_272' title='bbox 216 3653 346 3716; x_wconf 84' lang='lat' dir='ltr'><strong>schema</strong></span> <span class='ocrx_word' id='word_1_273' title='bbox 360 3653 503 3734; x_wconf 86' lang='lat' dir='ltr'><strong>expediri</strong></span> <span class='ocrx_word' id='word_1_274' title='bbox 543 3654 623 3718; x_wconf 88' lang='lat' dir='ltr'><strong>Nam</strong></span> <span class='ocrx_word' id='word_1_275' title='bbox 643 3653 794 3737; x_wconf 83' lang='lat' dir='ltr'><strong>epicyclus</strong></span> <span class='ocrx_word' id='word_1_276' title='bbox 813 3655 974 3718; x_wconf 88' lang='lat' dir='ltr'><strong>inclinatur</strong></span> <span class='ocrx_word' id='word_1_277' title='bbox 987 3675 1041 3738; x_wconf 90' lang='lat' dir='ltr'><strong>pro</strong></span> <span class='ocrx_word' id='word_1_278' title='bbox 1056 3652 1242 3733; x_wconf 88' lang='lat' dir='ltr'><strong>longitudine</strong></span> <span class='ocrx_word' id='word_1_279' title='bbox 1258 3652 1487 3720; x_wconf 87' lang='lat' dir='ltr'><strong>distantiarum:</strong></span> 
     </span>
     <span class='ocr_line' id='line_1_32' title="bbox 124 3742 1487 3827; baseline 0.001 -21"><span class='ocrx_word' id='word_1_280' title='bbox 124 3742 344 3806; x_wconf 89' lang='lat' dir='ltr'><strong>distantiarum</strong></span> <span class='ocrx_word' id='word_1_281' title='bbox 367 3751 468 3805; x_wconf 89' lang='lat' dir='ltr'><strong>autem</strong></span> <span class='ocrx_word' id='word_1_282' title='bbox 494 3743 653 3806; x_wconf 89' lang='lat' dir='ltr'><strong>multitudo</strong></span> <span class='ocrx_word' id='word_1_283' title='bbox 684 3751 716 3806; x_wconf 91' lang='lat' dir='ltr'><strong>et</strong></span> <span class='ocrx_word' id='word_1_284' title='bbox 742 3742 900 3826; x_wconf 87' lang='lat' dir='ltr'><strong>longitudo</strong></span> <span class='ocrx_word' id='word_1_285' title='bbox 923 3744 1056 3807; x_wconf 90' lang='lat' dir='ltr'><strong>vicissim</strong></span> <span class='ocrx_word' id='word_1_286' title='bbox 1081 3762 1118 3807; x_wconf 84' lang='lat' dir='ltr'><strong>ex</strong></span> <span class='ocrx_word' id='word_1_287' title='bbox 1141 3743 1268 3827; x_wconf 81' lang='lat' dir='ltr'><strong>epicycli</strong></span> <span class='ocrx_word' id='word_1_288' title='bbox 1290 3743 1487 3808; x_wconf 89' lang='lat' dir='ltr'><strong>conversione</strong></span> 
     </span>
     <span class='ocr_line' id='line_1_33' title="bbox 122 3831 1482 3916; baseline 0.001 -22"><span class='ocrx_word' id='word_1_289' title='bbox 122 3833 244 3913; x_wconf 83' lang='lat' dir='ltr'><strong>pendet</strong></span> <span class='ocrx_word' id='word_1_290' title='bbox 296 3831 340 3894; x_wconf 86' lang='grc' dir='ltr'><strong>Ει</strong></span> <span class='ocrx_word' id='word_1_291' title='bbox 363 3832 433 3914; x_wconf 87' lang='lat' dir='ltr'><strong>quia</strong></span> <span class='ocrx_word' id='word_1_292' title='bbox 455 3851 570 3895; x_wconf 89' lang='lat' dir='ltr'><strong>summa</strong></span> <span class='ocrx_word' id='word_1_293' title='bbox 593 3833 805 3897; x_wconf 87' lang='lat' dir='ltr'><strong>distantiarum</strong></span> <span class='ocrx_word' id='word_1_294' title='bbox 830 3836 912 3897; x_wconf 88' lang='lat' dir='ltr'><strong>iuest</strong></span> <span class='ocrx_word' id='word_1_295' title='bbox 933 3833 964 3897; x_wconf 94' lang='lat' dir='ltr'><strong>iu</strong></span> <span class='ocrx_word' id='word_1_296' title='bbox 987 3836 1078 3916; x_wconf 88' lang='lat' dir='ltr'><strong>plano</strong></span> <span class='ocrx_word' id='word_1_297' title='bbox 1101 3833 1242 3910; x_wconf 89' lang='lat' dir='ltr'><strong>ecceutri,</strong></span> <span class='ocrx_word' id='word_1_298' title='bbox 1266 3839 1300 3894; x_wconf 89' lang='lat' dir='ltr'><strong>ut</strong></span> <span class='ocrx_word' id='word_1_299' title='bbox 1327 3851 1393 3913; x_wconf 89' lang='lat' dir='ltr'><strong>cap.</strong></span> <span class='ocrx_word' id='word_1_300' title='bbox 1413 3833 1482 3896; x_wconf 88' lang='lat' dir='ltr'><strong>XL.</strong></span> 
     </span>
     <span class='ocr_line' id='line_1_34' title="bbox 124 3921 1483 4004; baseline -0.001 -19"><span class='ocrx_word' id='word_1_301' title='bbox 124 3923 385 3997; x_wconf 85' lang='lat' dir='ltr'><strong>demonstratum,</strong></span> <span class='ocrx_word' id='word_1_302' title='bbox 417 3923 521 4004; x_wconf 91' lang='lat' dir='ltr'><strong>nequit</strong></span> <span class='ocrx_word' id='word_1_303' title='bbox 557 3923 649 4002; x_wconf 88' lang='lat' dir='ltr'><strong>igitur</strong></span> <span class='ocrx_word' id='word_1_304' title='bbox 678 3923 805 3986; x_wconf 90' lang='lat' dir='ltr'><strong>inveniri</strong></span> <span class='ocrx_word' id='word_1_305' title='bbox 842 3945 878 3985; x_wconf 89' lang='lat' dir='ltr'><strong>ea</strong></span> <span class='ocrx_word' id='word_1_306' title='bbox 916 3943 1049 3998; x_wconf 90' lang='lat' dir='ltr'><strong>summa,</strong></span> <span class='ocrx_word' id='word_1_307' title='bbox 1095 3921 1154 3985; x_wconf 91' lang='lat' dir='ltr'><strong>uisi</strong></span> <span class='ocrx_word' id='word_1_308' title='bbox 1186 3921 1338 4004; x_wconf 88' lang='lat' dir='ltr'><strong>epicyclus</strong></span> <span class='ocrx_word' id='word_1_309' title='bbox 1374 3921 1424 3984; x_wconf 89' lang='lat' dir='ltr'><strong>hio</strong></span> <span class='ocrx_word' id='word_1_310' title='bbox 1451 3922 1483 3992; x_wconf 85' lang='lat' dir='ltr'><strong>iu</strong></span> 
     </span>
     <span class='ocr_line' id='line_1_35' title="bbox 124 4011 1511 4105; baseline -0.001 -32"><span class='ocrx_word' id='word_1_311' title='bbox 124 4011 330 4075; x_wconf 85' lang='lat' dir='ltr'><strong>ecceutricum</strong></span> <span class='ocrx_word' id='word_1_312' title='bbox 367 4019 593 4074; x_wconf 88' lang='lat' dir='ltr'><strong>transmutetur.</strong></span> <span class='ocrx_word' id='word_1_313' title='bbox 658 4013 718 4074; x_wconf 82' lang='lat' dir='ltr'><strong>Est</strong></span> <span class='ocrx_word' id='word_1_314' title='bbox 753 4022 853 4076; x_wconf 89' lang='lat' dir='ltr'><strong>autem</strong></span> <span class='ocrx_word' id='word_1_315' title='bbox 887 4013 1125 4076; x_wconf 89' lang='lat' dir='ltr'><strong>demonstratum</strong></span> <span class='ocrx_word' id='word_1_316' title='bbox 1161 4029 1225 4091; x_wconf 90' lang='lat' dir='ltr'><strong>cap.</strong></span> <span class='ocrx_word' id='word_1_317' title='bbox 1256 4013 1295 4074; x_wconf 93' lang='grc' dir='ltr'><strong>Π.</strong></span> <span class='ocrx_word' id='word_1_318' title='bbox 1334 4017 1366 4074; x_wconf 83' lang='grc' dir='ltr'><strong>ιι</strong></span> <span class='ocrx_word' id='word_1_319' title='bbox 1393 4029 1483 4091; x_wconf 87' lang='lat' dir='ltr'><strong>repe·</strong></span> <span class='ocrx_word' id='word_1_320' title='bbox 1497 4077 1511 4105; x_wconf 46' lang='lat'><strong>·</strong></span> 
     </span>
     <span class='ocr_line' id='line_1_36' title="bbox 123 4100 1482 4184; baseline -0.001 -20"><span class='ocrx_word' id='word_1_321' title='bbox 123 4101 208 4165; x_wconf 90' lang='lat' dir='ltr'><strong>titum</strong></span> <span class='ocrx_word' id='word_1_322' title='bbox 237 4119 309 4182; x_wconf 87' lang='lat' dir='ltr'><strong>cap.</strong></span> <span class='ocrx_word' id='word_1_323' title='bbox 340 4100 494 4164; x_wconf 90' lang='lat' dir='ltr'>XXXIX.</span> <span class='ocrx_word' id='word_1_324' title='bbox 525 4108 557 4162; x_wconf 90' lang='lat' dir='ltr'><strong>et</strong></span> <span class='ocrx_word' id='word_1_325' title='bbox 585 4110 761 4184; x_wconf 89' lang='lat' dir='ltr'><strong>usurpatum</strong></span> <span class='ocrx_word' id='word_1_326' title='bbox 792 4122 856 4184; x_wconf 91' lang='lat' dir='ltr'><strong>cap.</strong></span> <span class='ocrx_word' id='word_1_327' title='bbox 881 4103 957 4177; x_wconf 90' lang='lat' dir='ltr'><strong>XL,</strong></span> <span class='ocrx_word' id='word_1_328' title='bbox 989 4100 1117 4184; x_wconf 89' lang='lat' dir='ltr'><strong>quodsi</strong></span> <span class='ocrx_word' id='word_1_329' title='bbox 1142 4100 1291 4164; x_wconf 91' lang='lat' dir='ltr'><strong>scribatur</strong></span> <span class='ocrx_word' id='word_1_330' title='bbox 1318 4117 1357 4160; x_wconf 89' lang='lat' dir='ltr'><strong>ex</strong></span> <span class='ocrx_word' id='word_1_331' title='bbox 1378 4107 1482 4163; x_wconf 82' lang='lat' dir='ltr'><strong>centro</strong></span> 
     </span>
     <span class='ocr_line' id='line_1_37' title="bbox 124 4187 1481 4274; baseline 0 -21"><span class='ocrx_word' id='word_1_332' title='bbox 124 4214 143 4253; x_wconf 86' lang='grc' dir='ltr'><strong>ιι</strong></span> <span class='ocrx_word' id='word_1_333' title='bbox 164 4189 380 4254; x_wconf 87' lang='lat' dir='ltr'><strong>conceutricus</strong></span> <span class='ocrx_word' id='word_1_334' title='bbox 404 4189 625 4253; x_wconf 89' lang='lat' dir='ltr'><strong>semidiametro</strong></span> <span class='ocrx_word' id='word_1_335' title='bbox 642 4191 761 4274; x_wconf 89' lang='lat' dir='ltr'><strong>aequali</strong></span> <span class='ocrx_word' id='word_1_336' title='bbox 776 4191 835 4274; x_wconf 90' lang='lat' dir='ltr'><strong>ipsi</strong></span> <span class='ocrx_word' id='word_1_337' title='bbox 849 4193 900 4269; x_wconf 78' lang='grc' dir='ltr'><strong>βι,</strong></span> <span class='ocrx_word' id='word_1_338' title='bbox 924 4192 1012 4274; x_wconf 91' lang='lat' dir='ltr'><strong>inque</strong></span> <span class='ocrx_word' id='word_1_339' title='bbox 1032 4210 1068 4252; x_wconf 90' lang='lat' dir='ltr'><strong>eo</strong></span> <span class='ocrx_word' id='word_1_340' title='bbox 1084 4190 1235 4272; x_wconf 90' lang='lat' dir='ltr'><strong>epicyclus</strong></span> <span class='ocrx_word' id='word_1_341' title='bbox 1258 4187 1481 4254; x_wconf 86' lang='lat' dir='ltr'><strong>semidiametro</strong></span> 
     </span>
     <span class='ocr_line' id='line_1_38' title="bbox 124 4279 1482 4360; baseline -0.001 -16"><span class='ocrx_word' id='word_1_342' title='bbox 124 4282 182 4359; x_wconf 76' lang='grc' dir='ltr'><strong>ιβς</strong></span> <span class='ocrx_word' id='word_1_343' title='bbox 207 4280 365 4344; x_wconf 90' lang='lat' dir='ltr'><strong>scribatur</strong></span> <span class='ocrx_word' id='word_1_344' title='bbox 395 4279 501 4342; x_wconf 90' lang='lat' dir='ltr'><strong>deiude</strong></span> <span class='ocrx_word' id='word_1_345' title='bbox 532 4288 636 4343; x_wconf 89' lang='lat' dir='ltr'><strong>centro</strong></span> <span class='ocrx_word' id='word_1_346' title='bbox 658 4283 678 4360; x_wconf 82' lang='grc' dir='ltr'>β</span> <span class='ocrx_word' id='word_1_347' title='bbox 701 4283 885 4346; x_wconf 88' lang='lat' dir='ltr'><strong>ecceutricus</strong></span> <span class='ocrx_word' id='word_1_348' title='bbox 910 4285 950 4344; x_wconf 77' lang='grc' dir='ltr'><strong>ιλ</strong></span> <span class='ocrx_word' id='word_1_349' title='bbox 978 4279 1202 4344; x_wconf 86' lang='lat' dir='ltr'><strong>ecceutricitate</strong></span> <span class='ocrx_word' id='word_1_350' title='bbox 1225 4279 1287 4357; x_wconf 84' lang='grc' dir='ltr'><strong>αβ;</strong></span> <span class='ocrx_word' id='word_1_351' title='bbox 1321 4285 1352 4340; x_wconf 89' lang='lat' dir='ltr'><strong>et</strong></span> <span class='ocrx_word' id='word_1_352' title='bbox 1373 4286 1482 4360; x_wconf 90' lang='lat' dir='ltr'><strong>postea</strong></span> 
     </span>
     <span class='ocr_line' id='line_1_39' title="bbox 124 4367 1477 4452; baseline 0 -20"><span class='ocrx_word' id='word_1_353' title='bbox 124 4370 301 4433; x_wconf 83' lang='lat' dir='ltr'><strong>dividantur</strong></span> <span class='ocrx_word' id='word_1_354' title='bbox 325 4368 594 4446; x_wconf 83' lang='lat' dir='ltr'><strong>circumferentiae,</strong></span> <span class='ocrx_word' id='word_1_355' title='bbox 618 4390 684 4434; x_wconf 91' lang='lat' dir='ltr'><strong>cum</strong></span> <span class='ocrx_word' id='word_1_356' title='bbox 703 4371 830 4452; x_wconf 87' lang='lat' dir='ltr'><strong>epicycli</strong></span> <span class='ocrx_word' id='word_1_357' title='bbox 852 4378 915 4433; x_wconf 91' lang='lat' dir='ltr'><strong>tum</strong></span> <span class='ocrx_word' id='word_1_358' title='bbox 930 4370 1090 4434; x_wconf 88' lang='lat' dir='ltr'><strong>ecceutrici</strong></span> <span class='ocrx_word' id='word_1_359' title='bbox 1112 4371 1161 4444; x_wconf 75' lang='lat' dir='ltr'><strong>dl,</strong></span> <span class='ocrx_word' id='word_1_360' title='bbox 1185 4367 1477 4450; x_wconf 76' lang='lat' dir='ltr'><strong>iupartes‘similes:</strong></span> 
     </span>
     <span class='ocr_line' id='line_1_40' title="bbox 124 4456 1478 4543; baseline -0.001 -21"><span class='ocrx_word' id='word_1_361' title='bbox 124 4460 200 4543; x_wconf 89' lang='lat' dir='ltr'><strong>quod</strong></span> <span class='ocrx_word' id='word_1_362' title='bbox 222 4457 394 4522; x_wconf 88' lang='lat' dir='ltr'><strong>distantiae</strong></span> <span class='ocrx_word' id='word_1_363' title='bbox 416 4467 593 4540; x_wconf 89' lang='lat' dir='ltr'><strong>puuctomm</strong></span> <span class='ocrx_word' id='word_1_364' title='bbox 616 4459 773 4523; x_wconf 88' lang='lat' dir='ltr'><strong>divisionis</strong></span> <span class='ocrx_word' id='word_1_365' title='bbox 796 4479 864 4523; x_wconf 92' lang='lat' dir='ltr'><strong>cum</strong></span> <span class='ocrx_word' id='word_1_366' title='bbox 887 4461 1098 4543; x_wconf 84' lang='lat' dir='ltr'><strong>epicyclitum</strong></span> <span class='ocrx_word' id='word_1_367' title='bbox 1121 4456 1279 4520; x_wconf 90' lang='lat' dir='ltr'><strong>ecceutrici</strong></span> <span class='ocrx_word' id='word_1_368' title='bbox 1302 4466 1478 4537; x_wconf 86' lang='lat' dir='ltr'><strong>asuscepto</strong></span> 
     </span>
     <span class='ocr_line' id='line_1_41' title="bbox 124 4545 1476 4632; baseline -0.001 -21"><span class='ocrx_word' id='word_1_369' title='bbox 124 4558 231 4630; x_wconf 87' lang='lat' dir='ltr'><strong>puncto</strong></span> <span class='ocrx_word' id='word_1_370' title='bbox 255 4572 278 4612; x_wconf 82' lang='lat' dir='ltr'><strong>a</strong></span> <span class='ocrx_word' id='word_1_371' title='bbox 302 4548 379 4611; x_wconf 87' lang='lat' dir='ltr'><strong>fiant</strong></span> <span class='ocrx_word' id='word_1_372' title='bbox 400 4548 537 4630; x_wconf 90' lang='lat' dir='ltr'><strong>utrinque</strong></span> <span class='ocrx_word' id='word_1_373' title='bbox 561 4549 665 4613; x_wconf 87' lang='lat' dir='ltr'><strong>eadem</strong></span> <span class='ocrx_word' id='word_1_374' title='bbox 687 4549 886 4630; x_wconf 89' lang='lat' dir='ltr'><strong>longitudine.</strong></span> <span class='ocrx_word' id='word_1_375' title='bbox 931 4549 997 4611; x_wconf 89' lang='lat' dir='ltr'><strong>Hoc</strong></span> <span class='ocrx_word' id='word_1_376' title='bbox 1019 4546 1201 4632; x_wconf 87' lang='lat' dir='ltr'><strong>praemisso,</strong></span> <span class='ocrx_word' id='word_1_377' title='bbox 1226 4565 1292 4608; x_wconf 92' lang='lat' dir='ltr'><strong>cum</strong></span> <span class='ocrx_word' id='word_1_378' title='bbox 1314 4563 1381 4626; x_wconf 90' lang='lat' dir='ltr'><strong>cap.</strong></span> <span class='ocrx_word' id='word_1_379' title='bbox 1405 4545 1476 4610; x_wconf 85' lang='lat' dir='ltr'><strong>XL.</strong></span> 
     </span>
     <span class='ocr_line' id='line_1_42' title="bbox 124 4634 1477 4721; baseline -0.002 -19"><span class='ocrx_word' id='word_1_380' title='bbox 124 4655 175 4720; x_wconf 84' lang='lat' dir='ltr'><strong>per</strong></span> <span class='ocrx_word' id='word_1_381' title='bbox 197 4636 596 4721; x_wconf 85' lang='lat' dir='ltr'><strong>suppositionemecceutri</strong></span> <span class='ocrx_word' id='word_1_382' title='bbox 619 4638 739 4702; x_wconf 79' lang='lat' dir='ltr'><strong>facilem</strong></span> <span class='ocrx_word' id='word_1_383' title='bbox 763 4646 795 4701; x_wconf 90' lang='lat' dir='ltr'><strong>et</strong></span> <span class='ocrx_word' id='word_1_384' title='bbox 812 4638 934 4721; x_wconf 88' lang='lat' dir='ltr'><strong>planam</strong></span> <span class='ocrx_word' id='word_1_385' title='bbox 956 4637 1168 4701; x_wconf 88' lang='lat' dir='ltr'><strong>tradiderimus</strong></span> <span class='ocrx_word' id='word_1_386' title='bbox 1191 4634 1477 4700; x_wconf 85' lang='lat' dir='ltr'><strong>demonstrationem</strong></span> 
     </span>
     <span class='ocr_line' id='line_1_43' title="bbox 125 4725 1476 4810; baseline 0 -20"><span class='ocrx_word' id='word_1_387' title='bbox 125 4729 357 4808; x_wconf 90' lang='lat' dir='ltr'><strong>methodumque</strong></span> <span class='ocrx_word' id='word_1_388' title='bbox 381 4728 572 4809; x_wconf 88' lang='lat' dir='ltr'><strong>computandi</strong></span> <span class='ocrx_word' id='word_1_389' title='bbox 595 4727 776 4795; x_wconf 77' lang='lat' dir='ltr'><strong>distantias:</strong></span> <span class='ocrx_word' id='word_1_390' title='bbox 805 4727 855 4789; x_wconf 89' lang='lat' dir='ltr'><strong>hic</strong></span> <span class='ocrx_word' id='word_1_391' title='bbox 878 4747 992 4810; x_wconf 90' lang='lat' dir='ltr'><strong>quoque</strong></span> <span class='ocrx_word' id='word_1_392' title='bbox 1015 4725 1177 4791; x_wconf 83' lang='lat' dir='ltr'><strong>distantias</strong></span> <span class='ocrx_word' id='word_1_393' title='bbox 1204 4743 1260 4788; x_wconf 92' lang='lat' dir='ltr'><strong>uos</strong></span> <span class='ocrx_word' id='word_1_394' title='bbox 1283 4725 1315 4788; x_wconf 93' lang='lat' dir='ltr'><strong>iu</strong></span> <span class='ocrx_word' id='word_1_395' title='bbox 1337 4732 1476 4790; x_wconf 89' lang='lat' dir='ltr'><strong>ecceutro</strong></span> 
     </span>
     <span class='ocr_line' id='line_1_44' title="bbox 127 4814 1475 4926; baseline -0.001 -45"><span class='ocrx_word' id='word_1_396' title='bbox 127 4817 275 4904; x_wconf 85' lang='lat' dir='ltr'><strong>speculari</strong></span> <span class='ocrx_word' id='word_1_397' title='bbox 306 4833 488 4926; x_wconf 83' lang='lat' dir='ltr'><strong>possumus,</strong></span> <span class='ocrx_word' id='word_1_398' title='bbox 517 4816 574 4879; x_wconf 89' lang='lat' dir='ltr'><strong>etsi</strong></span> <span class='ocrx_word' id='word_1_399' title='bbox 603 4819 760 4900; x_wconf 89' lang='lat' dir='ltr'><strong>ponimus,</strong></span> <span class='ocrx_word' id='word_1_400' title='bbox 791 4817 862 4881; x_wconf 85' lang='lat' dir='ltr'><strong>illas</strong></span> <span class='ocrx_word' id='word_1_401' title='bbox 885 4824 968 4881; x_wconf 91' lang='lat' dir='ltr'><strong>motu</strong></span> <span class='ocrx_word' id='word_1_402' title='bbox 997 4814 1147 4899; x_wconf 86' lang='lat' dir='ltr'><strong>aequabili</strong></span> <span class='ocrx_word' id='word_1_403' title='bbox 1179 4814 1306 4898; x_wconf 81' lang='lat' dir='ltr'><strong>epicycli</strong></span> <span class='ocrx_word' id='word_1_404' title='bbox 1335 4815 1475 4897; x_wconf 87' lang='lat' dir='ltr'><strong>planetae</strong></span> 
     </span>
    </p>

    <p class='ocr_par' dir='ltr' id='par_1_15' title="bbox 1202 4919 1350 4972">
     <span class='ocr_line' id='line_1_45' title="bbox 1202 4919 1350 4972; baseline -0.014 0"><span class='ocrx_word' id='word_1_405' title='bbox 1202 4919 1264 4972; x_wconf 73' lang='lat'><strong>22*</strong></span> <span class='ocrx_word' id='word_1_406' title='bbox 1347 4965 1350 4970; x_wconf 91' lang='lat'><strong>.</strong></span> 
     </span>
    </p>
   </div>
   <div class='ocr_carea' id='block_1_10' title="bbox 0 0 1842 5532">
    <p class='ocr_par' dir='ltr' id='par_1_16' title="bbox 0 0 1842 5532">
     <span class='ocr_line' id='line_1_46' title="bbox 0 0 1842 5532; baseline 0 0"><span class='ocrx_word' id='word_1_407' title='bbox 0 0 1842 5532; x_wconf 95' lang='lat' dir='ltr'><strong> </strong></span> 
     </span>
    </p>
   </div>
  </div>
 </body>
</html>
