3674 5532
815 287 856 340 De
873 286 982 343 Motibus
1001 291 1095 344 Stellae
1112 290 1201 344 ldartir

1290 463 1506 532 administrari.
1522 461 1691 546 Qnopacto

1294 556 1345 618 via
1366 553 1454 618 nobis
1484 561 1591 636 aperta
1620 572 1691 616 esse

1294 644 1413 708 videtur
1426 644 1466 706 ad
1477 641 1692 726 geometricam

1294 733 1526 814 descriptionem
1571 731 1692 810 itineris

1292 821 1465 907 planetarii,
1480 823 1559 904 quod
1572 840 1610 884 ex
1631 822 1692 904 by-

1293 912 1412 996 pothesi
1431 930 1496 994 cap.
1511 911 1611 975 XLV.
1638 929 1692 974 se-

1293 1001 1403 1086 qnitur.
1438 1001 1583 1063 Dicamus
1597 1000 1693 1081 igitur

1294 1097 1402 1174 eaptus
1417 1110 1519 1166 causa,
1534 1090 1693 1172 planetam

1293 1199 1349 1263 per
1380 1180 1524 1242 ambitum
1562 1177 1694 1264 epieycli

1294 1275 1399 1334 tantas
1413 1289 1433 1330 a
1450 1269 1523 1332 Sole
1534 1292 1555 1330 α
1569 1268 1692 1349 digres-

1247 1383 1262 1422 ν
1296 1359 1398 1422 siones
1415 1358 1526 1435 iacere,
1555 1376 1592 1419 ao
1612 1357 1640 1420 si
1660 1355 1693 1419 in

1193 1466 1196 1471 ’
1296 1445 1540 1512 circumferentia
1563 1445 1694 1527 perlecti

1296 1537 1456 1601 eccentrici
1472 1537 1512 1599 ot
1521 1535 1587 1618 (qui
1597 1533 1693 1598 semi-

1260 1681 1263 1686 .
1294 1625 1695 1703 circulusesto,rectaladt

1295 1715 1450 1790 delinitus)
1514 1714 1693 1795 aequalibus

1294 1805 1479 1886 temporibus
1549 1803 1694 1887 aequales

1296 1913 1384 1957 arens
1400 1893 1595 1968 describeret,
1617 1899 1694 1976 puta

1297 1987 1343 2054 dr,
1367 1978 1411 2060 ιζ,
1434 1979 1614 2057 {abacia
1637 1985 1693 2058 κλς
1765 2023 1770 2034 -

1296 2073 1340 2136 sie
1363 2079 1397 2136 ut
1411 2072 1512 2154 anguli
1527 2072 1566 2134 ad
1588 2072 1610 2150 β
1632 2071 1694 2134 sint

1208 2197 1211 2202 ·
1260 2167 1263 2176 “
1295 2163 1448 2245 aequales,
1473 2162 1700 2243 etllpunctum

1198 2271 1201 2280 ¹
1293 2252 1487 2333 aequalitatis
1499 2252 1558 2314 hoc
1571 2251 1692 2334 quidem

1292 2340 1373 2416 loco,
1402 2341 1453 2404 nbi
1476 2339 1630 2424 quaeritur
1654 2339 1691 2401 de

1293 2430 1457 2494 distantiis.
1496 2427 1691 2494 Gonnectan-

330 2525 380 2581 tnr
402 2525 516 2600 puncta
549 2517 709 2582 divisionis
733 2539 809 2606 cnm*
822 2541 843 2580 a
866 2527 897 2580 et
920 2519 949 2596 β.
996 2514 1093 2598 Igitur
1121 2517 1326 2582 semicirculus
1352 2519 1402 2583 hic
1431 2518 1618 2582 eccentricus
1642 2523 1691 2580 est

331 2627 411 2671 mere
434 2608 576 2672 fictitius:
600 2616 718 2672 tantum
731 2627 786 2690 pro
802 2606 1005 2688 computanda
1021 2625 1137 2668 summa
1155 2607 1256 2687 aliqua
1275 2609 1485 2672 distantiarum
1505 2607 1688 2671 delineatur.

332 2695 452 2770 Quodsi
473 2699 598 2780 planeta
625 2705 689 2761 tam
717 2697 748 2761 in
768 2703 786 2760 t
809 2716 898 2779 quam
921 2695 983 2758 int
1004 2695 1124 2777 aequali
1147 2697 1243 2776 gradu
1266 2697 1387 2762 virtutis
1411 2697 1543 2762 exsors
1565 2715 1690 2776 promo-

334 2781 465 2864 veretur,
500 2788 746 2869 quemadmodum
766 2786 831 2866 jam
854 2784 918 2866 ipse
947 2804 1061 2866 quoque
1092 2785 1320 2850 couversionem
1354 2787 1551 2874 epieyclieam¹
1570 2802 1691 2868 semper

335 2876 535 2959 aequabiliter
557 2876 657 2941 moliri
686 2876 831 2959 ponitur,
854 2883 925 2938 tunc
949 2893 1021 2936 vere
1042 2881 1148 2954 partes
1175 2876 1268 2938 hasce
1301 2877 1432 2941 eccentri
1455 2874 1619 2958 aequales,
1652 2893 1690 2937 ex

336 2961 442 3048 quibus
466 2966 631 3029 distantias
645 2965 855 3040 desumsimns,
880 2965 1040 3028 conficeret
1058 2965 1244 3046 temporibus
1268 2966 1454 3048 aequalibus,
1479 2972 1511 3027 et
1525 2964 1690 3027 distantiae

334 3064 502 3139 temporum
523 3075 577 3137 per
601 3055 689 3136 signa
712 3054 869 3118 divisionis
891 3061 1063 3116 notatorum
1087 3056 1267 3118 essent¹hae
1295 3056 1455 3137 ipsosne,
1479 3077 1529 3130 aa,
1554 3050 1604 3130 αζ,
1628 3057 1689 3129 αθ,

335 3163 380 3220 αι,
405 3169 458 3219 aa,
480 3147 533 3221 al,
557 3163 616 3207 non
639 3152 756 3207 tantum
780 3143 967 3224 quantitate,
1001 3142 1056 3205 sed
1080 3143 1171 3206 etiam
1192 3144 1352 3208 identitate
1377 3145 1472 3209 situs:
1502 3163 1561 3206 uno
1585 3143 1689 3222 verbo,

335 3234 479 3316 planetae
501 3233 561 3296 iter
583 3240 667 3296 esset
689 3236 759 3297 set
782 3232 922 3295 circulos.

424 3321 486 3386 Sed
511 3321 581 3404 quia
602 3324 727 3402 planeta
748 3323 814 3403 ipse
839 3321 1001 3384 distantias
1025 3319 1145 3402 quidem
1168 3322 1337 3387 nominatas
1361 3329 1485 3403 propter
1499 3319 1688 3403 aequabilem

336 3411 561 3476 conversionem
593 3411 718 3493 epieycli
746 3420 956 3492 repraesentat
983 3412 1013 3474 in
1041 3410 1230 3492 quantitate,
1264 3419 1455 3493 promovetur
1478 3429 1549 3474 vero
1573 3433 1591 3474 a
1615 3409 1688 3474 Sole

335 3498 512 3582 aequalibus
536 3500 720 3582 temporibus
744 3499 961 3583 inaequaliter,
993 3501 1088 3563 minus
1117 3500 1202 3580 apud
1219 3508 1249 3577 d,
1273 3502 1341 3582 plus
1365 3502 1444 3582 apud
1466 3502 1501 3576 t,
1532 3499 1576 3562 sic
1600 3500 1687 3562 utin

335 3585 515 3671 tempore&
548 3608 603 3668 per
637 3591 697 3668 ὄβα
725 3589 846 3670 signato
874 3599 906 3654 et
928 3599 1100 3654 mensurato
1124 3610 1182 3653 non
1206 3591 1347 3654 absolvat
1370 3591 1500 3672 spatium
1523 3595 1575 3665 ds,
1607 3610 1687 3653 nan-

336 3679 467 3741 ciscatur
496 3685 597 3739 tamen
627 3677 843 3759 longitudinem
870 3680 1034 3743 distantiae
1065 3703 1123 3756 aa,
1156 3686 1187 3743 et
1216 3681 1246 3746 in
1275 3687 1409 3761 tempore
1441 3682 1509 3761 (per
1537 3681 1605 3758 λβκ
1627 3679 1688 3760 ipsi

334 3770 402 3847 erit
424 3767 580 3849 aequalem
598 3767 739 3848 angulum
757 3771 944 3840 mensurato)
967 3769 1035 3850 plus
1059 3769 1199 3832 absolvat
1221 3769 1313 3850 spatii
1336 3789 1424 3850 quam
1454 3772 1500 3846 κλ,
1525 3769 1689 3832 nancisca-

336 3867 385 3921 tur
407 3864 509 3919 tamen
532 3856 748 3938 longitudinem
763 3857 927 3921 distantiae
951 3881 1004 3934 aa,
1029 3859 1112 3939 prius
1132 3877 1204 3939 ergo
1222 3859 1316 3922 habet
1333 3859 1458 3940 planeta
1471 3859 1689 3939 longitudinem

336 3947 501 4012 distantiae
532 3969 574 4008 aa
603 3966 691 4028 quam
715 3946 745 4010 in
768 3971 782 4010 a
805 3967 875 4011 vere
898 3955 1105 4027 promovetur,
1133 3948 1215 4028 prius
1244 3949 1409 4012 distantiae
1436 3972 1478 4011 ακ
1508 3967 1596 4030 quam
1621 3947 1691 4011 ina

315 4042 562 4118 ·promoveatur:
587 4044 619 4098 et
641 4036 792 4112 vicissim,
816 4038 933 4118 quando
957 4037 987 4098 in
1013 4060 1035 4111 s,
1052 4061 1069 4099 a
1089 4045 1291 4118 promovetur,
1311 4038 1375 4118 jam
1399 4038 1456 4100 fuit
1479 4035 1626 4100 distantia
1649 4059 1690 4098 oe

336 4134 368 4188 et
385 4149 446 4202 aa,
470 4143 583 4207 proque
606 4144 644 4188 ea
662 4127 726 4208 jam
749 4125 867 4190 brevior
885 4125 986 4208 aliqua
1001 4126 1068 4190 erit
1105 4125 1235 4189 Planeta
1253 4127 1344 4207 igitur
1365 4129 1395 4189 in
1418 4150 1470 4202 aa
1492 4135 1523 4190 et
1551 4125 1690 4191 omnibus

335 4214 504 4297 hujusmodi
535 4214 631 4294 signis
660 4215 780 4297 propior
810 4223 858 4278 est
888 4222 999 4297 puncto
1031 4239 1052 4277 α
1081 4235 1169 4296 quam
1202 4215 1289 4296 signa
1318 4217 1577 4280 circumferentiae
1609 4239 1640 4292 a,
1662 4239 1688 4278 κ.

336 4305 508 4385 Ingreditur
531 4303 623 4383 igitur
645 4303 770 4385 planeta
793 4305 831 4366 ab
854 4305 997 4368 instituta
1019 4304 1121 4368 circuli
1145 4309 1190 4368 st
1212 4305 1406 4388 amplitudine
1430 4308 1468 4371 ad
1490 4313 1633 4386 punctum
1657 4327 1689 4380 α,

337 4402 439 4456 centro
463 4395 483 4472 β
505 4391 643 4467 vicinum,
668 4411 722 4455 nec
746 4413 874 4478 unquam
897 4395 927 4456 in
951 4394 1091 4458 circulum
1114 4395 1192 4457 buno
1215 4395 1321 4458 incidit
1342 4403 1554 4478 praeterquam
1574 4395 1605 4457 in
1628 4395 1690 4472 ql

335 4481 464 4566 punctis.
509 4481 591 4545 Nam
613 4483 644 4545 in
667 4482 804 4564 opposito
829 4483 1014 4547 semicirculo
1038 4485 1116 4548 ratio
1140 4485 1294 4565 ingressus
1317 4492 1366 4548 est
1388 4485 1504 4548 eadem.
1548 4519 1551 4524 ·

424 4683 452 4758 *)
473 4689 534 4744 Hoc
554 4689 624 4754 loco,
645 4690 754 4762 quando
780 4693 967 4758 computamus
995 4688 1064 4745 nibil
1083 4690 1136 4746 nisi
1161 4690 1322 4746 distantiam
1342 4645 1390 4755 ar,
1418 4692 1472 4746 hnc
1491 4697 1537 4746 est
1557 4711 1611 4768 ομ,
1639 4709 1689 4748 an·
1793 4699 1796 4706 ⁴

336 4769 420 4840 gntus
441 4769 501 4839 dpa
522 4769 636 4826 metitur
656 4777 778 4841 tempus,
800 4767 879 4840 cujus
899 4768 1023 4842 genuina
1043 4777 1073 4826 et
1092 4770 1210 4846 physica
1230 4787 1359 4830 mensura
1377 4778 1422 4828 est
1441 4772 1513 4834 alias
1534 4771 1604 4852 δαμ
1625 4774 1688 4851 pla·

340 4847 432 4915 metes,
454 4854 486 4905 ut
506 4849 580 4906 infra
598 4849 716 4922 perenis.
