3674 5532
307 251 372 322 306
788 257 828 308 De
847 256 953 310 Motibus
972 255 1064 310 Stellae
1083 257 1170 308 Martis

1256 392 1263 422 Ι

301 433 486 511 humillimo,
513 434 612 498 inesse
635 434 697 498 vim
719 437 904 500 materialem
928 457 994 500 sese
1019 435 1189 517 explicandi
1212 433 1348 498 nonnihil
1371 453 1409 498 ex
1432 435 1505 498 orbe
1528 435 1652 500 virtutis
1740 484 1744 493 .

302 525 428 589 Solaris.
480 525 566 588 Unde
599 524 764 602 evincitur,
797 525 913 590 Solaris
949 527 1084 608 corporis
1114 525 1301 606 gyrationem
1334 525 1427 588 multo
1460 532 1651 588 antevertere

303 613 432 676 omnium
460 614 648 695 planetarum
678 614 830 696 periodica
858 624 1009 697 tempora;
1042 616 1168 696 ideoque
1198 613 1237 676 ad
1270 613 1423 677 minimum
1451 613 1541 676 citius
1565 633 1653 696 quam

303 702 449 766 trimestri
472 703 571 784 spatio
594 703 698 768 Solem
721 705 815 766 semel
834 706 867 768 iu
891 726 945 768 suo
970 705 1069 786 spatio
1092 703 1202 786 gyrari.

390 793 438 856 Ac
462 812 529 856 cum
551 793 582 855 in
604 813 670 855 meo
689 793 873 876 Mysterio
898 792 1216 874 cosmographiae
1240 791 1414 866 monuerim,
1439 791 1566 854 eandem
1588 789 1651 854 sere

304 881 528 964 proportionem
542 901 610 944 esse
633 882 711 944 inter
730 881 970 952 semidiametros
990 882 1123 965 corporis
1148 881 1230 951 Solis
1246 888 1277 941 et
1300 879 1382 942 orbis
1397 880 1550 954 Mercurii,
1575 901 1651 962 quae

302 977 351 1032 est
372 969 450 1034 inter
474 971 712 1034 semidiametros
736 973 869 1052 corporis
892 974 1002 1036 Terrae
1027 980 1058 1036 et
1081 971 1162 1034 orbis
1184 972 1303 1034 Lunae:
1337 969 1407 1032 hinc
1435 988 1494 1030 non
1524 969 1652 1034 absurde

200 1093 205 1104 ·
241 1096 245 1104 ·
302 1058 502 1136 concluseris,
537 1059 580 1124 sic
603 1079 670 1122 esse
693 1061 849 1142 periodum
878 1063 959 1125 orbis
982 1060 1124 1126 Mercurii
1152 1059 1191 1122 ad
1217 1058 1374 1141 periodum
1401 1058 1536 1140 corporis
1559 1059 1652 1136 Solis,

304 1157 338 1215 ut
360 1157 408 1212 est
430 1149 570 1231 periodus
595 1150 675 1212 orbis
697 1151 801 1213 Lunae
825 1152 865 1212 ad
887 1151 1042 1233 periodum
1065 1150 1205 1236 corporis,
1223 1151 1345 1212 Terrae.
1391 1149 1439 1210 Ac
1469 1166 1535 1210 cum
1559 1147 1652 1210 semi-

302 1237 449 1301 diameter
462 1238 542 1302 orbis
557 1240 662 1302 Lunae
678 1239 718 1302 sit
734 1241 954 1321 sexagecnplus
977 1239 1193 1302 semidiametri
1216 1237 1351 1318 corporis
1367 1237 1488 1311 Terrae,
1512 1237 1653 1318 periodus

301 1347 372 1390 vero
389 1327 469 1390 orbis
482 1329 586 1391 Lunae
604 1329 672 1401 (seu
690 1329 817 1404 mensis)
834 1331 1017 1412 trigecuplns
1040 1328 1241 1412 paulominus
1256 1324 1373 1407 periodi
1388 1323 1524 1406 corporis
1539 1328 1652 1390 Terrae

305 1420 373 1490 (seu
406 1417 479 1491 diei)
512 1417 608 1480 etsie
631 1418 784 1506 proportiq
814 1419 1041 1501 amplitudiuum
1065 1418 1156 1498 dupla
1179 1416 1217 1478 ad
1239 1414 1463 1497 proportionem
1487 1424 1654 1497 temporum

301 1505 534 1588 periodicomm:
561 1504 587 1568 si
609 1499 701 1586 igitur
715 1508 806 1570 etiam
828 1508 859 1571 in
874 1509 945 1572 Sole
961 1517 992 1570 et
1006 1508 1155 1570 Mercurio
1171 1512 1277 1586 regnet
1299 1505 1453 1584 proportio
1468 1503 1569 1584 dupla,
1586 1524 1653 1569 cum

302 1595 385 1659 Solis
414 1595 548 1676 corporis
571 1595 717 1660 diameter
741 1598 782 1659 sit
803 1598 994 1679 sexagesima
1016 1597 1136 1660 circiter
1158 1593 1297 1658 diametri
1321 1593 1402 1656 orbis
1417 1593 1571 1670 Mercurii,
1594 1595 1653 1657 erit

301 1694 420 1766 tempus
443 1684 649 1748 conversionis
677 1685 760 1766 globi
782 1686 901 1750 Solaris
923 1687 1078 1750 tricesima
1100 1687 1137 1747 de
1161 1684 1266 1746 diebus
1289 1677 1348 1758 88,
1372 1690 1484 1764 quauta
1507 1690 1554 1744 est
1577 1703 1652 1748 con-

301 1773 401 1836 versio
417 1775 498 1836 orbis
514 1773 671 1838 Mercurii:
696 1775 772 1838 adeo
786 1784 820 1839 ut
842 1776 1005 1839 verisimile
1030 1776 1080 1852 sit,
1103 1774 1207 1838 Solem
1230 1771 1330 1836 triduo
1350 1771 1469 1834 circiter
1483 1773 1594 1853 gyrari.
1607 1769 1652 1848 ⁸⁰)

391 1863 446 1926 Sin
470 1871 570 1926 autem
593 1864 689 1928 mavis
712 1865 849 1928 diurnum
865 1865 931 1954 §oli
954 1873 1072 1946 tempus
1095 1862 1311 1946 praescribere,
1335 1869 1369 1924 ut
1391 1859 1498 1923 diurna
1520 1861 1653 1924 Telluris

302 1953 458 2016 conversio
482 1953 513 2014 vi
535 1953 663 2034 quadam
687 1955 857 2034 magnetica
880 1955 1069 2036 dispensetur
1099 1974 1118 2014 a
1147 1953 1253 2014 diurna
1275 1949 1357 2030 globi
1379 1949 1510 2012 Solaris·
1524 1969 1653 2014 conver-

303 2042 397 2117 sione,
421 2042 502 2106 haud
516 2043 652 2124 equidem
666 2044 904 2124 repugnaverim.
944 2044 1025 2108 Sane
1048 2042 1155 2124 rapide
1178 2041 1240 2102 ista
1257 2037 1375 2121 gyratio
1400 2037 1437 2100 ab
1461 2057 1497 2101 eo
1513 2035 1650 2120 corp'ors,

302 2133 333 2195 in
357 2153 415 2213 quo
437 2132 550 2213 primus
575 2139 659 2194 actus
684 2133 779 2194 omnis
803 2142 902 2196 motus
925 2133 1014 2208 inest,
1037 2151 1097 2193 non
1120 2130 1220 2193 aliena
1243 2148 1310 2214 esse
1334 2127 1467 2192 videtur.

391 2221 591 2286 Confirmatur
620 2229 720 2282 autem
748 2222 823 2284 haec
846 2221 945 2303 opinio
970 2223 1020 2295 (de
1045 2220 1239 2283 conversione
1263 2216 1398 2298 corporis
1421 2215 1549 2293 Solaris,
1573 2219 1654 2300 quod

302 2313 357 2375 illa
380 2311 421 2372 sit
444 2331 537 2372 causa
563 2317 661 2371 motus
689 2309 820 2391 planetis
844 2311 967 2386 ceteris)
991 2311 1048 2372 hoc
1078 2309 1143 2390 ipso
1172 2306 1309 2388 exemplo
1333 2305 1464 2369 Telluris
1496 2314 1528 2368 et
1549 2308 1653 2370 Lunae
1686 2319 1690 2332 '

302 2399 509 2481 pulcherrime.
556 2399 635 2460 Nam
667 2397 738 2478 quia
768 2401 872 2462 Lunae
903 2407 1005 2462 motus
1036 2396 1175 2479 capitalis
1198 2404 1230 2459 et
1258 2403 1440 2469 menstruus,
1474 2395 1503 2458 vi
1523 2396 1653 2460 demon-

303 2487 482 2551 strationum
505 2505 570 2566 cap.
603 2486 739 2550 XXXII.
777 2487 928 2552 xxxin.
966 2494 1192 2570 usurpatarum,
1226 2483 1344 2547 omniuo
1387 2503 1433 2548 ex·
1448 2485 1568 2548 Tellure
1599 2493 1654 2550 ceri

248 2566 253 2580 ⁸
302 2578 385 2640 fonte
409 2582 457 2636 est
479 2575 564 2650 (nam
586 2577 666 2656 quod
688 2583 736 2638 est
758 2576 807 2638 hic
831 2577 886 2642 Sol
908 2578 1040 2658 planetis
1063 2577 1187 2652 ceteris,
1218 2575 1275 2638 hoe
1307 2581 1355 2636 est
1377 2576 1472 2638 Terra
1494 2573 1599 2638 Lunae
1622 2575 1653 2638 in

303 2666 357 2730 illa
375 2661 656 2740 demonstratione).
696 2665 862 2729 Considera
884 2667 986 2747 igitur,
1010 2666 1157 2748 quomodo
1177 2665 1280 2728 Tellus
1299 2671 1404 2726 nostra
1417 2662 1521 2726 Lunae
1540 2673 1653 2728 motum

304 2755 427 2816 inierat:
454 2753 523 2816 dum
546 2773 652 2835 nempe
671 2755 774 2817 Tellus
798 2756 872 2818 haec
888 2764 994 2820 nostra
1017 2763 1049 2818 et
1075 2775 1142 2818 cum
1166 2775 1202 2818 aa
1225 2752 1342 2836 species
1359 2753 1424 2834 ejus
1451 2751 1654 2818 immaterista

304 2844 397 2906 vicies
430 2844 534 2904 novies
567 2843 658 2905 semis
688 2844 876 2908 convolvitur
908 2845 993 2910 circa
1024 2863 1109 2908 suum
1141 2864 1243 2921 axem,
1283 2841 1400 2922 species
1435 2841 1512 2904 haec
1539 2843 1654 2908 emissa

304 2941 421 2996 tantum
440 2938 546 3012 'potest
569 2930 600 2993 in
617 2932 743 3012 Lunam,
771 2942 805 2995 ut
827 2934 911 2996 illam
933 2935 1054 2998 interim
1077 2935 1171 2998 semel
1193 2935 1223 2998 in
1247 2931 1349 2996 orbem
1372 2937 1454 3012 agat,
1478 2930 1509 2994 iu
1530 2931 1653 3014 plagam

306 3003 425 3104 quideiri
449 3021 583 3096 eandem,
607 3021 638 3082 in
662 3041 750 3104 quam
773 3022 877 3086 Tellus
900 3023 969 3104 ipsa
990 3024 1096 3105 praeit

393 3109 455 3174 Sed
477 3109 535 3172 hoc
558 3109 677 3172 interim
700 3112 820 3188 mirum,
853 3121 987 3176 centrum
1009 3115 1113 3176 Lunae
1136 3111 1226 3192 duplo
1248 3108 1416 3190 longiorem
1439 3109 1550 3172 lineam
1573 3109 1654 3174 circa

305 3208 440 3264 centrum
459 3199 570 3262 Terrae
595 3200 711 3262 emetiri
734 3201 867 3283 quolibet
887 3210 1032 3284 tempore,
1056 3222 1145 3284 quam
1167 3199 1297 3280 aliquem
1320 3199 1418 3262 locum
1441 3198 1472 3260 in
1495 3199 1652 3279 superficie

306 3289 436 3353 Telluris
468 3288 622 3369 aequatori
645 3289 759 3352 circulo
786 3290 916 3354 maximo
940 3291 1152 3372 subjacentem.
1199 3287 1234 3352 Si
1264 3287 1342 3351 euim
1370 3286 1545 3370 aequalibus
1572 3297 1653 3354 tem-

304 3379 427 3460 poribus
451 3377 589 3458 aequalia
612 3379 712 3459 spatia
735 3381 936 3456 emetirentur,
959 3381 1077 3456 Lunam
1101 3377 1289 3458 sexagesimo
1304 3377 1353 3438 die
1376 3377 1495 3440 restitui
1510 3380 1652 3458 oportuit,

306 3488 372 3530 cum
396 3466 560 3546 amplitudo
585 3467 649 3548 ejus
673 3467 754 3531 orbis
786 3469 827 3532 sit
855 3470 1057 3552 sexagecupla
1082 3469 1120 3531 ad
1144 3467 1274 3532 Telluris
1304 3465 1386 3546 globi
1415 3467 1652 3548 amplitudinem.

393 3555 542 3620 Nimirum
565 3563 652 3618 tanta
674 3557 788 3620 visast
811 3559 921 3640 speciei
943 3557 1161 3622 immateriatae
1178 3555 1317 3629 Telluris,
1341 3555 1471 3618 Lunaris
1494 3576 1566 3619 vero
1582 3577 1653 3621 cor-

306 3645 391 3729 poris
413 3644 517 3726 procul
532 3644 620 3708 dubio
639 3665 749 3728 magne
771 3647 881 3712 raritas
896 3657 927 3712 et
950 3647 1108 3711 imbecillis
1124 3644 1332 3728 repugnantia
1369 3645 1475 3726 Itaque
1498 3653 1532 3708 ut
1554 3646 1653 3712 admi-

305 3737 384 3800 ratio
407 3733 533 3797 tollatur
556 3736 715 3816 perpende,
739 3737 818 3818 quod
840 3736 888 3800 his
910 3737 1020 3819 positis
1042 3735 1197 3820 principiis
1216 3735 1335 3798 omuino
1350 3752 1535 3817 consequens
1559 3745 1653 3814 esset,

306 3828 438 3900 Lunam,
472 3823 498 3885 si
520 3824 664 3886 materiae
693 3825 725 3888 vi
751 3827 839 3907 plane
868 3826 943 3891 nihil
974 3833 1154 3908 repugnaret
1182 3824 1275 3887 motui
1298 3844 1318 3884 a
1340 3825 1434 3887 Terra
1464 3825 1652 3890 extrinsecus

306 3915 409 3990 illato,
441 3912 507 3996 rapi
531 3913 637 3977 eedem
664 3914 753 3994 plane
777 3914 933 3979 celeritate
961 3936 1027 3980 cum
1060 3919 1126 3996 ipsa
1154 3913 1252 3996 specie
1277 3911 1407 3975 Telluris
1439 3913 1651 3992 immateriata,

305 4007 362 4068 hoc
392 4010 441 4065 est
463 4023 530 4065 cum
556 4002 623 4082 ipsa
645 4003 765 4068 Tellure
798 4014 829 4067 et
861 4005 1015 4069 circumire
1047 4003 1146 4087 spatio
1177 3999 1220 4067 24
1248 4002 1398 4076 horarum,
1423 4022 1480 4086 quo
1505 4011 1536 4068 et
1557 4005 1653 4068 Terra

307 4092 450 4158 circumit.
487 4091 567 4156 Nem
583 4093 641 4154 etsi
663 4112 772 4174 magna
787 4102 835 4158 est
856 4096 989 4159 tenuitas
1011 4093 1093 4156 illius
1117 4092 1230 4174 speciei
1245 4091 1375 4154 Telluris
1398 4091 1429 4154 iu
1444 4092 1589 4156 distentia
1609 4089 1652 4158 60

307 4183 608 4248 semidiametrorum:
634 4183 720 4245 unius
743 4191 845 4246 tamen
859 4186 898 4248 ad
920 4184 995 4249 nihil
1018 4184 1122 4246 eadem
1136 4191 1184 4246 est
1206 4179 1370 4264 proportio,
1389 4193 1470 4264 quae
1493 4183 1654 4266 sexaginta

308 4273 348 4336 ad
369 4271 454 4336 nibil.
491 4271 601 4351 ,ltaque
621 4271 737 4352 species
753 4273 883 4337 Telluris
906 4274 1107 4338 immateriata
1124 4271 1259 4336 vinceret
1280 4280 1376 4334 totum
1395 4292 1505 4350 assem,
1529 4273 1557 4336 si
1577 4272 1654 4336 nihil

307 4364 466 4428 resisteret
487 4360 582 4423 Luna.

399 4448 516 4524 Quodsi
539 4449 605 4531 quis
628 4467 666 4511 ex
688 4467 734 4510 me
758 4459 899 4530 quaerat,
931 4451 1018 4535 quale
1042 4450 1133 4534 igitur
1156 4469 1264 4532 corpus
1288 4468 1356 4512 esse
1380 4449 1462 4514 Solis
1485 4457 1601 4530 putem,
1634 4471 1655 4512 a

309 4562 365 4624 quo
388 4540 464 4602 haec
488 4539 604 4621 species
627 4537 737 4602 motrix
761 4537 936 4604 descendit?
960 4561 1027 4606 eum
1049 4541 1079 4604 iu
1102 4541 1180 4604 hunc
1195 4540 1313 4602 modum
1330 4557 1385 4620 ego
1405 4539 1496 4621 jubeo
1510 4538 1654 4620 progredi

309 4627 435 4695 ulterius
459 4629 600 4710 analogia
623 4629 707 4704 duce,
731 4635 761 4690 et
785 4631 906 4707 suadeo,
930 4639 963 4694 ut
985 4628 1126 4712 inspiciat
1149 4629 1318 4711 exemplum
1340 4628 1430 4708 paulo
1444 4636 1513 4692 ente
1537 4647 1652 4692 memo-

310 4719 369 4782 rati
391 4717 540 4799 magnetis
563 4718 741 4794 accuratius,
765 4717 849 4799 cujus
871 4720 967 4784 virtus
989 4721 1104 4784 residet
1130 4719 1160 4782 in
1184 4719 1321 4782 universo
1346 4736 1468 4798 corpore
1491 4716 1653 4798 magnetis,

312 4827 378 4877 cum
401 4807 533 4890 ejusdem
555 4809 633 4874 mole
657 4806 775 4886 crescit,
799 4827 865 4874 cum
884 4809 1112 4878 comminutione
1141 4807 1222 4872 illius
1246 4805 1417 4875 diminuitur
1440 4815 1472 4872 et
1491 4809 1568 4892 ipsa
1604 4810 1654 4872 Ita
