3640 5538
332 305 398 376 ltu
750 301 1257 361 momentanearum

332 490 464 546 culariter
484 495 606 552 ancus,
626 489 679 543 hoc
698 493 743 542 est
764 505 815 558 quo
836 487 923 543 minus
944 489 1030 542 Terra
1049 487 1125 544 illum
1152 489 1226 545 iuter
1245 490 1420 547 decidendum
1440 489 1563 562 perlecta
1583 503 1675 551 sesan

332 574 359 626 in
380 570 509 624 cuculum
530 569 631 640 rapiat
673 569 715 622 'l'u
731 567 799 637 jam,
821 575 911 624 macto
932 568 1056 634 sadada
1077 571 1197 640 lapidem
1217 571 1344 641 aliquem,
1366 571 1445 625 immo
1465 579 1592 638 montem,
1613 591 1675 630 nrm

332 653 444 706 Tellure
465 651 492 704 iu
512 649 585 704 libra
606 651 745 720 appende,
776 656 809 704 ut
828 650 1032 720 proportionem
1052 651 1191 721 explores.
1232 651 1275 705 Sit
1302 652 1375 721 lapis
1404 653 1430 706 in
1450 653 1527 722 pedis
1548 655 1676 710 mmidia·

331 739 427 786 metro.
464 731 587 801 Quinque
607 731 691 800 pedes
712 737 834 800 aequant
853 746 965 800 passum
985 739 1015 784 et
1029 729 1106 785 5000
1120 731 1194 784 mille
1214 747 1321 800 passus
1343 739 1372 784 et
1387 731 1486 786 20000
1499 733 1624 798 milliare,
1645 739 1677 790 et

336 809 489 868 17200000
509 810 738 866 semidiametrum
751 810 853 864 Terrae
874 818 1002 881 aequant
1042 811 1106 866 Jam
1125 827 1267 880 corporum
1287 813 1428 882 proportio
1447 820 1492 866 est
1511 814 1596 883 tripla
1615 813 1675 868 dia·

331 901 486 948 metrorum.
526 890 650 945 invenias
672 889 699 944 in
729 907 834 944 summa
855 885 892 944 22
912 893 1025 962 ligurus.
1064 893 1141 963 Ergo
1169 891 1220 946 tibi
1249 891 1324 945 mille
1352 907 1452 961 passus
1473 893 1606 946 dividendi
1634 895 1677 948 sie

333 979 405 1036 suut,
421 980 453 1026 ut
464 971 618 1042 particulae
629 975 659 1023 et
671 987 798 1024 uumerus
812 971 948 1040 expleant
962 966 1000 1026 22
1013 972 1128 1042 figuras,
1143 987 1204 1024 cum
1217 971 1292 1025 mille
1306 987 1404 1042 passus
1418 974 1492 1027 solas
1507 973 1525 1029 4
1539 981 1675 1044 aequem

333 1061 390 1108 tres
412 1053 573 1106 deterantur
588 1050 735 1121 utrinque,
766 1066 833 1124 ergo
854 1069 925 1105 unus
946 1067 1045 1120 passus
1075 1051 1102 1104 in
1122 1059 1166 1105 tot
1186 1052 1337 1122 particulas
1358 1053 1461 1116 abibit,
1483 1058 1550 1124 quot
1567 1053 1678 1107 nomini

336 1134 371 1188 19
391 1132 502 1203 cyphris
522 1138 638 1200 possunt
657 1131 755 1186 efferri.
795 1137 858 1202 Age
874 1131 934 1199 jam
954 1139 985 1184 et
1011 1131 1166 1201 hujusmodi
1191 1133 1319 1186 minutias
1340 1133 1455 1204 collige,
1482 1133 1522 1186 sio
1550 1141 1583 1186 ut
1601 1133 1676 1204 lapis

334 1213 385 1267 tibi
407 1229 460 1266 uon
481 1229 531 1282 per
552 1228 634 1264 unum
654 1211 751 1280 pulsus
771 1211 963 1275 intervallum,
985 1214 1034 1266 sed
1054 1211 1077 1266 si
1098 1212 1178 1265 lubet
1196 1229 1247 1283 per
1267 1213 1361 1266 boram
1382 1215 1470 1266 eundo
1490 1214 1626 1268 redeundo
1647 1214 1678 1268 ‘n

333 1299 398 1348 adro
419 1293 544 1355 haereat,
566 1297 596 1344 et
614 1291 676 1344 vide
697 1298 828 1363 quantam
848 1291 886 1346 sis
907 1293 1053 1346 effecturus
1072 1291 1152 1346 unius
1172 1308 1271 1361 passm
1292 1294 1465 1362 particulam,
1487 1309 1557 1363 quae
1578 1293 1676 1348 metis·

333 1381 379 1428 tur
393 1373 543 1426 interstitia
551 1387 680 1442 egressus
695 1380 724 1425 et
738 1371 852 1442 illapsus
868 1372 965 1441 lapidis
979 1372 1220 1442 perpendicularis.
1240 1377 1313 1444 Age,
1338 1373 1493 1445 priusquam
1509 1375 1544 1426 ad
1557 1379 1677 1428 tormen-

333 1461 390 1508 tum
410 1453 526 1516 veniam,
548 1451 734 1505 admirabilem
755 1453 806 1506 tibi
827 1451 925 1506 faciam
945 1451 1017 1506 banc
1037 1451 1250 1522 disputationem
1271 1453 1398 1523 exemplo
1412 1453 1516 1506 Lunae.
1553 1454 1619 1507 Cum
1639 1452 1679 1507 sit

332 1537 427 1590 Lunae
448 1549 546 1602 corpus
567 1538 710 1594 terrestre,
738 1532 812 1595 0100,
844 1533 867 1586 si
887 1531 990 1586 adimas
1011 1533 1120 1602 utrique
1141 1539 1242 1586 motum
1262 1541 1292 1586 et
1313 1533 1364 1586 rim
1385 1533 1543 1596 animalem,
1569 1533 1679 1588 coitura

333 1629 456 1684 corpora.
496 1616 538 1667 Ac
558 1627 617 1666 cum
637 1612 675 1667 sit
686 1613 766 1667 Luna
789 1617 833 1683 0,,
855 1614 888 1665 de
908 1615 995 1667 Terra
1014 1613 1139 1676 circiter,
1159 1629 1227 1684 crgo
1248 1612 1271 1666 si
1292 1613 1327 1666 41
1350 1616 1418 1667 dant
1442 1607 1481 1668 60
1509 1613 1678 1668 semidiame-

333 1701 392 1750 tros
422 1691 571 1748 mundae
592 1691 716 1756 siderum,
750 1693 872 1772 ldabit
904 1695 964 1761 1¹1„
1006 1694 1103 1764 ltaque
1135 1694 1183 1762 1¹2,
1206 1693 1411 1747 semidiametris
1440 1709 1525 1763 supra
1554 1700 1679 1748 neuim

332 1777 436 1830 Terrae
454 1789 550 1828 versus
570 1772 675 1827 Lunam
696 1779 741 1826 est
760 1774 836 1828 locus
857 1773 944 1828 coitus
965 1773 1091 1827 sidemm.
1133 1773 1212 1826 Nunc
1239 1781 1358 1844 unaque
1387 1781 1479 1828 autem
1508 1789 1559 1827 sna
1586 1773 1680 1827 anima

334 1855 471 1911 retinetur
491 1848 532 1921 (l.
554 1869 581 1908 e.
602 1849 759 1924 gravitate)
780 1871 815 1906 ue
835 1859 947 1915 coeant,
979 1862 1018 1906 ut=
1031 1869 1084 1923 ego
1106 1861 1192 1922 caput
1210 1852 1237 1908 in
1259 1853 1368 1907 sublimi
1398 1863 1479 1907 teneo
1504 1853 1530 1906 vi
1555 1852 1678 1916 animali,

335 1937 405 2008 quod
426 1933 497 1988 citra
516 1949 577 1987 eam
596 1949 614 1987 a
632 1934 734 1987 Terrae
758 1941 887 2004 magnete
913 1933 941 1986 in
966 1933 1152 2002 pavimentum
1175 1934 1393 2003 pertraheretur.
1430 1932 1506 1995 Quod
1524 1941 1617 1987 autem
1635 1933 1680 1986 ita

334 2017 371 2072 sit
392 2019 524 2085 apparet,
546 2013 619 2084 quia,
641 2027 711 2084 quae
740 2020 835 2083 partes
855 2015 957 2066 Terrae
987 2030 1040 2066 non
1070 2013 1180 2067 sortiter
1208 2020 1274 2068 sunt
1293 2028 1419 2067 annexae
1440 2015 1550 2078 Terrae,
1572 2014 1679 2067 lunam

335 2100 500 2167 sequuntur,
529 2101 561 2148 ut
582 2093 668 2148 maria
688 2094 723 2148 sd
742 2095 848 2149 Lunam
875 2111 912 2147 ex
937 2093 1061 2147 omnibus
1090 2092 1225 2147 lateribus
1254 2094 1344 2148 mundi
1374 2094 1426 2146 sub
1454 2093 1680 2163 perpendiculum

334 2179 430 2232 Lunae
452 2175 634 2236 contendunt,
661 2189 723 2228 cum
743 2173 798 2228 sint
819 2175 889 2227 bene
909 2173 1026 2236 librata,
1056 2179 1089 2226 ut
1107 2189 1223 2244 magnes
1248 2174 1275 2226 iu
1297 2189 1371 2244 aqna
1394 2179 1494 2228 namus
1519 2180 1570 2228 aut
1595 2187 1681 2243 super

336 2273 401 2310 acus
423 2255 542 2324 cuspide,
565 2271 616 2308 neo
635 2269 654 2308 a
672 2254 701 2308 ri
720 2253 838 2308 Telluris
858 2253 972 2308 multum
993 2251 1183 2323 impediantur.
1217 2255 1359 2307 Accedunt
1378 2252 1464 2325 igitur
1486 2269 1541 2324 qua
1562 2259 1681 2323 possum

336 2353 373 2391 sc.
395 2336 441 2390 via
459 2335 593 2397 circulari,
616 2352 649 2387 ne
663 2335 800 2388 Tellurem
820 2333 921 2404 potiori
941 2333 968 2387 vi
988 2335 1144 2388 umentem
1164 2334 1300 2390 deserant
1339 2334 1393 2388 Sed
1413 2349 1472 2387 cum
1491 2333 1572 2387 elusa
1591 2331 1681 2388 mis

336 2415 480 2470 eeleritate
500 2414 596 2468 Lunae
617 2415 845 2484 praeveniantur,
868 2414 930 2483 ipsa
948 2414 1100 2469 tenacitate
1121 2429 1173 2467 sua
1192 2421 1223 2467 et
1242 2414 1339 2468 subtus
1360 2413 1514 2483 asperitate
1533 2413 1610 2468 lundi
1630 2413 1680 2467 im·

335 2495 492 2567 pediautur,
515 2511 567 2565 quo
587 2493 674 2548 minus
696 2494 823 2549 celeriter
843 2494 894 2548 sub
914 2495 1010 2547 Lunae
1030 2493 1253 2564 perpendiculum
1273 2495 1450 2556 mnteudaut,
1481 2510 1578 2564 nempe
1604 2494 1682 2548 iutra

337 2575 466 2645 tropicos,
488 2575 548 2626 ideo
561 2574 642 2627 Luua
661 2575 782 2629 abeunte
803 2591 821 2629 a
840 2573 954 2645 fastigio
968 2574 1038 2628 coeli
1057 2573 1220 2628 relabuntur
1240 2575 1269 2628 in
1290 2574 1417 2644 antiquas
1439 2577 1525 2638 sedes,
1540 2580 1571 2627 et
1590 2573 1681 2628 reditu

337 2673 386 2710 suo
408 2653 486 2708 nobis
507 2670 611 2708 omnem
632 2669 762 2708 oceanum
781 2654 931 2710 Britanniis
947 2654 1136 2718 circumfusum
1155 2655 1260 2709 duobus
1282 2671 1301 2708 a
1320 2654 1419 2708 Galliis
1441 2661 1470 2708 et
1490 2671 1508 2707 a
1527 2653 1682 2725 Norwegia

336 2734 481 2792 aestuariis
502 2733 624 2804 implent
646 2735 717 2788 unde
731 2751 768 2790 ex
788 2751 901 2790 occursu
922 2734 1064 2803 utriusque
1089 2735 1161 2788 iuter
1180 2734 1340 2788 Britannias
1361 2741 1391 2788 et
1410 2733 1537 2806 Belgium
1561 2733 1681 2805 plurima

337 2831 424 2872 arena
444 2807 549 2883 (boul)
576 2814 773 2872 accumulatur.
815 2815 961 2869 Retinetur
990 2813 1076 2885 igitur
1094 2814 1176 2868 Luna
1195 2817 1232 2868 ab
1252 2814 1344 2868 anima
1363 2830 1430 2878 sua,
1460 2831 1494 2868 ne
1520 2821 1601 2869 coeat
1621 2826 1683 2868 m

280 2915 285 2928 ι
313 2897 434 2962 Terra,
464 2893 587 2967 quamvis
618 2895 691 2948 intra
719 2895 800 2949 orbes
829 2895 960 2949 virtutum
990 2895 1150 2948 uactrieum
1174 2893 1384 2952 constituantur.
1425 2895 1479 2949 Sed
1508 2911 1569 2949 cunr
1593 2895 1682 2948 Terra

336 2978 433 3032 diurno
453 2981 528 3029 motu
549 2975 766 3046 circumagatur,
797 2982 906 3028 etcum
927 2975 1013 3028 Terra
1041 2991 1098 3028 una
1116 2975 1225 3028 virtutis
1254 2975 1326 3028 orbis
1351 2976 1385 3028 ad
1405 2974 1511 3029 Lunam
1538 2981 1680 3039 extensus,

337 3058 428 3129 sitque
457 3055 514 3109 illic
543 3054 704 3110 imbecillior
733 3071 813 3126 qnam
834 3055 906 3125 apud
933 3056 1045 3108 Terram
1073 3055 1199 3124 partibus
1220 3056 1270 3118 00,
1301 3055 1366 3125 quia
1384 3055 1465 3110 Luna
1484 3071 1502 3109 a
1522 3055 1610 3110 Terra
1638 3059 1683 3108 tot

339 3135 545 3194 semidiametris
565 3136 653 3199 abest,
675 3152 743 3208 ergo
758 3151 838 3207 quarn
859 3135 930 3189 viam
948 3135 1029 3189 Luna
1049 3135 1144 3189 ivisset
1162 3152 1249 3206 prope
1263 3135 1375 3190 Terram
1388 3135 1431 3188 die
1451 3151 1514 3200 uno,
1536 3135 1682 3206 aequalem

337 3218 390 3272 lbit
414 3218 486 3272 viam
507 3215 566 3284 (vel
586 3215 712 3270 trahetur
732 3231 751 3269 a
770 3212 869 3284 Terra)
890 3215 985 3269 diebus
1006 3210 1053 3270 60.
1092 3215 1193 3269 ivisset
1219 3232 1285 3268 vero
1309 3233 1395 3286 prope
1415 3217 1527 3270 Terram
1547 3217 1581 3268 de
1602 3214 1681 3270 5400

336 3297 499 3352 milliaribus
520 3303 614 3366 partas
637 3293 673 3352 39
695 3297 728 3350 de
749 3297 800 3359 40,
830 3296 896 3366 quia
915 3311 997 3350 uuam
1017 3300 1125 3365 partem
1145 3295 1243 3350 linisset
1263 3297 1399 3350 suffurata
1423 3304 1587 3366 propterea,
1616 3294 1683 3366 qnia

337 3385 465 3446 estpars
487 3379 531 3448 ¹2„
545 3378 578 3431 de
599 3377 692 3439 Terra,
714 3375 737 3430 si
758 3376 890 3430 credimus
912 3375 1084 3430 astronomis.
1116 3377 1193 3448 Ergo
1215 3382 1245 3430 et
1264 3375 1292 3429 in
1312 3393 1362 3430 suo
1383 3377 1449 3430 orbe
1468 3393 1522 3430 uuo
1537 3375 1580 3429 die
1603 3369 1680 3429 5265

339 3457 470 3514 milliaria
489 3456 550 3520 iret,
573 3455 596 3510 si
616 3455 740 3528 aequalis
760 3456 846 3510 virtus
867 3456 916 3509 illo
929 3471 1015 3526 usqne
1034 3457 1199 3526 perveniret.
1239 3459 1279 3510 at
1297 3457 1358 3526 jam
1378 3456 1442 3527 quia
1471 3455 1557 3510 virtus
1578 3455 1682 3510 Terras

337 3538 386 3594 illo
406 3538 466 3590 loco
486 3535 646 3590 imbecillior
666 3541 696 3590 et
715 3537 850 3606 sparsior,
871 3535 958 3607 igitur
971 3537 1066 3590 diebus
1090 3535 1127 3590 60
1148 3537 1200 3590 ibit
1220 3535 1296 3591 5265
1318 3535 1447 3590 milliaria
1466 3536 1540 3590 circa
1560 3536 1681 3590 Terram

339 3617 433 3672 Habet
451 3631 516 3670 sero
537 3617 565 3670 in
585 3615 691 3670 ambitu
710 3631 760 3670 auo
780 3615 910 3687 sexagies
933 3617 1010 3670 5400
1030 3615 1166 3679 milliaria,
1188 3617 1240 3670 hoc
1260 3622 1303 3670 est
1317 3611 1434 3671 324000
1448 3615 1586 3680 milliaria,
1609 3629 1682 3688 quae

337 3697 426 3752 divisa
446 3697 473 3750 in
494 3695 578 3760 5265,
599 3696 654 3751 iter
667 3697 769 3751 dierum
790 3697 837 3760 60,
858 3698 1006 3751 ostendunt
1026 3693 1113 3766 61¹1„
1134 3696 1253 3751 ethaeo
1273 3712 1379 3750 summa
1399 3697 1426 3750 in
1442 3692 1479 3750 60
1494 3695 1682 3766 multiplicata

339 3774 459 3832 ostendit
478 3775 536 3830 dies
557 3771 643 3842 3680,
666 3777 763 3847 quibus
777 3777 863 3830 Terra
875 3776 982 3830 Lunam
1004 3775 1201 3830 circumactum
1221 3782 1272 3840 est,
1296 3776 1373 3830 suuis
1395 3793 1491 3846 nempe
1509 3773 1546 3831 10
1559 3775 1680 3838 circiter,

339 3857 469 3929 siquidem
496 3863 637 3911 constaret
655 3857 735 3912 Luna
764 3873 801 3912 ex
829 3857 946 3911 materia
973 3855 1119 3912 densitatis
1138 3856 1271 3927 ¹ejusdem
1296 3873 1356 3911 oum
1377 3857 1462 3911 Terra
1490 3863 1520 3910 et
1549 3855 1683 3927 siquidem

338 3939 419 3994 Luna
439 3937 525 3992 solum
545 3936 597 3992 hoo
616 3937 671 3992 iter
691 3939 763 3993 circa
782 3937 893 3992 Terram
915 3937 1060 3990 incederet.
1095 3937 1148 3992 Sed
1169 3937 1234 4009 quin
1253 3937 1359 3991 interim
1380 3938 1513 3991 accedunt
1530 3937 1565 3990 10
1580 3937 1684 3991 itinere

339 4020 413 4074 circa
433 4017 531 4082 Solem,
551 4017 648 4072 Lunae
668 4033 728 4072 cum
748 4019 834 4072 Terra
854 4017 1018 4080 communia.
1042 4026 1072 4071 et
1091 4018 1236 4081 incertum,
1268 4033 1322 4088 qua
1341 4017 1477 4072 densitate
1507 4017 1543 4070 sit
1563 4015 1684 4070 matema

340 4097 461 4170 corporis
481 4096 606 4163 Lunaris,
628 4099 824 4167 perturbantur
844 4097 922 4152 uobis
942 4097 998 4152 iata
1018 4097 1171 4152 ratiocinia.
1211 4099 1270 4153 Eoo
1291 4097 1397 4168 quidem
1417 4099 1490 4168 apud
1512 4112 1555 4149 me
1575 4103 1682 4150 certum

341 4189 397 4237 est:
420 4180 443 4235 si
456 4179 542 4234 Terra
554 4179 739 4233 tantummodo
753 4185 901 4249 gyraretur
915 4185 944 4232 et
957 4178 1053 4231 Lunae
1067 4193 1164 4247 corpus
1179 4178 1206 4232 iu
1220 4178 1299 4231 nulla
1312 4183 1388 4232 esset
1400 4177 1576 4247 proportione
1590 4176 1682 4230 densi·

341 4262 408 4316 tatis
429 4259 474 4314 vel
494 4258 688 4330 magnitudinis
709 4260 744 4315 ad
757 4259 876 4322 Terram,
899 4259 955 4313 lore
976 4259 1146 4327 ut,1Tellure
1166 4275 1275 4334 unaque
1295 4257 1355 4326 ejus
1370 4259 1435 4311 orbe
1448 4259 1553 4312 Lunam
1574 4256 1684 4312 contiu-

342 4347 426 4413 gente
447 4337 541 4394 diurno
568 4345 643 4392 motu
664 4339 860 4402 circumeunte,
890 4339 970 4394 Luna
998 4337 1156 4408 simpliciter
1176 4345 1315 4408 sequatur,
1337 4338 1420 4408 plane
1445 4338 1550 4392 nullam
1569 4343 1684 4408 partem

342 4423 503 4490 decerpens:
534 4420 581 4473 sed
601 4417 665 4489 quia
685 4419 718 4471 de
745 4417 870 4488 partibus
900 4419 1004 4472 itineris
1027 4415 1064 4472 50
1084 4419 1207 4488 decerpit
1236 4419 1287 4482 57,
1317 4418 1389 4471 cedit
1418 4433 1482 4470 vero
1511 4417 1609 4472 rimati
1628 4433 1685 4487 per

342 4507 437 4572 partes
466 4506 574 4554 tantum
598 4500 679 4563 duas,
709 4497 748 4552 sic
776 4503 808 4551 ut
834 4506 899 4567 post
919 4497 989 4568 29¹l,
1012 4497 1196 4552 revolutiones
1224 4499 1296 4552 orbis
1326 4497 1438 4552 virtuosi
1459 4497 1579 4552 Telluris
1598 4497 1685 4552 Luna

344 4579 428 4638 umsl
448 4579 622 4635 restituatur:
644 4596 711 4652 ergo
724 4577 785 4646 ejus
799 4577 943 4632 densitatis
964 4579 1103 4648 proportio
1118 4579 1152 4632 ad
1172 4579 1248 4632 illam
1269 4577 1452 4632 fortitudinem
1471 4577 1544 4631 orbis
1565 4575 1684 4632 vinnom

344 4668 391 4716 est
408 4677 479 4731 quae
500 4660 516 4715 2
541 4661 575 4713 ad
590 4659 637 4723 59,
657 4667 688 4712 et
706 4657 836 4728 sexagies
857 4657 944 4727 map'or
964 4659 1001 4712 ad
1013 4660 1176 4712 densitatem
1196 4659 1316 4728 corporis
1331 4658 1456 4719 Telluris,
1476 4672 1575 4727 nempe
1590 4659 1683 4712 densi·

344 4748 390 4797 tas
403 4741 497 4796 Lunae
512 4741 546 4794 ad
566 4739 729 4793 densitatem
743 4739 853 4801 Terrae,
874 4753 944 4807 qnae
968 4739 981 4792 l
1005 4740 1040 4792 ad
1062 4733 1150 4800 171ος
1172 4739 1220 4792 sed
1238 4739 1398 4809 magnitudo
1411 4739 1507 4791 Lunae
1521 4738 1556 4792 ud
1571 4737 1683 4810 magui·

345 4823 465 4876 tudinem
477 4819 586 4883 Terrae,
609 4834 678 4890 quae
694 4813 709 4873 1
725 4819 761 4871 ad
780 4818 826 4881 40,
848 4833 916 4887 ergo
930 4813 1072 4872 subtracta
1091 4819 1144 4872 hac
1157 4819 1332 4887 proportione
1345 4817 1400 4871 erit
1417 4817 1573 4888 aequalium
1593 4817 1682 4889 parti·

346 4899 470 4954 cularum
488 4897 583 4952 Lunae
603 4906 633 4952 et
651 4897 753 4953 Terras
770 4895 910 4968 proportio
930 4912 977 4962 ea,
1006 4912 1078 4968 quse
1101 4891 1113 4950 1
1137 4899 1173 4951 sd
1192 4895 1245 4961 tt,
1274 4913 1346 4968 pene
1366 4897 1488 4968 aequali·
1508 4897 1683 4968 proporu'oni
