3582 5558
533 264 563 316 aa
581 259 768 318 οοωωωιιι
787 263 819 315 aa
835 269 904 316 aaa
921 243 1009 318 sanai
1026 263 1122 318 unm.
1455 263 1503 334 33,

134 431 241 511 uuo,
263 441 343 504 tuta
367 442 532 507 anomalia
544 442 729 525 signiticaret
742 442 844 508 ohonli
857 461 968 519 aream
992 462 1068 524 qnae
1081 445 1178 527 major
1192 451 1240 508 eat
1254 463 1326 510 area
1339 444 1498 528 ellipoidis,

141 526 235 610 'desque
260 527 367 593 divisa
390 532 426 594 in
453 551 553 594 aream
576 531 679 596 circuli
702 533 858 597 constitnit
875 531 939 597 ΡΟ.
986 533 1032 595 At
1050 533 1116 613 jam
1139 553 1197 596 non
1219 541 1270 596 est
1291 533 1418 597 circulus
1443 529 1498 600 s'ed

144 617 308 698 ellipoides,
332 621 440 684 minus
465 622 583 684 conficit
604 629 637 684 et
659 621 783 686 metitur
800 629 896 686 totam
916 621 1106 698 anomaliam,
1130 640 1201 703 ergo
1215 624 1282 704 plus
1298 622 1334 684 de
1349 625 1499 688 anomalia

142 707 226 770 tedet
247 709 353 774 radio.
393 708 520 774 Duobus
542 711 633 792 igitur
656 712 822 776 nominibus
847 711 1055 776 eccentricitas
1078 711 1112 774 tit
1139 713 1235 775 minor
1264 732 1352 794 qnam
1374 712 1404 775 in
1426 733 1498 796 per·

144 797 218 860 lecto
242 799 377 870 circulo,
411 801 495 883 cnjus
525 801 695 865 dixeramus
726 821 793 866 essa
822 802 974 866 dimidiam
998 800 1252 865 eeoentrioitatem
1282 803 1345 882 ejus
1369 821 1444 882 qnae
1468 804 1499 868 iu

143 885 267 952 cicada.
315 889 399 952 Nam
421 890 516 969 primo
539 890 609 972 quia
631 908 671 953 ex
693 890 838 954 divisione
861 892 962 974 prodit
985 889 1138 974 quantitas
1161 889 1238 954 radii
1260 889 1322 966 PL,
1341 889 1406 968 Px,
1431 891 1497 956 ideo

142 975 188 1058 qni
210 986 290 1040 sunt
315 998 408 1060 snpra
420 978 475 1042 PL
498 985 530 1042 et
550 980 630 1043 inira
644 978 700 1044 PX
718 981 878 1062 longiores,
901 980 969 1064 plus
991 979 1146 1043 vindicant
1168 980 1205 1042 de
1229 979 1395 1042 anomaliae
1417 988 1497 1046 tem-

141 1083 223 1146 pore.
275 1067 426 1148 Tempore
448 1067 543 1154 igitur
562 1069 592 1131 in
615 1069 714 1132 medio
737 1077 895 1134 attenuato
919 1070 1000 1134 circa
1020 1069 1057 1146 L,
1081 1069 1124 1145 ht,
1150 1068 1358 1132 ecoentricitas
1382 1088 1497 1151 quoque

138 1155 167 1217 in
200 1157 403 1237 proportione
436 1157 658 1234 attenuabitur,
692 1161 870 1240 praesertim
902 1180 968 1223 cum
1001 1157 1039 1221 ab
1061 1159 1077 1221 1
1100 1158 1317 1240 multoplures
1341 1169 1498 1224 occurrant

138 1243 300 1326 longiores
331 1257 419 1328 quam
442 1269 461 1310 a
483 1247 523 1312 K.
568 1247 685 1312 Deinde
718 1249 753 1312 dt
783 1250 924 1331 aequatio
954 1249 1056 1329 optioa
1089 1247 1187 1321 POH,
1216 1254 1249 1310 et
1270 1246 1355 1326 HPO
1385 1260 1495 1326 rectus,

138 1334 281 1397 debebat
303 1335 397 1416 igitur
419 1336 447 1399 ei
470 1337 605 1418 aequalis
629 1356 697 1400 ease
720 1339 813 1414 PLH,
836 1339 886 1402 uhi
911 1339 1020 1401 iterum
1041 1336 1125 1400 HPL
1148 1344 1266 1412 rectus,
1299 1356 1365 1400 cnm
1396 1347 1497 1402 autem

134 1421 194 1487 ΡΟ
219 1423 282 1487 hoc
305 1431 355 1488 ast
376 1425 432 1488 ΡΝ
455 1425 496 1489 sit
518 1425 635 1507 longior
658 1445 745 1509 qnam
762 1427 824 1503 PL,
850 1429 908 1492 erit
929 1428 1021 1508 igitur
1043 1434 1076 1488 et
1097 1426 1205 1490 Phliu
1228 1427 1364 1506 perfecto
1387 1427 1497 1492 circulo

136 1512 264 1594 longior
288 1532 378 1594 qnam
400 1515 456 1578 ΡΗ
478 1515 697 1580 indeficiente.
743 1515 792 1580 Ex
814 1517 862 1580 his
885 1516 978 1580 etiam
1000 1521 1097 1598 patet,
1122 1535 1174 1580 cur
1199 1515 1282 1598 prius
1310 1514 1340 1578 in
1361 1517 1497 1596 perfecto

136 1602 256 1666 circulo
290 1602 519 1674 observationes
551 1605 715 1669 octantinm
750 1606 908 1670 conciliare
940 1625 1001 1671 non
1031 1604 1188 1686 potuerim
1236 1605 1386 1686 Tempora
1418 1607 1497 1670 enim

136 1692 372 1756 accumulantur
393 1711 499 1757 versus
522 1713 690 1776 apogaeum
713 1704 745 1758 et
766 1695 938 1776 perigaeum
967 1702 1074 1759 coutm
1104 1714 1222 1758 omnem
1249 1695 1353 1757 circuli
1385 1695 1493 1774 legem.

137 1781 273 1846 Vicaria
294 1800 369 1846 vero
392 1782 569 1866 hypothesis
592 1803 627 1848 eo
651 1785 716 1865 ipso
739 1784 770 1846 in
784 1784 850 1848 loco
866 1784 1093 1850 accommodata
1107 1784 1172 1856 fnit,
1197 1784 1246 1846 ubi
1260 1783 1391 1847 maxima
1406 1786 1495 1848 dide-

136 1870 260 1948 rentia,
285 1889 330 1936 sc.
354 1871 384 1936 in
408 1874 593 1950 octantibus,
619 1893 710 1954 quare
733 1872 776 1937 nil
797 1874 919 1950 mirum,
952 1873 1094 1938 vicariam
1117 1873 1246 1937 officium
1269 1871 1298 1934 in
1318 1874 1498 1940 eccentricia

136 1958 216 2024 locis
240 1959 355 2026 iacere.
379 1961 478 2028 ,Haec
502 1962 600 2026 omnia
622 1981 658 2025 eo
676 1971 826 2044 spectant,
851 1964 1019 2037 strideas,
1043 1960 1092 2046 qui
1106 1963 1160 2026 liat
1174 1969 1208 2026 ut
1221 1961 1347 2044 physica
1361 1963 1498 2028 dimidiet

138 2049 309 2132 aequantia
325 2051 591 2129 eccentricitatem,
617 2071 684 2116 cum
697 2053 811 2116 vicaria
824 2052 893 2134 plus
912 2053 1034 2119 dimidio
1058 2059 1173 2115 sumat:
1199 2051 1309 2115 etenim
1324 2069 1361 2114 ne
1374 2051 1497 2117 dubium

140 2137 297 2202 existeret
320 2138 352 2202 in
375 2139 524 2222 ellipoide,
547 2141 630 2223 prins
654 2142 868 2216 demonstravi,
891 2143 948 2205 hoe
965 2140 1029 2206 fieri
1048 2141 1157 2204 debere
1171 2139 1201 2202 in
1220 2141 1355 2223 perlecto
1378 2140 1498 2219 circulo,

137 2237 171 2292 nt
185 2229 349 2292 dimidium
363 2237 517 2307 anmatnr3
539 2238 648 2312 postea
663 2231 693 2294 in
708 2231 848 2312 ellipoide
864 2233 961 2296 minus
977 2232 1068 2296 etiam
1082 2228 1204 2293 dimidio
1220 2249 1294 2312 opus
1309 2249 1376 2292 esse
1391 2232 1497 2310 patuit

229 2317 317 2390 Quid
335 2319 402 2400 jam
424 2319 519 2384 habes
542 2319 672 2400 amplius
695 2320 774 2402 quod
789 2327 820 2384 ta
834 2322 987 2385 offendat?
1021 2320 1072 2384 An
1087 2319 1157 2401 quia
1170 2319 1380 2400 compendiose
1395 2321 1498 2403 nequit

135 2407 311 2471 calculari?
356 2407 441 2472 Nihil
464 2409 565 2484 nobis,
589 2409 630 2471 mi
651 2409 786 2485 Fabrici,
820 2417 942 2492 praeter
971 2409 1166 2492 geometriam
1199 2410 1296 2471 deest.
1342 2408 1426 2472 Doce
1451 2428 1498 2474 me

135 2497 327 2578 geometrice
347 2497 541 2576 constituere,
565 2498 722 2578 quadrare,
746 2497 910 2564 secuudum
928 2501 1032 2566 datam
1047 2497 1195 2562 rationem
1210 2517 1314 2560 secare
1329 2497 1495 2580 ellipoides,

136 2588 245 2650 statim
270 2587 389 2650 docebo
414 2594 445 2650 te
469 2607 508 2650 ex
530 2587 659 2669 genuina
681 2587 842 2670 hypothesi
865 2590 1025 2657 calculare.
1075 2587 1221 2669 Adeoque
1245 2586 1351 2650 excita¹
1367 2586 1422 2650 illa
1444 2596 1498 2651 tua

134 2676 267 2758 Belgica
300 2675 443 2756 ingenia,
473 2684 508 2740 nt
529 2676 577 2740 hio
599 2695 647 2738 me
667 2677 784 2758 juvent.
830 2677 876 2740 Eo
900 2699 993 2763 nsque
1024 2677 1164 2759 perveni,
1188 2683 1222 2740 ut
1245 2675 1360 2755 sciam,
1384 2677 1499 2741 circelli

134 2785 189 2828 seu
220 2764 357 2848 epicyoli
387 2766 479 2845 plano
517 2783 665 2832 summam
702 2766 848 2830 contineri
885 2768 1031 2833 deiectus.
1079 2765 1236 2840 Quomodo
1265 2785 1337 2829 vero
1369 2766 1409 2829 sit
1440 2767 1498 2830 hoo

135 2854 310 2937 spatiolum
339 2853 577 2920 distribuendum
606 2853 728 2937 ignoro,
759 2863 794 2918 ut
816 2856 943 2938 cuilibet
969 2855 1099 2941 portioni
1133 2855 1292 2921 eooentrici
1319 2855 1402 2938 plani
1426 2875 1497 2920 snus

134 2944 278 3008 deiectus
304 2943 504 3025 aliiudicetur.
550 2946 616 3010 Hoc
639 2944 701 3008 scio
725 2947 896 3010 mechanice
920 2967 974 3011 seu
993 2948 1051 3033 per
1079 2952 1269 3012 tenimenta
1295 2964 1494 3022 numerorum,

133 3035 163 3097 si
175 3034 257 3098 οιΑ
271 3039 380 3097 centm
393 3035 496 3097 mnndi
510 3035 606 3098 lineas
621 3035 754 3110 educam
770 3035 837 3098 etsi
848 3034 1018 3103 BAGLFB

134 3123 269 3205 aequale
306 3129 357 3184 est
385 3123 516 3203 spatium
552 3123 651 3208 spatio
684 3121 891 3201 GEKHIDO,
923 3127 1020 3208 majus
1196 3107 1251 3175 ΗΒ·
1274 3103 1317 3158 ²³·

132 3221 241 3276 umen
265 3229 338 3276 esse
356 3212 440 3276 ΕΔΒ
459 3212 558 3294 spatio
573 3210 667 3288 EOD,
692 3231 751 3276 uon
770 3213 910 3278 obstante
930 3217 1020 3298 qnod,

129 3301 160 3366 ai
184 3301 279 3366 GAK
304 3307 417 3378 rectus,
442 3309 513 3366 tunc
530 3301 668 3367 BFLAB
692 3304 818 3385 aequale
839 3324 907 3368 esse
921 3306 1020 3386 possit
1126 3350 1141 3376 ,r
1407 3348 1413 3359 κ

128 3392 239 3474 spatio
263 3388 399 3454 KEGDI
421 3399 453 3454 et
475 3390 566 3455 LAG
587 3391 689 3473 spatio
711 3393 797 3466 KHI,
820 3391 922 3475 itaque
945 3395 1017 3458 bre-

127 3482 201 3544 vius
221 3479 304 3542 KHI
327 3481 453 3562 aequale
473 3480 599 3562 longiori
618 3480 702 3559 KGI,
726 3481 797 3564 quie
819 3483 875 3547 hoo
899 3483 1015 3561 exilius,

127 3569 210 3634 sslnd
235 3567 343 3632 latins.
390 3566 506 3640 Quodsi
529 3571 585 3633 hoc
614 3572 710 3634 solum
737 3571 886 3650 sciretur,
904 3581 1017 3656 quanta
1274 3608 1276 3615 1

128 3667 222 3724 esset
243 3657 348 3741 portic
366 3655 462 3734 ECD,
481 3657 563 3735 ΚΟΙ,
587 3661 771 3741 computatio
796 3661 911 3726 facilior
934 3671 1017 3728 esset
1223 3633 1275 3739 ³¹.

129 3767 229 3834 quun
252 3749 286 3811 in
310 3746 417 3829 quavis
437 3749 499 3812 alia
520 3749 688 3833 hypothesi.
726 3751 890 3814 Possumus
912 3759 1014 3816 tamen
1074 3731 1140 3943 Χ
1223 3732 1264 3815 Ῑ

131 3839 213 3902 inire
237 3837 390 3901 rationem
413 3837 535 3914 calculi,
569 3838 731 3926 distributa
754 3839 892 3923 ellipoide
916 3842 1016 3905 orbita

130 3929 163 3992 in
186 3936 301 4012 partes
325 3921 391 3992 360
420 3927 581 4009 aequales,
619 3947 671 3991 sen
703 3928 804 4010 potius
827 3950 865 3993 ex
887 3933 1013 3995 termino
1149 3958 1186 4003 x,

130 4019 285 4101 cujusque
301 4035 390 4081 arcus
414 4017 523 4080 educta
544 4017 624 4082 linea
646 4017 686 4082 ed
704 4026 839 4085 centrum
852 4020 892 4084 A.
930 4021 1013 4085 Tunc
1250 4045 1275 4092 ι

130 4107 216 4172 euim
239 4107 319 4172 fient
341 4102 408 4170 360
435 4107 618 4189 sequebasia
649 4107 817 4190 triangula,
845 4110 1014 4175 ¹verticibus

130 4197 162 4260 in
185 4197 220 4261 A
243 4195 320 4260 Sole
350 4195 500 4260 cotuntia
546 4193 706 4279 Scitnrque
737 4199 824 4280 primi
854 4199 982 4263 altitudo
1004 4199 1081 4281 Ac,
1112 4197 1234 4285 fiirgitur
1263 4205 1391 4273 alterum
1423 4223 1491 4272 crus

131 4285 346 4370 aeqnealtnm,
381 4285 453 4368 qnia
480 4303 587 4366 parum
610 4285 706 4351 deest.
752 4288 852 4354 Datur
874 4289 966 4370 igitur
989 4311 1060 4356 area
1082 4293 1225 4376 trianguli
1253 4295 1341 4376 primi
1364 4295 1394 4358 in
1416 4314 1489 4377 pro-

132 4377 275 4458 portione
313 4395 405 4440 areae
437 4372 525 4438 GKH
556 4394 610 4440 seu
641 4373 713 4440 0111
748 4378 903 4444 subtracto
941 4380 1069 4446 deiectu.
1115 4381 1164 4446 Ex
1196 4384 1364 4464 quantitate
1400 4383 1489 4467 hujus

133 4467 278 4550 trianguli
301 4466 395 4530 datur
412 4472 534 4547 tempus
557 4485 611 4530 seu
625 4465 784 4545 anomalia,
809 4489 847 4532 ex
866 4470 1018 4534 anomalia
1040 4471 1168 4537 altitudo
1190 4475 1313 4538 secundi
1336 4474 1488 4557 trianguli,

135 4573 172 4618 ex
194 4557 354 4622 altitudine
370 4574 457 4630 area,
482 4573 520 4617 ex
533 4573 605 4618 area
618 4562 738 4638 tempus
757 4565 789 4620 et
803 4560 962 4638 anomalis,
988 4580 1063 4644 quae
1083 4562 1190 4642 juncta
1203 4562 1295 4646 priori
1320 4566 1488 4630 anomaliae

137 4649 261 4714 ostendit
290 4644 494 4713 altitudinem
526 4643 607 4708 tertii
637 4645 798 4729 trianguli,
830 4656 861 4712 et
890 4649 934 4713 sio
966 4657 1182 4732 consequenter
1217 4671 1310 4735 usque
1341 4654 1379 4717 ad
1410 4650 1486 4724 360.

131 4735 302 4827 Praecipere
327 4733 480 4820 equidem
502 4751 632 4814 possum,
657 4741 691 4798 tn
715 4757 888 4820 exsequere.

203 4829 370 4902 Describite
396 4823 479 4892 mihi
501 4829 533 4886 et
554 4831 638 4890 tuam
659 4825 839 4912 hypothesin
862 4835 894 4894 et
916 4827 1006 4911 petis,
1020 4834 1065 4930 Ιιιι
1078 4827 1193 4894 calculo
1208 4829 1386 4900 examinem.
1423 4831 1487 4902 Sed

1231 4933 1274 4988 οἱ
