3552 5562
279 297 323 368 80
694 299 794 354 Literna
812 301 914 366 Kepieri
932 301 1088 370 merumque
1098 311 1200 358 menae

274 478 338 532 tout
356 479 458 546 gehubt.
495 477 551 528 Will
570 478 694 530 demnueh
712 479 759 530 deu
779 479 859 532 Herrn
877 481 946 532 lhme
971 481 1079 534 relbrteu
1097 498 1129 532 ru
1146 483 1290 538 rerholltem
1307 485 1402 538 Besteu
1420 485 1498 540 drhlu
1515 487 1627 542 uarum

276 552 407 604 vermehnt
423 551 514 606 haben.
533 549 590 600 dese
609 551 642 602 Er
660 552 725 602 dieue
745 551 835 602 Werhb
853 559 1031 620 unausgesetat
1048 569 1081 604 un
1100 554 1167 622 'lugu
1186 555 1275 606 Liecbt
1293 557 1396 625 briugen
1414 559 1493 610 velle.

364 634 523 699 Keplerus
542 628 640 694 (meuse
652 631 714 698 hiel.
737 630 817 696 1603)
836 633 867 683 de
885 635 971 686 studiis
988 635 1038 684 suls
1056 635 1120 686 haec
1138 636 1214 686 reiert
1225 637 1371 690 llervurto:
1393 629 1495 694 Causa
1511 631 1626 695 silentii

277 721 336 783 mei
367 720 486 781 luerunt
515 716 682 779 Tabulae
712 717 887 778 Lunares.
904 713 927 790 ¹)
981 715 1063 778 Ante
1096 711 1115 778 t
1145 717 1331 798 septimanas
1362 719 1402 782 ad
1431 719 1628 802 colophonem

276 809 348 872 illas
379 807 561 870 deduxeram
575 875 577 880 ,
590 814 621 868 et
651 825 734 886 spem
771 823 981 886 conceperam,
1019 804 1184 868 transmitti
1212 825 1304 888 posse
1336 809 1450 878 statim.
1502 811 1549 876 At
1579 829 1628 872 me

277 895 408 980 suspicio
441 895 552 958 erroris
576 895 613 957 de
636 913 714 958 novo
737 895 767 956 in
791 893 924 956 laborem
953 893 1082 974 conjecit
1109 902 1140 956 et
1170 895 1339 978 descriptor
1370 897 1493 976 deerat,
1526 897 1629 981 itaque

277 989 460 1050 differendae
484 986 604 1048 fuerunt
618 992 650 1046 et
667 983 895 1066 postponendae
913 983 1085 1048 domesticis
1101 984 1241 1066 negotiis.
1279 987 1429 1050 Suaseras
1446 995 1478 1050 tn
1496 987 1628 1071 quidem,

277 1084 310 1140 ut
331 1077 406 1139 totis
430 1074 544 1137 viribus
568 1073 598 1135 in
622 1073 771 1136 theoriam
793 1073 904 1136 Martis
927 1073 1135 1147 incumberem,
1160 1073 1276 1154 etjam
1298 1084 1405 1162 autea,
1428 1076 1490 1139 tuis
1514 1077 1628 1140 exher-

277 1165 443 1229 tatiouibus
467 1169 608 1245 suscepto
632 1161 773 1239 stimulo,
797 1181 916 1224 manum
940 1161 970 1225 in
994 1161 1105 1224 tabulis
1128 1163 1336 1239 admoveram,
1359 1165 1539 1246 praesertim
1562 1187 1631 1230 cum

277 1253 315 1317 ad
331 1253 499 1317 doctrinam
523 1251 679 1333 eclipsium
694 1253 794 1316 facere
814 1251 976 1326 videretur,
1000 1249 1030 1312 iu
1044 1271 1102 1332 qua
1124 1271 1238 1314 versor.
1277 1255 1384 1336 ltaque
1404 1255 1501 1318 satius
1523 1255 1630 1338 putavi

275 1352 310 1408 ut
331 1361 497 1426 pergerem,
523 1342 660 1423 quamvis
683 1349 804 1424 praeter
827 1339 997 1422 opinionem
1019 1341 1076 1403 hoc
1091 1347 1208 1404 tautum
1223 1343 1297 1405 iecit
1318 1363 1486 1421 morarnm;
1510 1341 1631 1428 semper

278 1432 358 1498 enim
380 1435 423 1508 fit,
446 1440 480 1494 nt
502 1431 622 1494 labores
645 1429 795 1512 inprime
819 1429 902 1492 aditu
925 1437 1157 1493 contemnamus.
1182 1461 1184 1468 >

234 1580 236 1590 .
363 1520 419 1572 lam
437 1535 481 1586 per
499 1519 592 1585 aliquot
610 1534 688 1570 annes
705 1521 731 1570 in
756 1515 834 1570 literis
857 1517 890 1569 sd
908 1517 1063 1570 Herrurtum
1086 1519 1150 1570 daur
1175 1519 1298 1584 Keplerus
1322 1519 1430 1571 Martem
1453 1521 1632 1586 praetermittit

275 1594 313 1645 rel
330 1594 404 1644 verbu
422 1599 520 1643 mutum
538 1591 606 1642 illum
625 1593 714 1658 tangit
751 1593 824 1642 huuc
844 1587 911 1640 1605
929 1605 986 1640 rere
1005 1603 1064 1654 opus
1082 1605 1152 1640 suum
1170 1591 1240 1656 qnasi
1257 1591 1366 1641 maxima
1384 1607 1414 1642 ex
1432 1600 1502 1657 parte
1526 1592 1626 1642 absolu-

277 1673 330 1718 mm
348 1665 451 1716 nunciat
468 1663 612 1723 Herrnrto,
630 1677 742 1728 quaeque
760 1669 813 1712 tum
831 1661 929 1720 retulit,
949 1675 981 1712 ea
998 1661 1112 1727 leguntur
1130 1677 1185 1713 cum
1203 1663 1325 1714 Hemarti
1344 1665 1501 1728 responsione
1518 1661 1575 1714 Vel.
1594 1663 1629 1720 11.

276 1753 301 1804 p.
320 1733 354 1786 8³
374 1750 393 1785 s.
431 1734 529 1786 Deinde
548 1736 572 1786 d.
594 1731 633 1784 m.
653 1733 710 1786 Jan.
733 1731 814 1791 leot,
833 1734 974 1798 praemissis
997 1734 1189 1798 inquisitionibus
1207 1734 1392 1800 chronologicis.
1411 1735 1450 1786 his
1468 1735 1501 1786 ud
1518 1733 1629 1786 Macen

276 1817 353 1868 redit:
384 1806 515 1870 Thecria
528 1805 639 1873 Martie
655 1812 815 1887 exspectat
828 1805 968 1886 aliquem,
985 1805 1036 1886 qui
1051 1814 1166 1868 sumtus
1185 1805 1213 1869 in
1235 1825 1309 1887 opus
1326 1807 1471 1870 censerat
1500 1808 1539 1872 D.
1556 1807 1631 1870 Pis-

276 1895 372 1961 torius
396 1895 426 1958 in
450 1913 534 1977 spem
556 1915 603 1958 me
628 1895 735 1970 eiexit,
758 1902 930 1975 nuncupata
946 1893 1072 1958 Caesari
1089 1893 1292 1972 1111111800,
1317 1915 1375 1978 qua
1398 1916 1473 1977 opus
1491 1896 1631 1960 habeam.

279 1986 366 2060 Quae
387 2004 457 2066 spes
481 1983 593 2048 utinam
617 1983 690 2048 mihi
712 2005 771 2048 non
785 1985 931 2046 damnosa
954 1991 986 2045 et
999 1984 1148 2064 ¹temporis
1159 1985 1280 2065 jactura
1298 1986 1359 2048 liat.
1401 1985 1518 2058 Quodsi
1537 1983 1635 2048 etiam

276 2075 403 2160 pecnnia
426 2075 456 2138 in
477 2081 597 2156 promtu
621 2072 671 2150 eit,
693 2075 778 2156 prius
800 2072 874 2136 mihi
893 2073 1071 2154 Teugnaglii
1087 2091 1251 2137 consensus
1266 2074 1325 2136 erit
1344 2074 1559 2156 impetrandus,
1584 2075 1636 2138 cui

278 2164 441 2230 obstrictus
458 2183 533 2226 sum.
572 2163 682 2228 AdHi
690 2162 898 2244 pparcbum
920 2161 1012 2244 igitur
1027 2180 1125 2224 meum
1142 2182 1206 2226 snm
1219 2165 1405 2245 propensior.
1443 2166 1479 2228 In
1497 2163 1634 2228 Saturno

277 2261 350 2336 puto
377 2253 443 2332 jam
473 2271 568 2335 prope
600 2259 754 2333 peractam
786 2270 858 2314 rem.
903 2251 938 2314 In
971 2251 1048 2314 Jove
1080 2270 1174 2331 parva
1203 2252 1371 2316 difficultas.
1417 2251 1634 2335 EpicyclusQ

277 2342 365 2418 (mihi
389 2341 590 2415 eccentricos)
614 2340 799 2404 moderatum
822 2339 915 2402 habet
938 2339 1221 2404 eccentricitatem..
1248 2343 1283 2404 In
1313 2345 1335 2417 ii
1367 2341 1481 2426 aliquid
1513 2348 1635 2406 tentare

276 2429 393 2514 cogito:
419 2450 454 2493 eo
479 2431 658 2494 succedente
677 2429 743 2509 jam
765 2427 966 2510 Ephemerida
989 2427 1018 2490 in
1043 2437 1216 2510 sequentem
1239 2451 1347 2494 annum
1371 2431 1470 2494 animo
1495 2431 1634 2511 concepi,

275 2521 447 2586 Deovires
471 2519 618 2582 statium
642 2517 804 2598 largiente:
845 2515 996 2583 Laboravi
1020 2518 1050 2580 in
1072 2519 1211 2601 Hespero
1233 2520 1368 2584 nonnihil
1400 2540 1438 2583 ex
1466 2539 1526 2602 quo
1553 2517 1635 2582 redii
1750 2541 1756 2556 ·

276 2617 303 2681 (e
322 2617 413 2686 styria.
434 2631 512 2684 comp.
532 2617 588 2667 val.
602 2615 623 2678 1,
643 2632 667 2682 p.
687 2612 769 2684 151),
802 2606 847 2670 sic
870 2613 901 2669 et
932 2605 962 2668 in
983 2609 1088 2684 Luna,
1121 2609 1172 2672 ubi
1203 2627 1297 2671 novas
1329 2608 1397 2673 cudi
1428 2610 1567 2684 tabulas,
1597 2617 1637 2672 ut

276 2700 364 2764 Luna
387 2698 497 2761 ceteris
520 2699 574 2760 liat
597 2695 717 2762 similis.
762 2697 811 2760 Ex
833 2695 871 2760 iis
890 2695 955 2776 jam
982 2705 1032 2759 est
1059 2698 1141 2761 iacta
1163 2697 1339 2780 Ephemeris
1370 2717 1462 2780 opera
1490 2695 1633 2762 studiosi.

276 2787 400 2852 Saturni
424 2795 455 2850 et
468 2785 600 2850 Veneris
623 2785 745 2849 tabulas
768 2785 1080 2866 prosthaphaereseon
1103 2788 1185 2851 orbis
1208 2787 1297 2869 annui
1317 2786 1475 2868 generales
1491 2787 1635 2850 inchoavi

277 2885 346 2940 ante
380 2875 562 2953 discessum,
594 2875 768 2957 intereaque
799 2873 869 2936 dum
901 2874 1005 2938 absum
1035 2895 1090 2958 per
1122 2876 1289 2958 studiosum
1320 2895 1396 2958 pene
1425 2876 1547 2958 perfeci.
1594 2877 1636 2938 Iu

277 2967 382 3034 Lunae
406 2966 537 3030 motibus
561 2965 600 3028 ud
623 2984 732 3027 causas
753 2963 898 3045 physicas
920 2964 1086 3028 referendis
1115 2966 1240 3028 multum
1270 2965 1353 3028 sudo.
1399 2966 1522 3029 Etenim
1543 2966 1637 3030 Luna

279 3055 437 3118 dissimilis
458 3053 554 3118 Marti
576 3053 606 3117 iu
631 3073 683 3128 eo,
715 3051 794 3134 quod
826 3051 902 3114 duas
925 3051 1018 3116 habet
1039 3055 1272 3136 inaequalitates
1295 3055 1409 3130 reales,
1432 3056 1636 3118 marsanam

278 3145 375 3208 solum
397 3145 526 3224 realem,
558 3143 706 3225 reliquam
729 3142 859 3228 opticam
882 3159 921 3204 ex
944 3144 1016 3207 orbe
1039 3163 1148 3206 annuo.
1194 3143 1256 3207 Sed
1284 3151 1384 3208 tamen
1406 3152 1438 3206 et
1460 3143 1509 3206 hic
1531 3143 1635 3222 magis

277 3253 371 3316 nuper
393 3233 424 3296 in
447 3253 507 3298 una
529 3234 604 3296 hora
626 3231 750 3314 proieci,
775 3249 864 3313 quam
878 3228 898 3293 5
913 3231 1164 3312 praecedentibus
1180 3233 1275 3294 annis.
1312 3233 1465 3314 Exspecto
1479 3242 1581 3295 tamen
1597 3241 1638 3295 ut

277 3323 497 3387 consentientia
521 3322 579 3386 sibi
601 3329 703 3384 mutuo
727 3320 959 3402 deprehendam.

365 3411 469 3476 Habes
492 3411 610 3473 abunde
634 3410 711 3471 satis
733 3409 901 3472 verhomm.
948 3409 1029 3474 Vale
1053 3409 1110 3474 Vir
1132 3409 1211 3473 Ncb.
1236 3417 1268 3472 et
1288 3409 1391 3492 Magn.
1411 3429 1517 3492 meque
1540 3429 1634 3492 porro

277 3520 393 3584 quoqne
417 3501 483 3563 Tua
503 3497 715 3562 benevolentia
736 3498 946 3578 complectere.

190 3629 193 3636 ,
365 3589 397 3640 Iu
414 3589 572 3654 mepourime
590 3585 627 3646 (d.
651 3582 692 3636 11.
711 3585 774 3649 Mul.
795 3583 875 3648 1101)
893 3587 1081 3638 Herrrartus
1103 3559 1197 3654 gratias
1216 3600 1293 3652 egeus
1310 3602 1353 3651 pre
1371 3587 1540 3653 disquisitione
1558 3586 1634 3637 ehre-

279 3660 397 3728 nologice
415 3661 499 3710 addit:
519 3659 575 3708 Vcn
593 3657 675 3708 Herm
686 3657 791 3708 Pistorio
808 3657 858 3708 hab
875 3659 916 3708 ich
928 3673 989 3723 geru
1007 3673 1174 3716 remorumeu,
1193 3657 1251 3708 dass
1269 3658 1311 3708 der
1322 3659 1386 3710 Herr
1398 3659 1528 3710 theoriam
1541 3656 1635 3710 Martis
1690 3681 1696 3694 ·

280 3733 399 3802 gelertigt
415 3730 467 3782 und
484 3732 511 3781 in
529 3729 615 3779 Druck
633 3729 713 3796 geben
731 3729 800 3778 rrird.
837 3728 937 3778 Durani
952 3736 1047 3794 gerrurt
1064 3727 1106 3780 ich
1123 3731 1169 3780 mit
1186 3729 1337 3796 Veriangen.

367 3811 526 3875 Raptam
545 3809 580 3860 sie
597 3809 724 3873 respondit
742 3805 818 3882 (lion-
835 3809 893 3858 tun.
910 3805 1010 3872 11011
1035 3800 1260 3864 commentaria
1275 3803 1311 3864 de
1326 3801 1516 3866 restitutione
1540 3802 1636 3864 tabu-

279 3895 376 3960 lamm
399 3899 431 3953 et
452 3888 737 3970 investigationibus
760 3897 894 3953 motuum
908 3891 1019 3954 Martis
1037 3890 1103 3969 jam
1119 3889 1299 3972 sesquianno
1318 3892 1397 3972 apud
1410 3909 1457 3952 mc
1481 3889 1635 3956 desident.

282 3982 378 4064 Coepi
401 3998 491 4062 agere
515 3999 582 4042 curn
607 3977 751 4053 Caesare,
774 3979 930 4060 quiajam
951 3999 1009 4042 nou
1033 3985 1082 4041 est
1104 3979 1224 4042 occasio
1246 3981 1448 4044 faciendorum
1471 3987 1635 4059 sumtuum,

279 4084 314 4140 ot
335 4070 408 4137 mihi
430 4067 621 4152 permitteret
642 4068 772 4144 veniam,
795 4067 959 4149 quaerendi
981 4069 1074 4132 alium
1098 4068 1198 4150 operis
1220 4076 1392 4150 patronum;
1415 4087 1509 4150 neque
1530 4077 1636 4136 mmen

281 4161 355 4238 scio,
378 4161 418 4224 ad
441 4177 528 4240 quem
550 4155 740 4238 potissimum
764 4156 806 4219 sit
828 4157 965 4220 eundum.
1013 4157 1112 4229 Quam
1135 4157 1185 4220 diu
1198 4158 1272 4220 mihi
1288 4157 1426 4220 stimulus
1440 4177 1499 4220 nou
1514 4159 1637 4224 accedit

279 4273 333 4336 per
354 4247 600 4333 publicationem,
624 4264 699 4326 epus
722 4245 819 4308 cauda
841 4245 967 4321 carebit,
990 4255 1131 4328 quaeest
1149 4247 1179 4310 in
1194 4246 1252 4308 hac
1265 4247 1376 4326 pecude
1393 4245 1632 4326 pinguissimum.

369 4337 475 4396 Deinde.
489 4335 569 4387 eidem
581 4333 742 4386 Hervsrte
760 4335 910 4400 respondens
923 4335 955 4384 de
969 4336 1200 4392 „annotationibus¹¹
1214 4335 1334 4386 Praeterii
1345 4337 1370 4384 in
1384 4333 1506 4398 Tychonis
1516 4335 1634 4391 Luuuriu

281 4420 349 4486 (rita
366 4421 440 4470 finem
458 4419 530 4482 hujus
548 4415 688 4479 voluminis)
706 4417 776 4468 attia
794 4417 929 4482 Keplerua:
949 4407 1027 4488 qood
1050 4409 1160 4470 attinet
1182 4415 1271 4468 netas
1294 4407 1333 4468 ad
1354 4407 1497 4482 Lunaria,
1521 4428 1634 4490 sequar

281 4501 437 4566 consilium
460 4501 503 4564 M.
528 4491 624 4573 luae,
644 4499 694 4563 ubi
718 4519 795 4561 anno
820 4496 957 4579 sequenti
981 4496 1020 4559 ad
1041 4495 1207 4578 Hipparchi
1231 4516 1332 4558 curam
1347 4497 1413 4560 Dee
1432 4496 1632 4579 danteprius

281 4590 460 4667 transivere,
485 4585 511 4653 ei
534 4591 623 4654 modo
646 4589 719 4652 mihi
742 4607 796 4669 per
819 4587 981 4649 editionem
996 4585 1284 4650 commentariorum
1307 4585 1343 4648 de
1366 4585 1495 4648 motibus
1517 4588 1631 4652 Martis

281 4679 409 4744 licuerit
454 4681 534 4743 Nam
565 4679 623 4744 etsi
653 4678 821 4758 Vegelinns
852 4683 949 4738 artem
981 4673 1140 4756 intelligit,
1163 4673 1265 4739 nescio
1297 4682 1397 4738 tamen
1420 4695 1458 4736 an
1489 4695 1548 4738 nou
1571 4675 1632 4740 iter

281 4767 354 4832 mihi
376 4767 570 4834 nihilominus
591 4767 824 4847 Heidelbergam
857 4765 897 4828 eit
920 4764 1102 4840 laciendum,
1134 4763 1213 4845 quod
1242 4763 1290 4824 vel
1312 4763 1513 4827 bibliothecae
1537 4783 1632 4828 causa

284 4859 362 4921 alias
384 4860 522 4922 lacerem.
