3582 5558
302 283 365 352 120
705 283 823 350 mom
839 282 942 348 meree
961 281 1232 364 memqusmpme

297 485 355 570 pus
377 462 456 528 inter
482 455 567 528 1699
590 467 624 524 et
647 457 733 526 111οι1
756 469 804 526 est
826 461 922 542 majus
945 460 974 522 in
978 460 1189 566 proportione,
1212 480 1285 541 ergo
1308 467 1473 536 statuerem
1497 459 1651 564 ophelium

299 556 328 616 in
351 561 505 634 postrema
519 549 751 614 observatione
743 562 844 613 uri-0·
796 593 862 626 Η,
886 558 940 613 ant
961 551 988 612 si
1010 551 1201 630 praescirem,
1217 569 1357 631 magnam
1382 569 1449 613 esse
1469 549 1650 612 eccentrici-

297 651 392 706 tatem
415 641 536 715 Martis,
560 639 691 716 viderem
715 654 785 702 vero
808 659 913 720 parum
936 639 1054 702 differre
1077 640 1286 720 proportiones
1308 649 1476 722 temporum
1497 638 1539 704 ud
1561 658 1652 706 amus

300 738 498 814 coaequatos,
523 729 592 792 hinc
615 709 705 792 lacile
729 729 944 832 intelligerem,
969 727 1118 808 aphelium
1142 747 1210 792 esse
1235 729 1326 792 eirca
1330 729 1467 792 mediam
1490 723 1582 798 1ιι90
1605 733 1653 805 Ως

298 822 397 904 posito
421 839 492 900 ergo
517 818 668 900 apheli'o
660 838 688 881 ιιι
713 813 752 882 80
774 815 828 900 390
853 819 896 894 Ω,
916 818 981 897 jam
1004 818 1183 897 conjicerem
1205 837 1293 882 onam
1313 817 1587 900 eccentricitatsm,
1613 837 1653 881 ex

298 931 337 980 ea
367 909 517 976 mediante
550 915 683 988 tempore
717 915 900 970 exstruerem
932 925 986 988 pre
1022 901 1106 970 1604
1140 893 1364 988 sequacionem,
1404 908 1564 972 minuendo
1601 907 1653 992 vel

300 999 435 1079 angeudc
468 1017 535 1060 eam
568 997 665 1078 quoad
696 995 894 1075 responderet
916 995 1129 1060 observationi.
1166 995 1226 1058 Ubi
1249 1005 1331 1072 uota,
1353 999 1453 1078 posito
1477 992 1629 1078 aphelio'
1619 1015 1652 1060 ιιι

298 1089 367 1169 ipsa
389 1085 569 1170 acronychia
591 1081 630 1149 8⁰
653 1082 706 1149 38¹
731 1089 774 1161 Ω,
800 1076 870 1165 poni
893 1093 1004 1147 motum
1029 1085 1157 1147 medium
1176 1085 1306 1170 ibidem,
1339 1087 1457 1149 unde
1449 1086 1651 1150 remediante

297 1185 432 1257 tempore
456 1175 637 1247 derivatur
629 1195 658 1236 m
677 1169 772 1250 1601,
811 1173 862 1236 Sic
881 1175 1046 1236 constituta
1060 1152 1285 1238 eccentricitate
1302 1173 1391 1256 per2
1411 1176 1649 1250 observationes,

293 1267 361 1350 jam
384 1265 476 1328 etiam
499 1271 702 1344 computarem
725 1281 778 1342 pru
797 1263 894 1328 tertia
925 1283 1003 1338 anno
1029 1253 1132 1328 1595.
1171 1261 1294 1328 Certum
1326 1273 1427 1328 autom
1453 1273 1520 1346 est,
1551 1267 1652 1332 locum

300 1363 504 1436 computatum
528 1371 665 1418 easumm
690 1353 769 1415 ultra
792 1351 1033 1420 observatioudln
1057 1352 1094 1414 ob
1118 1351 1224 1415 vitium
1247 1353 1366 1436 aphelii.
1412 1354 1478 1416 Hoc
1509 1353 1651 1418 animad-

298 1463 387 1507 verso
402 1443 552 1525 aphelinm
567 1442 716 1521 tantisper
733 1459 937 1522 promoverem
955 1440 1051 1522 primo
1066 1442 1184 1520 magnis
1198 1438 1341 1518 saltibus,
1361 1460 1453 1526 usqne
1472 1443 1502 1506 in
1522 1443 1651 1506 alteram

299 1533 542 1596 observationem
568 1526 627 1595 180
649 1541 716 1605 Q
739 1539 898 1611 postquam
922 1551 971 1593 res
995 1530 1218 1612 incontrarinm
1235 1531 1366 1607 caderet,
1391 1532 1551 1614 inciperem
1565 1551 1652 1596 com·

299 1641 408 1704 parare
431 1619 712 1702 propouionaitare
734 1627 832 1694 utens,
857 1621 951 1683 donec
967 1621 1013 1682 'ad
1036 1638 1098 1682 rem
1121 1621 1280 1684 veniretur.

388 1709 451 1773 Sed
479 1709 620 1790 objicias,
654 1710 766 1780 clarum
784 1708 912 1792 quidem
941 1709 1011 1791 quid
1045 1708 1147 1783 velim,
1181 1709 1231 1774 ubi
1254 1711 1406 1782 confertur
1437 1709 1588 1792 aphelinm
1620 1710 1652 1774 in

298 1801 395 1882 ipsam
410 1798 666 1874 observationem
691 1797 761 1881 quid
775 1818 857 1874 vero,
871 1799 899 1862 si
914 1797 1024 1862 extra?
1061 1798 1143 1860 Tunc
1163 1798 1242 1862 enim
1263 1799 1395 1872 nescitur
1409 1810 1508 1866 motus
1523 1799 1652 1864 medius.

300 1887 381 1962 Quid
395 1885 476 1952 aliud
500 1888 558 1951 nisi
579 1896 614 1950 nt
635 1888 734 1952 dicam
749 1889 820 1960 sic:¹
842 1889 942 1968 posito
957 1887 1075 1970 aphelio
1098 1888 1128 1949 in
1152 1883 1190 1956 90
1214 1893 1257 1966 Ω,
1282 1889 1421 1970 aequatio
1439 1897 1539 1970 motus
1560 1889 1652 1953 medii

298 1979 329 2042 in
356 1973 414 2042 190
433 1987 483 2048 μ’·
506 1979 540 2040 lit
567 1984 668 2054 tanta3
702 1996 793 2057 quare
816 1978 915 2057 posito
939 1976 1058 2060 aphelio
1087 1976 1116 2038 in
1143 1974 1202 2041 190
1225 1988 1290 2052 2,
1324 1979 1463 2059 aequatio
1495 1979 1530 2041 lit
1558 1979 1652 2044 nulla.

297 2067 377 2144 qu
400 2067 491 2148 igitur
514 2066 662 2146 aphelinm
687 2087 706 2128 a
729 2063 768 2130 90
791 2069 816 2142 Ω
838 2067 868 2129 in
895 2061 955 2132 190
976 2076 1023 2133 2
1047 2067 1270 2146 transponitur,
1301 2075 1401 2138 motus
1423 2067 1540 2142 medius
1563 2075 1653 2130 tento

297 2162 433 2240 augetur,
457 2164 571 2237 quanta
593 2155 651 2216 init
673 2155 759 2218 initio
780 2157 919 2236 aequatio
943 2157 972 2218 in
999 2149 1058 2219 190
1080 2165 1137 2222 a
1173 2155 1257 2235 Ergo
1280 2157 1542 2236 proportionaliter
1563 2157 1653 2232 (nam

295 2244 432 2328 proxime
446 2243 597 2326 aphelium
612 2245 808 2325 aequationes
826 2246 887 2307 lere
902 2245 1167 2327 proportionantur
1180 2243 1317 2324 partibus
1332 2246 1500 2310 anomaliae
1516 2247 1653 2321 medias)

297 2333 494 2416 transpositio
509 2333 605 2396 minor
622 2335 719 2396 minus
737 2343 928 2414 angmentum
945 2334 1083 2416 postulat
1104 2344 1203 2396 motus
1226 2334 1325 2397 medii.
1354 2333 1417 2398 Sed
1432 2335 1488 2399 hac
1506 2334 1655 2419 ἀμῃαιιᾳ

295 2443 357 2490 non
381 2431 430 2486 est
451 2441 536 2503 opus,
560 2430 595 2484 ut
613 2422 678 2502 jam
701 2419 828 2485 ridebis.
889 2433 890 2438 ’

386 2527 566 2579 Fabricios:
586 2526 624 2578 Τιι
642 2527 698 2590 duo,
717 2543 781 2594 qnae
799 2543 896 2593 semper
914 2530 1048 2592 cunjuncta
1065 2535 1130 2585 snut,
1149 2536 1266 2593 separtta
1278 2530 1339 2580 lacis
1352 2535 1379 2580 et
1391 2531 1495 2581 assumis
1511 2543 1555 2596 pru
1572 2529 1655 2580 lnbltn

299 2599 438 2666 aphalinmJ
457 2601 517 2650 item
534 2597 642 2649 medium
660 2607 762 2658 motum,
782 2605 808 2649 at
819 2598 882 2650 haec
895 2599 943 2649 dno
955 2601 1089 2665 separatim
1106 2599 1225 2664 exploras,
1246 2609 1271 2651 st
1285 2599 1327 2651 nbi
1345 2601 1470 2668 sigillatim
1482 2607 1542 2654 tuae
1559 2602 1655 2666 proin

201 2721 203 2728 ,
296 2672 454 2736 remordent
474 2672 611 2737 coniungis.
640 2671 693 2738 Ego
711 2685 767 2720 vero
783 2671 849 2728 lraau
867 2671 929 2730 volo,
948 2677 976 2719 nt
995 2685 1050 2721 cnm
1063 2671 1187 2735 aphelium
1206 2680 1232 2722 st
1250 2674 1422 2726 accanticitar
1435 2675 1655 2740 semperincerta

296 2743 451 2808 proportione
470 2742 647 2806 respondeant,
666 2758 715 2792 uno
733 2742 792 2792 dato
811 2749 838 2792 et
854 2742 896 2792 illo
914 2757 957 2806 per
974 2755 1044 2792 snam
1062 2743 1164 2806 probam
1181 2743 1319 2807 explorato,
1346 2744 1506 2808 supersedete
1531 2745 1656 2810 possimus
1744 2785 1750 2798 .

297 2815 328 2866 dc
347 2814 449 2865 alterium
465 2813 570 2864 raritate
587 2813 739 2879 inquirenda.
779 2812 877 2875 Quaero
904 2813 1004 2869 idcirco,
1033 2829 1066 2864 an
1091 2814 1150 2864 dato
1173 2815 1269 2879 aphelic
1293 2829 1351 2865 varo
1377 2831 1434 2868 curn
1462 2817 1656 2868 eccentricitate

295 2899 356 2936 rara
372 2899 478 2950 veraque
496 2885 621 2936 anomalia
639 2885 734 2936 directa
750 2887 846 2936 ratione
865 2884 898 2935 ad
908 2885 1191 2946 ‘anomaliammediam
1208 2886 1329 2952 mediique
1347 2893 1430 2938 motus
1449 2889 1655 2940 consttutionem

208 2961 210 2972 '
295 2957 416 3022 perveniri
433 2957 511 3022 possit
529 2967 555 3006 et
572 2955 714 3020 quemodo?

385 3045 586 3126 Keplerus:
610 3047 660 3108 An
676 3045 748 3108 dato
763 3047 892 3126 aphelio,
918 3034 1142 3110 eccentricitate
1159 3053 1190 3107 et
1208 3054 1378 3128 coaequata
1396 3047 1548 3118 anomalia
1561 3047 1656 3112 detur

297 3135 413 3200 medius
437 3141 546 3210 motus,
571 3135 635 3197 dixi
657 3153 757 3216 snpra,
781 3144 917 3216 repetam
939 3135 999 3198 hic.
1045 3135 1128 3197 Data
1151 3136 1378 3202 eccentricitatc
1402 3137 1492 3200 detur
1521 3137 1655 3200 latitudo

295 3224 427 3288 maxima
446 3223 578 3287 lunulae:
604 3225 661 3286 bac
686 3225 768 3299 data,
793 3226 882 3287 datur
905 3225 1050 3288 maximus
1075 3224 1202 3304 angulus
1225 3225 1416 3306 aequationis
1432 3227 1561 3308 opticae,
1587 3223 1653 3306 igi-

297 3325 347 3378 tnr
371 3313 520 3376 anomalia
534 3322 710 3394 coaequata,
723 3312 768 3375 illi
791 3315 976 3396 respondens
999 3323 1031 3375 et
1053 3333 1112 3376 uua
1135 3315 1261 3393 angulus
1276 3315 1535 3396 aeqriatiunculae,
1561 3333 1655 3399 quam

299 3411 442 3472 causatur
465 3401 594 3464 latitudo
624 3403 753 3465 lunulae.
799 3403 881 3469 Dato
911 3404 967 3466 hoc
997 3403 1107 3482 angulo
1135 3403 1176 3464 ad
1204 3423 1294 3466 unam
1317 3413 1532 3487 coaequatam,
1563 3405 1658 3467 datur

300 3492 379 3555 idem
403 3491 440 3552 ad
465 3509 567 3553 omnes
591 3499 789 3573 coaequatae,
819 3493 917 3580 etsie
946 3491 1036 3556 etiam
1059 3491 1125 3567 ille,
1156 3492 1205 3572 qui
1227 3494 1391 3573 respondet
1413 3502 1535 3558 nostrae
1558 3511 1657 3556 coae-

302 3588 420 3661 quatae.
467 3580 545 3642 Nam
570 3581 680 3643 crescit
702 3588 734 3642 et
757 3581 919 3652 decrescit,
942 3592 977 3644 nt
999 3581 1175 3661 rectangnla
1198 3582 1385 3662 quadrantis.
1431 3583 1657 3664 Rectangnlnm

301 3667 476 3751 quadrantis
499 3670 533 3730 lit
556 3669 755 3751 multiplicato
779 3669 845 3731 sinu
869 3689 955 3733 arens
979 3671 1008 3733 in
1033 3671 1130 3734 sinum
1153 3667 1374 3750 complementi.
1411 3673 1658 3754 Aequatiuncula

300 3758 376 3820 haec
407 3759 437 3819 in
478 3758 663 3822 semicirculo
697 3758 897 3822 descendente
934 3759 1040 3822 addita
1070 3761 1110 3822 ad
1142 3769 1338 3841 coaequatam
1360 3762 1531 3838 ¹coustituit
1558 3761 1657 3826 talem

301 3849 450 3928 angulum,
475 3847 571 3928 qualis
596 3849 712 3924 fuisset,
737 3847 763 3909 si
785 3847 909 3928 planeta
931 3848 1095 3911 mansisset
1115 3849 1147 3911 in
1171 3850 1293 3926 circulo.
1328 3851 1455 3914 Exlroc
1478 3851 1570 3933 igitur
1592 3871 1655 3913 an-

299 3939 379 4018 gulo,
405 3935 630 3999 eccentricitate
653 3945 685 3998 et
707 3935 791 3999 radio
815 3938 986 4020 (quiajam
1014 3939 1043 4000 in
1067 3937 1178 4000 circulo
1202 3941 1319 4024 snmus)
1343 3939 1493 4004 invenitur
1523 3940 1656 4020 angnlm

300 4025 468 4090 anomaliae
492 4026 637 4102 eccentri‚
653 4025 754 4105 cujus
782 4026 865 4089 sinus
889 4027 1106 4107 multiplicatus
1136 4027 1165 4089 in
1205 4026 1336 4091 secunda
1368 4025 1510 4111 lcr'npnla
1538 4028 1655 4092 valoris

300 4115 421 4178 maximi
446 4114 590 4194 trianguli
604 4114 747 4190 ostendit,
769 4125 880 4196 quanto
895 4117 1047 4182 anomalia
1061 4115 1162 4180 media
1175 4126 1298 4198 superet
1313 4117 1653 4184 anomaliarmeeceutri.

300 4205 399 4268 Valor
421 4204 541 4266 maximi
565 4201 708 4284 trianguli
731 4204 943 4284 habetur’s1c‚
967 4207 993 4268 si
1016 4207 1152 4268 dicamr.
1183 4215 1218 4269 ut
1240 4226 1313 4270 area
1335 4207 1438 4271 circuli
1460 4205 1655 4273 diminuta5

301 4295 420 4377 cyphris
445 4295 510 4368 (est
537 4301 636 4356 autem
661 4289 808 4368 311159)
833 4296 871 4358 ad
903 4295 1035 4359 secunda
1063 4296 1163 4362 omnia
1192 4297 1285 4359 totins
1309 4297 1427 4386 circuli,
1460 4298 1505 4362 sic
1527 4297 1656 4362 dimidia

302 4383 511 4446 eccentricitas
536 4382 575 4443 ad
597 4381 729 4444 valorem
754 4401 843 4445 areae
866 4385 988 4448 maximi
1010 4385 1153 4465 trianguli
1177 4373 1354 4467 aequatoriil

190 4470 192 4478 '
299 4511 303 4522 ·
389 4473 456 4536 Hoc
483 4479 589 4534 tenens
616 4472 681 4551 jam
704 4472 782 4550 vide,
808 4475 954 4554 quomodo
985 4495 1023 4538 ex
1051 4474 1167 4538 duabus
1197 4474 1459 4540 obseruationibus
1485 4484 1520 4539 et
1550 4477 1654 4558 posito

191 4555 202 4568 ”’
305 4560 425 4640 aphelio
457 4561 626 4625 inveniatur
659 4561 747 4624 simul
779 4569 811 4624 et
833 4563 1041 4628 eccentricitas
1064 4571 1096 4626 et
1127 4570 1225 4626 motus
1248 4563 1373 4627 medius.
1419 4565 1568 4650 Nimirum
1598 4585 1656 4648 per

304 4648 435 4712 aliam'
417 4671 566 4733 ereptae.
599 4657 720 4733 oportet
743 4651 821 4713 enim
843 4671 954 4757 ponere
985 4655 1115 4736 aliquam
1138 4652 1394 4718 eccentricitatem
1418 4665 1450 4719 et
1472 4667 1540 4722 enm
1563 4673 1601 4719 ea
1623 4657 1654 4718 in

303 4746 428 4818 utraque
453 4741 679 4818 observatione,
712 4738 886 4828 metitqdo
873 4761 937 4834 Jnm
960 4743 1088 4824 seripta;
1121 4742 1297 4846 inquirere·
1289 4745 1483 4809 ·anomaliam
1512 4745 1653 4820 mediam,

304 4827 471 4908 conjunctis
488 4831 645 4894 anomaliis
659 4830 774 4908 mediis,
798 4829 826 4896 si
848 4825 965 4912 tempus
988 4833 1088 4915 prodit
1101 4832 1199 4912 majus
1222 4831 1335 4913 debito,
1359 4835 1418 4900 erit
1438 4835 1537 4916 maJ'or
1550 4833 1655 4900 debite
