3674 5532
466 989 469 996 ·
597 895 1085 1063 commuusmortnm

159 1144 257 1252 DE
318 1145 693 1261 liorllllls
751 1156 1125 1260 arratam
1188 1153 1512 1258 marala
1575 1177 1581 1189 ·

684 1354 795 1425 PARS
821 1355 990 1422 TERTIA.

211 1555 551 1659 mutuorum
584 1561 826 1662 asomum
858 1559 1263 1680 minotaurus,
1294 1563 1345 1656 ru
1377 1561 1459 1656 usu

466 1712 661 1808 nomon
693 1709 818 1807 sous
852 1713 945 1836 rut
976 1711 1207 1808 iuturus,
1397 1709 1403 1720 ·

382 1893 463 1961 SEU
500 1893 657 1965 CLAVIS
692 1895 1003 1963 ASTRONOMIAE
1038 1897 1291 1964 PENITIORIS.
1366 1895 1369 1910 ¹

462 2055 522 2108 um
539 2055 658 2126 nunus
676 2055 724 2110 na
743 2055 862 2112 crusis
886 2056 1034 2112 uoruunr
1051 2055 1211 2114 surmus.

692 2360 813 2464 Caput
853 2359 982 2439 XXII.
1095 2315 1099 2326 ·

157 2448 1514 2679 mmmmmqwemmoffl

243 2749 285 2814 In
299 2747 379 2813 huuc
391 2747 485 2832 igitur
506 2751 626 2815 modum
641 2759 851 2818 antecessores
864 2753 961 2819 nostri
982 2752 1111 2836 primum
1125 2730 1371 2837 inaequalitatem
1383 2755 1511 2838 primam

157 2837 253 2903 mensi
290 2845 369 2903 sunt.
421 2841 535 2918 Postea
566 2841 683 2906 adculo
715 2843 896 2922 constituto,
927 2841 979 2926 qui
1010 2842 1109 2905 locum
1139 2843 1280 2925 planetae
1312 2845 1510 2909 ecceutricum

156 2936 405 3010 repraesentaret
417 2929 457 2992 ad
472 2911 598 3013 quodvis
620 2938 810 3008 momentum,
834 2931 971 2996 conversi
995 2931 1118 2994 suntad
1139 2930 1386 3015 inaequalitatem
1400 2955 1511 2998 secun-

157 3019 226 3082 dam
253 3021 350 3103 (quae
381 3041 401 3082 a
429 3019 501 3084 Sole
532 3017 659 3102 pendet)
689 3021 924 3104 explorandam,
956 3027 1166 3102 comparantes
1197 3021 1296 3084 locum
1327 3023 1427 3087 visum
1457 3041 1511 3088 seu

157 3113 357 3192 apparentem
370 3127 437 3172 cum
451 3107 517 3173 loco
533 3128 579 3187 eo,
602 3128 690 3193 quem
704 3111 890 3174 ecceutricus
903 3116 936 3172 et
957 3109 1024 3172 sola
1036 3109 1134 3191 prima
1151 3109 1352 3213 inaequalitas
1369 3114 1512 3194 planctae

157 3199 363 3282 assignarent
410 3197 487 3262 Cum
508 3205 610 3261 cutem
638 3199 712 3264 mihi
739 3198 817 3264 hauc
839 3199 966 3261 eandem
989 3197 1128 3261 semitam
1150 3198 1232 3261 eunti
1261 3218 1373 3282 auceps
1399 3200 1531 3266 bivium

155 3287 335 3371 apparuerit
356 3279 503 3372 superiori
525 3287 625 3371 capite
646 3289 738 3354 XIX.
761 3295 793 3350 et
813 3287 892 3365 XX3
917 3295 949 3350 et
979 3286 1206 3351 observatiouas
1228 3287 1381 3364 (fidissimi
1404 3289 1512 3365 duces)

155 3395 223 3442 eum
255 3375 520 3442 observationibus
550 3395 684 3460 pugnare
717 3377 780 3441 siut
811 3375 1035 3461 deprehensae:
1069 3376 1260 3458 cogitandum
1291 3377 1349 3443 fuit
1379 3379 1417 3442 de
1444 3387 1512 3443 tota

154 3467 279 3532 ratione
301 3467 419 3531 itineris
443 3465 532 3529 aliter
555 3465 751 3544 instituenda,
774 3465 916 3531 methodo
940 3486 1016 3551 quae
1038 3465 1182 3549 sequitur

242 3554 386 3622 Primum·
403 3555 461 3620 hac
482 3563 572 3637 parte
591 3557 685 3619 tertia
706 3555 867 3638 aggrediar
890 3556 1052 3620 secundam
1079 3553 1327 3639 inaequalitatem
1349 3562 1382 3619 at
1402 3555 1434 3620 in
1456 3555 1512 3620 illa

155 3663 208 3728 per
231 3645 464 3710 observationes
490 3643 629 3710 indubias
651 3645 866 3710 demonstrabo
889 3645 939 3709 vei
966 3645 1146 3709 confirmabo
1175 3645 1225 3708 vel
1247 3645 1402 3720 refutabo,
1434 3664 1510 3730 quae

155 3735 313 3817 bucusque
340 3735 371 3798 iu
396 3733 553 3818 principiis
581 3735 683 3819 posui,
713 3735 803 3799 dubio
826 3743 927 3800 tamen
949 3753 1096 3798 assensu:
1129 3753 1198 3798 uam
1226 3734 1284 3797 bac
1306 3734 1402 3799 veluti
1425 3736 1511 3798 clave

156 3823 284 3888 intenta
313 3821 431 3908 reliqna
458 3823 614 3906 patebunt.
658 3825 773 3890 Postea
798 3833 886 3908 parte
913 3831 1022 3908 quarta
1048 3823 1089 3885 ad
1109 3823 1356 3908 inaequalitatem
1382 3823 1511 3907 primam

157 3911 313 3978 mesum.

246 4003 284 4065 ln
307 3998 497 4086 Mysterio
528 3997 858 4084 Cosmogrcphico
888 4019 953 4084 cap.
975 4001 1083 4068 XXII.
1107 4020 1174 4065 cum
1206 3999 1363 4085 physicam
1387 4019 1510 4066 causam

157 4089 319 4175 aequantia
341 4089 569 4156 PtolemaIci
590 4091 640 4158 vel
662 4090 786 4155 secundi
809 4089 935 4175 epicycli
958 4089 1202 4175 Coparuico·
1209 4089 1414 4175 Tyehouici
1436 4084 1509 4155 rad-

159 4178 276 4258 dereiu,
307 4177 412 4244 mibi
402 4181 463 4264 rpsi
486 4178 615 4260 objeci
606 4199 637 4242 ιιι
659 4181 717 4244 flue
740 4180 864 4262 capitia:
890 4178 1027 4264 quod,
1003 4201 1029 4243 ει
1052 4199 1145 4244 causa
1166 4199 1246 4244 ama
1269 4181 1365 4244 allata
1379 4181 1511 4262 genuina

159 4277 261 4347 esset,
295 4269 413 4334 omnino
436 4287 490 4352 per
513 4286 615 4332 omnes
646 4269 787 4352 planetas
815 4269 919 4333 valere
942 4269 1096 4334 debuerit.
1144 4269 1219 4334 (lum
1242 4275 1344 4332 autem
1365 4269 1509 4347 Tellus,

159 4370 218 4422 utra
241 4374 282 4422 ex
305 4358 454 4423 sideribus
468 4357 677 4439 (Gopernico'),
700 4359 750 4422 vel
765 4357 820 4423 Sol
843 4358 1007 4442 (reliquis),
1031 4365 1178 4443 aequante
1200 4357 1258 4421 hoc
1280 4358 1427 4422 lracteuus
1449 4379 1509 4422 non

158 4444 333 4530 indiguerit,
356 4445 592 4530 speculationem
608 4445 694 4510 illam
707 4448 852 4511 incertam
866 4467 934 4512 esse
956 4449 1048 4525 volui,
1066 4447 1164 4530 quoad
1182 4446 1365 4511 astronomis
1380 4447 1509 4530 amplius

159 4535 299 4620 liqueret.
335 4533 543 4619 Suspicionem
564 4543 666 4599 tamen
689 4537 823 4619 concepi,
846 4537 910 4602 fore
925 4536 1037 4600 athuic
1059 4534 1194 4601 theoriae
1217 4555 1303 4598 suum
1317 4544 1506 4619 aequantem.

158 4626 326 4710 Postquam
348 4625 380 4689 iu
401 4624 553 4709 Tycbonis
575 4625 715 4690 notitiam
736 4625 822 4703 veui,
855 4625 987 4708 suspicio
1008 4626 1085 4688 haee
1115 4626 1147 4688 iu
1168 4643 1216 4687 me
1238 4626 1415 4689 confirmata
1440 4625 1506 4692 ruit.

159 4715 240 4778 liam
260 4714 439 4782 Brabeur
429 4733 462 4778 m
483 4713 581 4778 lituris
602 4734 681 4778 anuo
711 4711 797 4781 1508
815 4715 863 4778 ad
888 4733 937 4778 me
965 4714 998 4779 in
1019 4714 1154 4798 Styriam
1181 4711 1285 4776 missis
1311 4714 1386 4778 baec
1414 4716 1509 4780 verba

161 4805 264 4884 ponltt
296 4803 411 4881 „Orbis
423 4817 540 4866 maus
557 4803 647 4884 Juxta
665 4803 874 4886 Gopemicum,
897 4803 945 4867 vel
960 4803 1111 4906 epicyclus
1126 4802 1288 4866 secundm
1300 4803 1507 4868 Ptolemaeum

162 4907 222 4956 nou
248 4891 367 4956 ridetur
388 4887 524 4972 ejusden
546 4897 663 4974 semper
684 4888 913 4974 mapmtudlnir,
946 4887 1075 4976 quoad
1067 4907 1164 4972 ipsum
1188 4889 1387 4958 eccentricam
1409 4893 1507 4958 calla·
1591 4881 1594 4896 ¹
