<?xml version="1.0" encoding="UTF-8"?>
<!DOCTYPE html PUBLIC "-//W3C//DTD XHTML 1.0 Transitional//EN"
    "http://www.w3.org/TR/xhtml1/DTD/xhtml1-transitional.dtd">
<html xmlns="http://www.w3.org/1999/xhtml" xml:lang="en" lang="en">
 <head>
  <title>
</title>
<meta http-equiv="Content-Type" content="text/html;charset=utf-8" />
  <meta name='ocr-system' content='tesseract 3.04.00' />
  <meta name='ocr-capabilities' content='ocr_page ocr_carea ocr_par ocr_line ocrx_word'/>
</head>
<body>
  <div class='ocr_page' id='page_1' title='image "./joanniskepleria28frisgoog_0383.png"; bbox 0 0 3678 5532; ppageno 0'>
   <div class='ocr_carea' id='block_1_1' title="bbox 324 283 1195 388">
    <p class='ocr_par' dir='ltr' id='par_1_1' title="bbox 324 283 1195 388">
     <span class='ocr_line' id='line_1_1' title="bbox 324 283 1195 388; baseline -0.016 -6"><span class='ocrx_word' id='word_1_1' title='bbox 324 317 390 388; x_wconf 82' lang='grc'><strong>364</strong></span> <span class='ocrx_word' id='word_1_2' title='bbox 674 283 677 290; x_wconf 62' lang='grc'><strong>’</strong></span> <span class='ocrx_word' id='word_1_3' title='bbox 810 315 849 370; x_wconf 74' lang='lat' dir='ltr'><strong>n·</strong></span> <span class='ocrx_word' id='word_1_4' title='bbox 866 315 973 370; x_wconf 74' lang='lat' dir='ltr'><strong>nonan</strong></span> <span class='ocrx_word' id='word_1_5' title='bbox 992 313 1085 368; x_wconf 62' lang='lat' dir='ltr'><strong>miras</strong></span> <span class='ocrx_word' id='word_1_6' title='bbox 1104 315 1195 368; x_wconf 67' lang='lat' dir='ltr'><strong>nasce</strong></span> 
     </span>
    </p>
   </div>
   <div class='ocr_carea' id='block_1_2' title="bbox 268 495 1738 4326">
    <p class='ocr_par' dir='ltr' id='par_1_2' title="bbox 323 495 1678 759">
     <span class='ocr_line' id='line_1_2' title="bbox 413 495 1678 579; baseline -0.002 -18"><span class='ocrx_word' id='word_1_7' title='bbox 413 497 502 572; x_wconf 85' lang='lat' dir='ltr'><strong>Quod</strong></span> <span class='ocrx_word' id='word_1_8' title='bbox 524 497 616 579; x_wconf 83' lang='lat' dir='ltr'><strong>igitur</strong></span> <span class='ocrx_word' id='word_1_9' title='bbox 640 496 908 577; x_wconf 74' lang='lat' dir='ltr'><strong>attinetqnintnm</strong></span> <span class='ocrx_word' id='word_1_10' title='bbox 930 495 1051 558; x_wconf 91' lang='lat' dir='ltr'><strong>mudum</strong></span> <span class='ocrx_word' id='word_1_11' title='bbox 1074 503 1105 557; x_wconf 87' lang='lat' dir='ltr'><strong>et</strong></span> <span class='ocrx_word' id='word_1_12' title='bbox 1128 495 1340 558; x_wconf 78' lang='lat' dir='ltr'><strong>distantiarum</strong></span> <span class='ocrx_word' id='word_1_13' title='bbox 1369 496 1500 578; x_wconf 88' lang='lat' dir='ltr'><strong>ipsarum</strong></span> <span class='ocrx_word' id='word_1_14' title='bbox 1532 513 1678 568; x_wconf 85' lang='lat' dir='ltr'><strong>summas.</strong></span> 
     </span>
     <span class='ocr_line' id='line_1_3' title="bbox 323 584 1678 667; baseline -0.004 -16"><span class='ocrx_word' id='word_1_15' title='bbox 323 589 400 652; x_wconf 90' lang='lat' dir='ltr'><strong>ratio</strong></span> <span class='ocrx_word' id='word_1_16' title='bbox 415 607 531 652; x_wconf 87' lang='lat' dir='ltr'><strong>rursum</strong></span> <span class='ocrx_word' id='word_1_17' title='bbox 555 587 701 650; x_wconf 88' lang='lat' dir='ltr'><strong>reclamat</strong></span> <span class='ocrx_word' id='word_1_18' title='bbox 719 585 860 647; x_wconf 90' lang='lat' dir='ltr'><strong>methodo</strong></span> <span class='ocrx_word' id='word_1_19' title='bbox 885 586 1095 666; x_wconf 90' lang='lat' dir='ltr'><strong>aequationum</strong></span> <span class='ocrx_word' id='word_1_20' title='bbox 1109 584 1179 648; x_wconf 91' lang='lat' dir='ltr'><strong>huic</strong></span> <span class='ocrx_word' id='word_1_21' title='bbox 1196 585 1326 648; x_wconf 77' lang='lat' dir='ltr'><strong>innixae.</strong></span> <span class='ocrx_word' id='word_1_22' title='bbox 1364 585 1534 667; x_wconf 85' lang='lat' dir='ltr'><strong>Repetatur</strong></span> <span class='ocrx_word' id='word_1_23' title='bbox 1550 585 1678 648; x_wconf 87' lang='lat' dir='ltr'><strong>schema</strong></span> 
     </span>
     <span class='ocr_line' id='line_1_4' title="bbox 323 673 1676 759; baseline -0.003 -19"><span class='ocrx_word' id='word_1_24' title='bbox 323 679 412 759; x_wconf 89' lang='lat' dir='ltr'><strong>hujus</strong></span> <span class='ocrx_word' id='word_1_25' title='bbox 435 677 544 758; x_wconf 92' lang='lat' dir='ltr'><strong>capitis</strong></span> <span class='ocrx_word' id='word_1_26' title='bbox 567 677 729 757; x_wconf 91' lang='lat' dir='ltr'><strong>proprium,</strong></span> <span class='ocrx_word' id='word_1_27' title='bbox 753 683 785 735; x_wconf 89' lang='lat' dir='ltr'><strong>et</strong></span> <span class='ocrx_word' id='word_1_28' title='bbox 800 683 978 737; x_wconf 91' lang='lat' dir='ltr'><strong>revocentur</strong></span> <span class='ocrx_word' id='word_1_29' title='bbox 996 675 1025 736; x_wconf 93' lang='lat' dir='ltr'><strong>in</strong></span> <span class='ocrx_word' id='word_1_30' title='bbox 1041 673 1224 748; x_wconf 87' lang='lat' dir='ltr'><strong>memoriam,</strong></span> <span class='ocrx_word' id='word_1_31' title='bbox 1249 694 1324 755; x_wconf 90' lang='lat' dir='ltr'><strong>quae</strong></span> <span class='ocrx_word' id='word_1_32' title='bbox 1339 675 1422 737; x_wconf 89' lang='lat' dir='ltr'><strong>dicta</strong></span> <span class='ocrx_word' id='word_1_33' title='bbox 1445 684 1515 738; x_wconf 89' lang='lat' dir='ltr'><strong>suut</strong></span> <span class='ocrx_word' id='word_1_34' title='bbox 1533 675 1569 736; x_wconf 92' lang='lat' dir='ltr'><strong>de</strong></span> <span class='ocrx_word' id='word_1_35' title='bbox 1585 675 1676 737; x_wconf 89' lang='lat' dir='ltr'><strong>modo</strong></span> 
     </span>
    </p>

    <p class='ocr_par' dir='ltr' id='par_1_3' title="bbox 268 762 1713 3163">
     <span class='ocr_line' id='line_1_5' title="bbox 667 762 1678 845; baseline 0 -19"><span class='ocrx_word' id='word_1_36' title='bbox 667 765 774 845; x_wconf 91' lang='lat' dir='ltr'><strong>primo.</strong></span> <span class='ocrx_word' id='word_1_37' title='bbox 821 767 855 826; x_wconf 97' lang='lat' dir='ltr'><strong>In</strong></span> <span class='ocrx_word' id='word_1_38' title='bbox 878 763 931 824; x_wconf 91' lang='lat' dir='ltr'><strong>illo</strong></span> <span class='ocrx_word' id='word_1_39' title='bbox 959 763 1038 826; x_wconf 92' lang='lat' dir='ltr'><strong>euim</strong></span> <span class='ocrx_word' id='word_1_40' title='bbox 1062 762 1148 828; x_wconf 85' lang='lat' dir='ltr'><strong>OAD</strong></span> <span class='ocrx_word' id='word_1_41' title='bbox 1178 765 1329 826; x_wconf 87' lang='lat' dir='ltr'><strong>anomalia</strong></span> <span class='ocrx_word' id='word_1_42' title='bbox 1360 764 1555 828; x_wconf 89' lang='lat' dir='ltr'><strong>distantiaria</strong></span> <span class='ocrx_word' id='word_1_43' title='bbox 1584 782 1678 828; x_wconf 87' lang='lat' dir='ltr'><strong>coae-</strong></span> 
     </span>
     <span class='ocr_line' id='line_1_6' title="bbox 669 852 1680 936; baseline 0 -22"><span class='ocrx_word' id='word_1_44' title='bbox 669 861 762 935; x_wconf 87' lang='lat' dir='ltr'><strong>quata</strong></span> <span class='ocrx_word' id='word_1_45' title='bbox 784 852 974 914; x_wconf 87' lang='lat' dir='ltr'><strong>dividebatur</strong></span> <span class='ocrx_word' id='word_1_46' title='bbox 998 852 1026 914; x_wconf 93' lang='lat' dir='ltr'><strong>in</strong></span> <span class='ocrx_word' id='word_1_47' title='bbox 1051 852 1163 932; x_wconf 81' lang='lat' dir='ltr'><strong>gradus</strong></span> <span class='ocrx_word' id='word_1_48' title='bbox 1190 854 1348 936; x_wconf 80' lang='lat' dir='ltr'><strong>aequales,</strong></span> <span class='ocrx_word' id='word_1_49' title='bbox 1372 872 1410 915; x_wconf 87' lang='lat' dir='ltr'><strong>ex</strong></span> <span class='ocrx_word' id='word_1_50' title='bbox 1432 873 1490 935; x_wconf 90' lang='lat' dir='ltr'><strong>quo</strong></span> <span class='ocrx_word' id='word_1_51' title='bbox 1513 853 1621 927; x_wconf 86' lang='lat' dir='ltr'><strong>fiebat,</strong></span> <span class='ocrx_word' id='word_1_52' title='bbox 1645 859 1680 914; x_wconf 89' lang='lat' dir='ltr'><strong>ut</strong></span> 
     </span>
     <span class='ocr_line' id='line_1_7' title="bbox 671 941 1681 1024; baseline -0.004 -18"><span class='ocrx_word' id='word_1_53' title='bbox 671 942 725 1006; x_wconf 86' lang='lat' dir='ltr'><strong>OD</strong></span> <span class='ocrx_word' id='word_1_54' title='bbox 750 950 903 1004; x_wconf 88' lang='lat' dir='ltr'><strong>secaretur</strong></span> <span class='ocrx_word' id='word_1_55' title='bbox 927 942 957 1002; x_wconf 91' lang='lat' dir='ltr'><strong>in</strong></span> <span class='ocrx_word' id='word_1_56' title='bbox 971 948 1075 1020; x_wconf 86' lang='lat' dir='ltr'><strong>partes</strong></span> <span class='ocrx_word' id='word_1_57' title='bbox 1098 941 1273 1022; x_wconf 83' lang='lat' dir='ltr'><strong>inaequales</strong></span> <span class='ocrx_word' id='word_1_58' title='bbox 1298 950 1329 1004; x_wconf 88' lang='lat' dir='ltr'><strong>et</strong></span> <span class='ocrx_word' id='word_1_59' title='bbox 1343 961 1479 1024; x_wconf 85' lang='lat' dir='ltr'><strong>magnas,</strong></span> <span class='ocrx_word' id='word_1_60' title='bbox 1505 943 1681 1006; x_wconf 87' lang='lat' dir='ltr'><strong>ethaberet</strong></span> 
     </span>
     <span class='ocr_line' id='line_1_8' title="bbox 670 1025 1681 1112; baseline -0.002 -18"><span class='ocrx_word' id='word_1_61' title='bbox 670 1031 832 1094; x_wconf 86' lang='lat' dir='ltr'><strong>distantias</strong></span> <span class='ocrx_word' id='word_1_62' title='bbox 848 1025 993 1111; x_wconf 71' lang='lat' dir='ltr'><strong>paucas,</strong></span> <span class='ocrx_word' id='word_1_63' title='bbox 1025 1031 1103 1092; x_wconf 89' lang='lat' dir='ltr'><strong>unde</strong></span> <span class='ocrx_word' id='word_1_64' title='bbox 1135 1031 1340 1095; x_wconf 80' lang='lat' dir='ltr'><strong>accidentaria</strong></span> <span class='ocrx_word' id='word_1_65' title='bbox 1371 1033 1498 1112; x_wconf 91' lang='lat' dir='ltr'><strong>quadam</strong></span> <span class='ocrx_word' id='word_1_66' title='bbox 1528 1031 1681 1094; x_wconf 89' lang='lat' dir='ltr'><strong>medicina</strong></span> 
     </span>
     <span class='ocr_line' id='line_1_9' title="bbox 669 1119 1713 1200; baseline 0 -19"><span class='ocrx_word' id='word_1_67' title='bbox 669 1121 780 1184; x_wconf 89' lang='lat' dir='ltr'><strong>erroris</strong></span> <span class='ocrx_word' id='word_1_68' title='bbox 803 1127 935 1200; x_wconf 89' lang='lat' dir='ltr'><strong>arrepta,</strong></span> <span class='ocrx_word' id='word_1_69' title='bbox 959 1137 997 1179; x_wconf 85' lang='lat' dir='ltr'><strong>ex</strong></span> <span class='ocrx_word' id='word_1_70' title='bbox 1012 1137 1127 1182; x_wconf 91' lang='lat' dir='ltr'><strong>summa</strong></span> <span class='ocrx_word' id='word_1_71' title='bbox 1145 1121 1356 1183; x_wconf 87' lang='lat' dir='ltr'><strong>distantiarum</strong></span> <span class='ocrx_word' id='word_1_72' title='bbox 1370 1121 1400 1184; x_wconf 94' lang='lat' dir='ltr'><strong>iu</strong></span> <span class='ocrx_word' id='word_1_73' title='bbox 1417 1119 1472 1184; x_wconf 83' lang='lat' dir='ltr'><strong>OD</strong></span> <span class='ocrx_word' id='word_1_74' title='bbox 1488 1121 1679 1200; x_wconf 84' lang='lat' dir='ltr'><strong>collegimus,</strong></span> <span class='ocrx_word' id='word_1_75' title='bbox 1710 1161 1713 1170; x_wconf 71' lang='lat'><em>,</em></span> 
     </span>
     <span class='ocr_line' id='line_1_10' title="bbox 669 1205 1680 1288; baseline 0 -18"><span class='ocrx_word' id='word_1_76' title='bbox 669 1209 824 1271; x_wconf 87' lang='lat' dir='ltr'><strong>distantiis</strong></span> <span class='ocrx_word' id='word_1_77' title='bbox 848 1209 908 1270; x_wconf 91' lang='lat' dir='ltr'><strong>illis</strong></span> <span class='ocrx_word' id='word_1_78' title='bbox 941 1215 1111 1288; x_wconf 85' lang='lat' dir='ltr'><strong>competere</strong></span> <span class='ocrx_word' id='word_1_79' title='bbox 1143 1207 1311 1272; x_wconf 89' lang='lat' dir='ltr'><strong>breviorem</strong></span> <span class='ocrx_word' id='word_1_80' title='bbox 1338 1229 1440 1272; x_wconf 90' lang='lat' dir='ltr'><strong>arcum</strong></span> <span class='ocrx_word' id='word_1_81' title='bbox 1461 1211 1538 1285; x_wconf 89' lang='grc' dir='ltr'>ΕΙ),</span> <span class='ocrx_word' id='word_1_82' title='bbox 1562 1217 1597 1272; x_wconf 92' lang='lat' dir='ltr'><strong>ut</strong></span> <span class='ocrx_word' id='word_1_83' title='bbox 1620 1205 1680 1271; x_wconf 86' lang='lat' dir='ltr'><strong>Ac</strong></span> 
     </span>
     <span class='ocr_line' id='line_1_11' title="bbox 669 1283 1680 1382; baseline 0.001 -23"><span class='ocrx_word' id='word_1_84' title='bbox 669 1299 700 1359; x_wconf 93' lang='lat' dir='ltr'><strong>in</strong></span> <span class='ocrx_word' id='word_1_85' title='bbox 719 1297 776 1360; x_wconf 86' lang='grc' dir='ltr'><strong>ΑΕ</strong></span> <span class='ocrx_word' id='word_1_86' title='bbox 799 1283 1025 1372; x_wconf 72' lang='lat' dir='ltr'><strong>transferretur,</strong></span> <span class='ocrx_word' id='word_1_87' title='bbox 1052 1305 1082 1360; x_wconf 91' lang='lat' dir='ltr'><strong>et</strong></span> <span class='ocrx_word' id='word_1_88' title='bbox 1101 1298 1144 1360; x_wconf 92' lang='lat' dir='ltr'><strong>sic</strong></span> <span class='ocrx_word' id='word_1_89' title='bbox 1159 1299 1215 1360; x_wconf 89' lang='grc' dir='ltr'><strong>ΕΙ)</strong></span> <span class='ocrx_word' id='word_1_90' title='bbox 1240 1299 1269 1360; x_wconf 92' lang='lat' dir='ltr'><strong>in</strong></span> <span class='ocrx_word' id='word_1_91' title='bbox 1283 1307 1387 1380; x_wconf 87' lang='lat' dir='ltr'><strong>partes</strong></span> <span class='ocrx_word' id='word_1_92' title='bbox 1411 1299 1553 1382; x_wconf 87' lang='lat' dir='ltr'><strong>aequales</strong></span> <span class='ocrx_word' id='word_1_93' title='bbox 1577 1305 1680 1361; x_wconf 87' lang='lat' dir='ltr'><strong>sectus</strong></span> 
     </span>
     <span class='ocr_line' id='line_1_12' title="bbox 670 1385 1682 1468; baseline 0.001 -21"><span class='ocrx_word' id='word_1_94' title='bbox 670 1394 702 1448; x_wconf 90' lang='lat' dir='ltr'><strong>et</strong></span> <span class='ocrx_word' id='word_1_95' title='bbox 734 1387 867 1468; x_wconf 90' lang='lat' dir='ltr'><strong>quolibet</strong></span> <span class='ocrx_word' id='word_1_96' title='bbox 896 1387 992 1466; x_wconf 84' lang='lat' dir='ltr'><strong>gradu</strong></span> <span class='ocrx_word' id='word_1_97' title='bbox 1024 1387 1068 1448; x_wconf 92' lang='lat' dir='ltr'><strong>sui</strong></span> <span class='ocrx_word' id='word_1_98' title='bbox 1102 1406 1160 1449; x_wconf 89' lang='lat' dir='ltr'><strong>nna</strong></span> <span class='ocrx_word' id='word_1_99' title='bbox 1191 1387 1338 1450; x_wconf 89' lang='lat' dir='ltr'><strong>distantia</strong></span> <span class='ocrx_word' id='word_1_100' title='bbox 1373 1388 1537 1452; x_wconf 90' lang='lat' dir='ltr'><strong>instructus</strong></span> <span class='ocrx_word' id='word_1_101' title='bbox 1573 1385 1682 1450; x_wconf 89' lang='lat' dir='ltr'><strong>haberi</strong></span> 
     </span>
     <span class='ocr_line' id='line_1_13' title="bbox 558 1474 1681 1555; baseline -0.003 -12"><span class='ocrx_word' id='word_1_102' title='bbox 558 1538 560 1543; x_wconf 18' lang='grc' dir='ltr'>ι</span> <span class='ocrx_word' id='word_1_103' title='bbox 670 1483 783 1555; x_wconf 89' lang='lat' dir='ltr'><strong>posset.</strong></span> <span class='ocrx_word' id='word_1_104' title='bbox 830 1475 888 1536; x_wconf 89' lang='lat' dir='ltr'><strong>Hic</strong></span> <span class='ocrx_word' id='word_1_105' title='bbox 920 1493 990 1536; x_wconf 87' lang='lat' dir='ltr'><strong>vero</strong></span> <span class='ocrx_word' id='word_1_106' title='bbox 1023 1495 1081 1538; x_wconf 89' lang='lat' dir='ltr'><strong>non</strong></span> <span class='ocrx_word' id='word_1_107' title='bbox 1115 1496 1152 1538; x_wconf 83' lang='lat' dir='ltr'><strong>ex</strong></span> <span class='ocrx_word' id='word_1_108' title='bbox 1182 1497 1297 1540; x_wconf 90' lang='lat' dir='ltr'><strong>summa</strong></span> <span class='ocrx_word' id='word_1_109' title='bbox 1327 1478 1540 1540; x_wconf 84' lang='lat' dir='ltr'><strong>distantiarum</strong></span> <span class='ocrx_word' id='word_1_110' title='bbox 1567 1477 1598 1540; x_wconf 92' lang='lat' dir='ltr'><strong>in</strong></span> <span class='ocrx_word' id='word_1_111' title='bbox 1623 1474 1681 1540; x_wconf 86' lang='lat' dir='ltr'><strong>GD</strong></span> 
     </span>
     <span class='ocr_line' id='line_1_14' title="bbox 669 1565 1679 1648; baseline -0.003 -20"><span class='ocrx_word' id='word_1_112' title='bbox 669 1565 876 1639; x_wconf 88' lang='lat' dir='ltr'><strong>inventarum,</strong></span> <span class='ocrx_word' id='word_1_113' title='bbox 910 1565 965 1626; x_wconf 90' lang='lat' dir='ltr'><strong>sed</strong></span> <span class='ocrx_word' id='word_1_114' title='bbox 995 1583 1033 1624; x_wconf 88' lang='lat' dir='ltr'><strong>ex</strong></span> <span class='ocrx_word' id='word_1_115' title='bbox 1065 1565 1514 1648; x_wconf 83' lang='lat' dir='ltr'><strong>commixtionehypotheseos</strong></span> <span class='ocrx_word' id='word_1_116' title='bbox 1544 1566 1679 1628; x_wconf 86' lang='lat' dir='ltr'><strong>vicariae</strong></span> 
     </span>
     <span class='ocr_line' id='line_1_15' title="bbox 669 1653 1683 1738; baseline 0 -22"><span class='ocrx_word' id='word_1_117' title='bbox 669 1673 736 1716; x_wconf 90' lang='lat' dir='ltr'><strong>cum</strong></span> <span class='ocrx_word' id='word_1_118' title='bbox 758 1653 920 1736; x_wconf 87' lang='lat' dir='ltr'><strong>hypothesi</strong></span> <span class='ocrx_word' id='word_1_119' title='bbox 944 1653 1156 1732; x_wconf 87' lang='lat' dir='ltr'><strong>distantiarum</strong></span> <span class='ocrx_word' id='word_1_120' title='bbox 1179 1657 1278 1735; x_wconf 89' lang='lat' dir='ltr'><strong>capite</strong></span> <span class='ocrx_word' id='word_1_121' title='bbox 1302 1655 1419 1738; x_wconf 77' lang='lat' dir='ltr'><strong>XLVI.</strong></span> <span class='ocrx_word' id='word_1_122' title='bbox 1445 1655 1595 1730; x_wconf 89' lang='lat' dir='ltr'><strong>instituta,</strong></span> <span class='ocrx_word' id='word_1_123' title='bbox 1615 1654 1683 1735; x_wconf 91' lang='lat' dir='ltr'><strong>jam</strong></span> 
     </span>
     <span class='ocr_line' id='line_1_16' title="bbox 669 1743 1681 1826; baseline -0.002 -21"><span class='ocrx_word' id='word_1_124' title='bbox 669 1745 753 1806; x_wconf 88' lang='lat' dir='ltr'><strong>facta</strong></span> <span class='ocrx_word' id='word_1_125' title='bbox 785 1752 816 1805; x_wconf 93' lang='lat' dir='ltr'><strong>et</strong></span> <span class='ocrx_word' id='word_1_126' title='bbox 844 1743 981 1824; x_wconf 80' lang='lat' dir='ltr'><strong>perfecta</strong></span> <span class='ocrx_word' id='word_1_127' title='bbox 1012 1751 1059 1805; x_wconf 90' lang='lat' dir='ltr'><strong>est</strong></span> <span class='ocrx_word' id='word_1_128' title='bbox 1091 1745 1252 1807; x_wconf 85' lang='lat' dir='ltr'><strong>translatio</strong></span> <span class='ocrx_word' id='word_1_129' title='bbox 1284 1745 1379 1826; x_wconf 91' lang='lat' dir='ltr'><strong>ipsius</strong></span> <span class='ocrx_word' id='word_1_130' title='bbox 1402 1744 1461 1808; x_wconf 79' lang='lat' dir='ltr'><strong>AO</strong></span> <span class='ocrx_word' id='word_1_131' title='bbox 1490 1746 1521 1807; x_wconf 95' lang='lat' dir='ltr'><strong>in</strong></span> <span class='ocrx_word' id='word_1_132' title='bbox 1543 1743 1616 1819; x_wconf 86' lang='grc' dir='ltr'><strong>ΑΕ,</strong></span> <span class='ocrx_word' id='word_1_133' title='bbox 1648 1749 1681 1804; x_wconf 89' lang='lat' dir='ltr'><strong>et</strong></span> 
     </span>
     <span class='ocr_line' id='line_1_17' title="bbox 669 1828 1682 1914; baseline -0.002 -19"><span class='ocrx_word' id='word_1_134' title='bbox 669 1833 837 1895; x_wconf 89' lang='lat' dir='ltr'><strong>anomaliae</strong></span> <span class='ocrx_word' id='word_1_135' title='bbox 867 1828 1026 1907; x_wconf 84' lang='lat' dir='ltr'><strong>mediae*)</strong></span> <span class='ocrx_word' id='word_1_136' title='bbox 1058 1830 1163 1914; x_wconf 91' lang='lat' dir='ltr'><strong>(qnam</strong></span> <span class='ocrx_word' id='word_1_137' title='bbox 1195 1835 1234 1895; x_wconf 91' lang='lat' dir='ltr'><strong>ad</strong></span> <span class='ocrx_word' id='word_1_138' title='bbox 1268 1832 1324 1896; x_wconf 84' lang='lat' dir='ltr'><strong>OA</strong></span> <span class='ocrx_word' id='word_1_139' title='bbox 1348 1835 1394 1895; x_wconf 89' lang='lat' dir='ltr'><strong>vel</strong></span> <span class='ocrx_word' id='word_1_140' title='bbox 1419 1833 1477 1897; x_wconf 84' lang='lat' dir='ltr'><strong>EA</strong></span> <span class='ocrx_word' id='word_1_141' title='bbox 1501 1832 1682 1896; x_wconf 87' lang='lat' dir='ltr'><strong>distantiam</strong></span> 
     </span>
     <span class='ocr_line' id='line_1_18' title="bbox 666 1915 1682 1997; baseline -0.002 -13"><span class='ocrx_word' id='word_1_142' title='bbox 666 1921 878 1984; x_wconf 90' lang='lat' dir='ltr'><strong>inveniendam</strong></span> <span class='ocrx_word' id='word_1_143' title='bbox 894 1915 926 1982; x_wconf 84' lang='lat' dir='ltr'><strong>iri</strong></span> <span class='ocrx_word' id='word_1_144' title='bbox 941 1921 995 1986; x_wconf 84' lang='lat' dir='ltr'><strong>OD</strong></span> <span class='ocrx_word' id='word_1_145' title='bbox 1020 1941 1090 1984; x_wconf 90' lang='lat' dir='ltr'><strong>arcu</strong></span> <span class='ocrx_word' id='word_1_146' title='bbox 1114 1921 1351 1997; x_wconf 90' lang='lat' dir='ltr'><strong>numeravimus)</strong></span> <span class='ocrx_word' id='word_1_147' title='bbox 1371 1924 1504 1986; x_wconf 88' lang='lat' dir='ltr'><strong>tributus</strong></span> <span class='ocrx_word' id='word_1_148' title='bbox 1521 1931 1570 1985; x_wconf 89' lang='lat' dir='ltr'><strong>est</strong></span> <span class='ocrx_word' id='word_1_149' title='bbox 1589 1941 1682 1984; x_wconf 90' lang='lat' dir='ltr'><strong>arcus</strong></span> 
     </span>
     <span class='ocr_line' id='line_1_19' title="bbox 577 2002 1683 2092; baseline -0.002 -19"><span class='ocrx_word' id='word_1_150' title='bbox 577 2002 579 2031; x_wconf 82' lang='lat'><strong>¹</strong></span> <span class='ocrx_word' id='word_1_151' title='bbox 666 2010 742 2086; x_wconf 87' lang='lat' dir='ltr'><strong>ED;</strong></span> <span class='ocrx_word' id='word_1_152' title='bbox 777 2011 820 2073; x_wconf 88' lang='lat' dir='ltr'><strong>sic</strong></span> <span class='ocrx_word' id='word_1_153' title='bbox 843 2019 961 2086; x_wconf 90' lang='lat' dir='ltr'><strong>tamen,</strong></span> <span class='ocrx_word' id='word_1_154' title='bbox 994 2021 1027 2072; x_wconf 93' lang='lat' dir='ltr'><strong>ut</strong></span> <span class='ocrx_word' id='word_1_155' title='bbox 1049 2011 1104 2074; x_wconf 84' lang='lat' dir='ltr'><strong>BE</strong></span> <span class='ocrx_word' id='word_1_156' title='bbox 1128 2019 1159 2073; x_wconf 91' lang='lat' dir='ltr'><strong>et</strong></span> <span class='ocrx_word' id='word_1_157' title='bbox 1182 2011 1238 2076; x_wconf 87' lang='lat' dir='ltr'><strong>Ac</strong></span> <span class='ocrx_word' id='word_1_158' title='bbox 1262 2033 1320 2073; x_wconf 95' lang='lat' dir='ltr'><strong>uon</strong></span> <span class='ocrx_word' id='word_1_159' title='bbox 1357 2013 1418 2074; x_wconf 90' lang='lat' dir='ltr'><strong>sint</strong></span> <span class='ocrx_word' id='word_1_160' title='bbox 1445 2013 1511 2091; x_wconf 89' lang='lat' dir='ltr'><strong>jam</strong></span> <span class='ocrx_word' id='word_1_161' title='bbox 1542 2009 1683 2092; x_wconf 89' lang='lat' dir='ltr'><strong>praecise</strong></span> 
     </span>
     <span class='ocr_line' id='line_1_20' title="bbox 672 2100 1684 2183; baseline -0.001 -22"><span class='ocrx_word' id='word_1_162' title='bbox 672 2101 811 2182; x_wconf 89' lang='lat' dir='ltr'><strong>paralleli</strong></span> <span class='ocrx_word' id='word_1_163' title='bbox 835 2108 869 2162; x_wconf 89' lang='lat' dir='ltr'><strong>ut</strong></span> <span class='ocrx_word' id='word_1_164' title='bbox 892 2100 981 2162; x_wconf 88' lang='lat' dir='ltr'><strong>modo</strong></span> <span class='ocrx_word' id='word_1_165' title='bbox 1005 2100 1110 2181; x_wconf 88' lang='lat' dir='ltr'><strong>primo.</strong></span> <span class='ocrx_word' id='word_1_166' title='bbox 1153 2101 1229 2177; x_wconf 89' lang='lat' dir='ltr'><strong>Hoc,</strong></span> <span class='ocrx_word' id='word_1_167' title='bbox 1253 2101 1383 2183; x_wconf 88' lang='lat' dir='ltr'><strong>inquam,</strong></span> <span class='ocrx_word' id='word_1_168' title='bbox 1403 2101 1469 2182; x_wconf 87' lang='lat' dir='ltr'><strong>jam</strong></span> <span class='ocrx_word' id='word_1_169' title='bbox 1493 2103 1607 2163; x_wconf 85' lang='lat' dir='ltr'><strong>factum</strong></span> <span class='ocrx_word' id='word_1_170' title='bbox 1628 2117 1684 2181; x_wconf 92' lang='lat' dir='ltr'><strong>per</strong></span> 
     </span>
     <span class='ocr_line' id='line_1_21' title="bbox 327 2189 1685 2275; baseline -0.01 -14"><span class='ocrx_word' id='word_1_171' title='bbox 327 2194 569 2261; x_wconf 86' lang='lat' dir='ltr'><strong>commixtionem</strong></span> <span class='ocrx_word' id='word_1_172' title='bbox 592 2191 810 2275; x_wconf 84' lang='lat' dir='ltr'><strong>hypotheseon,</strong></span> <span class='ocrx_word' id='word_1_173' title='bbox 835 2189 909 2251; x_wconf 91' lang='lat' dir='ltr'><strong>nihil</strong></span> <span class='ocrx_word' id='word_1_174' title='bbox 933 2209 1007 2270; x_wconf 91' lang='lat' dir='ltr'><strong>opus</strong></span> <span class='ocrx_word' id='word_1_175' title='bbox 1031 2197 1080 2251; x_wconf 91' lang='lat' dir='ltr'><strong>est</strong></span> <span class='ocrx_word' id='word_1_176' title='bbox 1101 2209 1218 2252; x_wconf 92' lang='lat' dir='ltr'><strong>rursum</strong></span> <span class='ocrx_word' id='word_1_177' title='bbox 1246 2190 1309 2252; x_wconf 89' lang='lat' dir='ltr'><strong>fieri</strong></span> <span class='ocrx_word' id='word_1_178' title='bbox 1333 2210 1386 2271; x_wconf 88' lang='lat' dir='ltr'><strong>per</strong></span> <span class='ocrx_word' id='word_1_179' title='bbox 1410 2192 1626 2272; x_wconf 88' lang='lat' dir='ltr'><strong>operationem,</strong></span> <span class='ocrx_word' id='word_1_180' title='bbox 1651 2195 1685 2252; x_wconf 91' lang='lat' dir='ltr'><strong>ut</strong></span> 
     </span>
     <span class='ocr_line' id='line_1_22' title="bbox 327 2278 1683 2366; baseline -0.007 -18"><span class='ocrx_word' id='word_1_181' title='bbox 327 2284 415 2348; x_wconf 91' lang='lat' dir='ltr'><strong>modu</strong></span> <span class='ocrx_word' id='word_1_182' title='bbox 438 2283 543 2366; x_wconf 90' lang='lat' dir='ltr'><strong>primo.</strong></span> <span class='ocrx_word' id='word_1_183' title='bbox 583 2281 645 2344; x_wconf 90' lang='lat' dir='ltr'><strong>Sed</strong></span> <span class='ocrx_word' id='word_1_184' title='bbox 667 2280 725 2342; x_wconf 91' lang='lat' dir='ltr'><strong>hoc</strong></span> <span class='ocrx_word' id='word_1_185' title='bbox 749 2281 847 2342; x_wconf 91' lang='lat' dir='ltr'><strong>solum</strong></span> <span class='ocrx_word' id='word_1_186' title='bbox 871 2280 1031 2360; x_wconf 89' lang='lat' dir='ltr'><strong>quaeritur,</strong></span> <span class='ocrx_word' id='word_1_187' title='bbox 1058 2298 1096 2340; x_wconf 88' lang='lat' dir='ltr'><strong>an</strong></span> <span class='ocrx_word' id='word_1_188' title='bbox 1116 2279 1279 2342; x_wconf 88' lang='lat' dir='ltr'><strong>distantiae</strong></span> <span class='ocrx_word' id='word_1_189' title='bbox 1303 2278 1369 2356; x_wconf 85' lang='lat' dir='ltr'><strong>AO,</strong></span> <span class='ocrx_word' id='word_1_190' title='bbox 1394 2279 1452 2342; x_wconf 88' lang='grc' dir='ltr'><strong>ΑΕ</strong></span> <span class='ocrx_word' id='word_1_191' title='bbox 1475 2298 1601 2360; x_wconf 88' lang='lat' dir='ltr'><strong>paucae,</strong></span> <span class='ocrx_word' id='word_1_192' title='bbox 1623 2278 1683 2340; x_wconf 93' lang='lat' dir='ltr'><strong>hoc</strong></span> 
     </span>
     <span class='ocr_line' id='line_1_23' title="bbox 329 2367 1683 2454; baseline -0.005 -18"><span class='ocrx_word' id='word_1_193' title='bbox 329 2375 431 2454; x_wconf 91' lang='lat' dir='ltr'><strong>quinto</strong></span> <span class='ocrx_word' id='word_1_194' title='bbox 456 2372 542 2433; x_wconf 90' lang='lat' dir='ltr'><strong>modo</strong></span> <span class='ocrx_word' id='word_1_195' title='bbox 567 2370 713 2431; x_wconf 88' lang='lat' dir='ltr'><strong>collectae</strong></span> <span class='ocrx_word' id='word_1_196' title='bbox 736 2368 766 2428; x_wconf 96' lang='lat' dir='ltr'><strong>in</strong></span> <span class='ocrx_word' id='word_1_197' title='bbox 787 2386 875 2429; x_wconf 91' lang='lat' dir='ltr'><strong>unam</strong></span> <span class='ocrx_word' id='word_1_198' title='bbox 900 2385 1054 2443; x_wconf 88' lang='lat' dir='ltr'><strong>summam,</strong></span> <span class='ocrx_word' id='word_1_199' title='bbox 1080 2369 1209 2431; x_wconf 88' lang='lat' dir='ltr'><strong>efficiant</strong></span> <span class='ocrx_word' id='word_1_200' title='bbox 1224 2368 1350 2430; x_wconf 91' lang='lat' dir='ltr'><strong>eandem</strong></span> <span class='ocrx_word' id='word_1_201' title='bbox 1372 2369 1581 2450; x_wconf 88' lang='lat' dir='ltr'><strong>aequationem</strong></span> <span class='ocrx_word' id='word_1_202' title='bbox 1604 2367 1683 2450; x_wconf 88' lang='lat' dir='ltr'><strong>phy-</strong></span> 
     </span>
     <span class='ocr_line' id='line_1_24' title="bbox 329 2453 1579 2541; baseline -0.002 -18"><span class='ocrx_word' id='word_1_203' title='bbox 329 2463 400 2536; x_wconf 88' lang='lat' dir='ltr'><strong>sice,</strong></span> <span class='ocrx_word' id='word_1_204' title='bbox 426 2479 515 2541; x_wconf 88' lang='lat' dir='ltr'><strong>quam</strong></span> <span class='ocrx_word' id='word_1_205' title='bbox 538 2457 708 2520; x_wconf 80' lang='lat' dir='ltr'><strong>commixtis</strong></span> <span class='ocrx_word' id='word_1_206' title='bbox 732 2457 847 2518; x_wconf 89' lang='lat' dir='ltr'><strong>duabus</strong></span> <span class='ocrx_word' id='word_1_207' title='bbox 870 2453 1089 2538; x_wconf 85' lang='lat' dir='ltr'><strong>hypothesibn‘s</strong></span> <span class='ocrx_word' id='word_1_208' title='bbox 1113 2459 1238 2521; x_wconf 89' lang='lat' dir='ltr'><strong>sortitae</strong></span> <span class='ocrx_word' id='word_1_209' title='bbox 1258 2455 1333 2520; x_wconf 85' lang='lat' dir='ltr'><strong>¹sunt</strong></span> <span class='ocrx_word' id='word_1_210' title='bbox 1355 2458 1579 2520; x_wconf 87' lang='lat' dir='ltr'><strong>artificialiter?</strong></span> 
     </span>
     <span class='ocr_line' id='line_1_25' title="bbox 336 2545 1684 2628; baseline -0.003 -17"><span class='ocrx_word' id='word_1_211' title='bbox 336 2573 338 2582; x_wconf 62' lang='lat'><em>¹</em></span> <span class='ocrx_word' id='word_1_212' title='bbox 417 2549 478 2612; x_wconf 89' lang='lat' dir='ltr'><strong>Ubi</strong></span> <span class='ocrx_word' id='word_1_213' title='bbox 500 2548 662 2628; x_wconf 89' lang='lat' dir='ltr'><strong>perpende,</strong></span> <span class='ocrx_word' id='word_1_214' title='bbox 687 2545 833 2626; x_wconf 92' lang='lat' dir='ltr'><strong>quomodo</strong></span> <span class='ocrx_word' id='word_1_215' title='bbox 865 2565 897 2606; x_wconf 91' lang='lat' dir='ltr'><strong>se</strong></span> <span class='ocrx_word' id='word_1_216' title='bbox 924 2545 1058 2608; x_wconf 88' lang='lat' dir='ltr'><strong>habeant</strong></span> <span class='ocrx_word' id='word_1_217' title='bbox 1081 2547 1244 2610; x_wconf 89' lang='lat' dir='ltr'><strong>distantiae</strong></span> <span class='ocrx_word' id='word_1_218' title='bbox 1268 2549 1324 2609; x_wconf 91' lang='lat' dir='ltr'><strong>hac</strong></span> <span class='ocrx_word' id='word_1_219' title='bbox 1347 2547 1455 2610; x_wconf 90' lang='lat' dir='ltr'><strong>ultima</strong></span> <span class='ocrx_word' id='word_1_220' title='bbox 1477 2549 1542 2610; x_wconf 84' lang='lat' dir='ltr'><strong>rice</strong></span> <span class='ocrx_word' id='word_1_221' title='bbox 1562 2564 1684 2608; x_wconf 90' lang='lat' dir='ltr'><strong>accom-</strong></span> 
     </span>
     <span class='ocr_line' id='line_1_26' title="bbox 330 2631 1685 2716; baseline -0.004 -15"><span class='ocrx_word' id='word_1_222' title='bbox 330 2635 483 2701; x_wconf 88' lang='lat' dir='ltr'><strong>modatae.</strong></span> <span class='ocrx_word' id='word_1_223' title='bbox 536 2635 677 2716; x_wconf 80' lang='lat' dir='ltr'><strong>Angelus</strong></span> <span class='ocrx_word' id='word_1_224' title='bbox 700 2633 792 2714; x_wconf 85' lang='lat' dir='ltr'><strong>igitur</strong></span> <span class='ocrx_word' id='word_1_225' title='bbox 814 2631 916 2710; x_wconf 85' lang='grc' dir='ltr'>ΕΑΙ),</span> <span class='ocrx_word' id='word_1_226' title='bbox 950 2636 1044 2715; x_wconf 73' lang='lat' dir='ltr'><strong>cujus</strong></span> <span class='ocrx_word' id='word_1_227' title='bbox 1063 2635 1207 2699; x_wconf 86' lang='lat' dir='ltr'><strong>terminus</strong></span> <span class='ocrx_word' id='word_1_228' title='bbox 1230 2635 1256 2697; x_wconf 90' lang='grc' dir='ltr'>Ε</span> <span class='ocrx_word' id='word_1_229' title='bbox 1280 2636 1374 2698; x_wconf 89' lang='lat' dir='ltr'><strong>distat</strong></span> <span class='ocrx_word' id='word_1_230' title='bbox 1398 2659 1416 2698; x_wconf 91' lang='lat' dir='ltr'><strong>a</strong></span> <span class='ocrx_word' id='word_1_231' title='bbox 1440 2636 1512 2698; x_wconf 92' lang='lat' dir='ltr'><strong>Sole</strong></span> <span class='ocrx_word' id='word_1_232' title='bbox 1535 2635 1685 2698; x_wconf 88' lang='lat' dir='ltr'><strong>distantia</strong></span> 
     </span>
     <span class='ocr_line' id='line_1_27' title="bbox 268 2723 1685 2804; baseline -0.004 -13"><span class='ocrx_word' id='word_1_233' title='bbox 268 2733 270 2740; x_wconf 60' lang='lat'><strong>⁴</strong></span> <span class='ocrx_word' id='word_1_234' title='bbox 330 2725 398 2802; x_wconf 79' lang='lat' dir='ltr'><strong>AG,</strong></span> <span class='ocrx_word' id='word_1_235' title='bbox 423 2726 471 2787; x_wconf 92' lang='lat' dir='ltr'><strong>hic</strong></span> <span class='ocrx_word' id='word_1_236' title='bbox 494 2725 621 2804; x_wconf 82' lang='lat' dir='ltr'><strong>angulus</strong></span> <span class='ocrx_word' id='word_1_237' title='bbox 645 2725 674 2786; x_wconf 90' lang='lat' dir='ltr'><strong>in</strong></span> <span class='ocrx_word' id='word_1_238' title='bbox 699 2723 841 2804; x_wconf 86' lang='lat' dir='ltr'><strong>aequales</strong></span> <span class='ocrx_word' id='word_1_239' title='bbox 865 2724 977 2803; x_wconf 88' lang='lat' dir='ltr'><strong>gradus</strong></span> <span class='ocrx_word' id='word_1_240' title='bbox 1000 2725 1057 2786; x_wconf 91' lang='lat' dir='ltr'><strong>hac</strong></span> <span class='ocrx_word' id='word_1_241' title='bbox 1080 2725 1188 2788; x_wconf 88' lang='lat' dir='ltr'><strong>ultima</strong></span> <span class='ocrx_word' id='word_1_242' title='bbox 1210 2726 1275 2786; x_wconf 89' lang='lat' dir='ltr'><strong>vice</strong></span> <span class='ocrx_word' id='word_1_243' title='bbox 1300 2725 1412 2788; x_wconf 90' lang='lat' dir='ltr'><strong>divisus</strong></span> <span class='ocrx_word' id='word_1_244' title='bbox 1436 2735 1485 2788; x_wconf 91' lang='lat' dir='ltr'><strong>est</strong></span> <span class='ocrx_word' id='word_1_245' title='bbox 1508 2733 1539 2787; x_wconf 88' lang='lat' dir='ltr'><strong>et</strong></span> <span class='ocrx_word' id='word_1_246' title='bbox 1559 2723 1685 2787; x_wconf 88' lang='lat' dir='ltr'><strong>cuilibet</strong></span> 
     </span>
     <span class='ocr_line' id='line_1_28' title="bbox 331 2811 1685 2894; baseline -0.003 -16"><span class='ocrx_word' id='word_1_247' title='bbox 331 2817 447 2878; x_wconf 87' lang='lat' dir='ltr'><strong>tributa</strong></span> <span class='ocrx_word' id='word_1_248' title='bbox 469 2835 529 2876; x_wconf 91' lang='lat' dir='ltr'><strong>una</strong></span> <span class='ocrx_word' id='word_1_249' title='bbox 552 2813 708 2876; x_wconf 85' lang='lat' dir='ltr'><strong>distantia.</strong></span> <span class='ocrx_word' id='word_1_250' title='bbox 756 2811 825 2882; x_wconf 84' lang='lat' dir='ltr'><strong>Qua</strong></span> <span class='ocrx_word' id='word_1_251' title='bbox 854 2814 971 2874; x_wconf 88' lang='lat' dir='ltr'><strong>ratione</strong></span> <span class='ocrx_word' id='word_1_252' title='bbox 991 2814 1057 2893; x_wconf 91' lang='lat' dir='ltr'><strong>jam</strong></span> <span class='ocrx_word' id='word_1_253' title='bbox 1079 2814 1135 2875; x_wconf 86' lang='lat' dir='ltr'><strong>ED</strong></span> <span class='ocrx_word' id='word_1_254' title='bbox 1159 2833 1246 2877; x_wconf 89' lang='lat' dir='ltr'><strong>arcus</strong></span> <span class='ocrx_word' id='word_1_255' title='bbox 1269 2813 1365 2876; x_wconf 90' lang='lat' dir='ltr'><strong>ovalis</strong></span> <span class='ocrx_word' id='word_1_256' title='bbox 1388 2815 1471 2891; x_wconf 87' lang='lat' dir='ltr'><strong>viae,</strong></span> <span class='ocrx_word' id='word_1_257' title='bbox 1505 2822 1685 2894; x_wconf 81' lang='lat' dir='ltr'><strong>superstans</strong></span> 
     </span>
     <span class='ocr_line' id='line_1_29' title="bbox 332 2901 1685 2985; baseline -0.003 -17"><span class='ocrx_word' id='word_1_258' title='bbox 332 2907 377 2968; x_wconf 93' lang='lat' dir='ltr'><strong>illi</strong></span> <span class='ocrx_word' id='word_1_259' title='bbox 401 2904 509 2984; x_wconf 79' lang='lat' dir='ltr'><strong>angulo</strong></span> <span class='ocrx_word' id='word_1_260' title='bbox 532 2903 639 2973; x_wconf 83' lang='lat' dir='ltr'><strong>EAD,</strong></span> <span class='ocrx_word' id='word_1_261' title='bbox 663 2903 727 2965; x_wconf 88' lang='lat' dir='ltr'><strong>abit</strong></span> <span class='ocrx_word' id='word_1_262' title='bbox 750 2903 779 2963; x_wconf 91' lang='lat' dir='ltr'><strong>in</strong></span> <span class='ocrx_word' id='word_1_263' title='bbox 803 2910 906 2980; x_wconf 90' lang='lat' dir='ltr'><strong>partes</strong></span> <span class='ocrx_word' id='word_1_264' title='bbox 929 2903 1103 2983; x_wconf 87' lang='lat' dir='ltr'><strong>inaequales</strong></span> <span class='ocrx_word' id='word_1_265' title='bbox 1128 2911 1160 2965; x_wconf 89' lang='lat' dir='ltr'><strong>et</strong></span> <span class='ocrx_word' id='word_1_266' title='bbox 1182 2903 1268 2965; x_wconf 91' lang='lat' dir='ltr'><strong>nimis</strong></span> <span class='ocrx_word' id='word_1_267' title='bbox 1291 2923 1404 2985; x_wconf 82' lang='lat' dir='ltr'><strong>paucas</strong></span> <span class='ocrx_word' id='word_1_268' title='bbox 1427 2903 1612 2976; x_wconf 81' lang='lat' dir='ltr'><strong>nanciscitur</strong></span> <span class='ocrx_word' id='word_1_269' title='bbox 1635 2901 1685 2964; x_wconf 88' lang='lat' dir='ltr'><strong>di-</strong></span> 
     </span>
     <span class='ocr_line' id='line_1_30' title="bbox 332 2992 1688 3078; baseline -0.002 -21"><span class='ocrx_word' id='word_1_270' title='bbox 332 2993 475 3058; x_wconf 89' lang='lat' dir='ltr'><strong>stantias.</strong></span> <span class='ocrx_word' id='word_1_271' title='bbox 526 2993 632 3072; x_wconf 90' lang='lat' dir='ltr'><strong>Itaque</strong></span> <span class='ocrx_word' id='word_1_272' title='bbox 656 3011 694 3053; x_wconf 86' lang='lat' dir='ltr'><strong>ex</strong></span> <span class='ocrx_word' id='word_1_273' title='bbox 721 3011 837 3054; x_wconf 92' lang='lat' dir='ltr'><strong>summa</strong></span> <span class='ocrx_word' id='word_1_274' title='bbox 864 2992 1079 3054; x_wconf 83' lang='lat' dir='ltr'><strong>distantiarum·</strong></span> <span class='ocrx_word' id='word_1_275' title='bbox 1108 2993 1248 3078; x_wconf 70' lang='lat' dir='ltr'>511an</span> <span class='ocrx_word' id='word_1_276' title='bbox 1279 2994 1383 3075; x_wconf 91' lang='lat' dir='ltr'><strong>nequit</strong></span> <span class='ocrx_word' id='word_1_277' title='bbox 1404 2994 1508 3057; x_wconf 91' lang='lat' dir='ltr'><strong>haberi</strong></span> <span class='ocrx_word' id='word_1_278' title='bbox 1533 2992 1688 3056; x_wconf 83' lang='lat' dir='ltr'><strong>anomalia</strong></span> 
     </span>
     <span class='ocr_line' id='line_1_31' title="bbox 332 3081 1149 3163; baseline -0.004 -17"><span class='ocrx_word' id='word_1_279' title='bbox 332 3084 432 3146; x_wconf 89' lang='lat' dir='ltr'><strong>media</strong></span> <span class='ocrx_word' id='word_1_280' title='bbox 450 3084 515 3163; x_wconf 89' lang='lat' dir='ltr'><strong>jam</strong></span> <span class='ocrx_word' id='word_1_281' title='bbox 537 3090 760 3163; x_wconf 91' lang='lat' dir='ltr'><strong>praeconcepta</strong></span> <span class='ocrx_word' id='word_1_282' title='bbox 783 3100 821 3142; x_wconf 85' lang='lat' dir='ltr'><strong>ex</strong></span> <span class='ocrx_word' id='word_1_283' title='bbox 843 3081 1002 3162; x_wconf 88' lang='lat' dir='ltr'><strong>hypothesi</strong></span> <span class='ocrx_word' id='word_1_284' title='bbox 1025 3082 1149 3144; x_wconf 86' lang='lat' dir='ltr'><strong>vicaria.</strong></span> 
     </span>
    </p>

    <p class='ocr_par' dir='ltr' id='par_1_4' title="bbox 284 3168 1738 3967">
     <span class='ocr_line' id='line_1_32' title="bbox 422 3168 1685 3252; baseline -0.002 -18"><span class='ocrx_word' id='word_1_285' title='bbox 422 3171 681 3243; x_wconf 86' lang='lat' dir='ltr'><strong>Quemadmodum</strong></span> <span class='ocrx_word' id='word_1_286' title='bbox 709 3190 779 3233; x_wconf 92' lang='lat' dir='ltr'><strong>vero</strong></span> <span class='ocrx_word' id='word_1_287' title='bbox 804 3189 896 3250; x_wconf 89' lang='lat' dir='ltr'><strong>snpra</strong></span> <span class='ocrx_word' id='word_1_288' title='bbox 918 3171 1005 3233; x_wconf 91' lang='lat' dir='ltr'><strong>modo</strong></span> <span class='ocrx_word' id='word_1_289' title='bbox 1027 3171 1139 3252; x_wconf 89' lang='lat' dir='ltr'><strong>primo,</strong></span> <span class='ocrx_word' id='word_1_290' title='bbox 1171 3191 1236 3234; x_wconf 93' lang='lat' dir='ltr'><strong>cum</strong></span> <span class='ocrx_word' id='word_1_291' title='bbox 1267 3168 1322 3233; x_wconf 84' lang='lat' dir='ltr'><strong>CD</strong></span> <span class='ocrx_word' id='word_1_292' title='bbox 1352 3173 1576 3235; x_wconf 88' lang='lat' dir='ltr'><strong>nancisceretur</strong></span> <span class='ocrx_word' id='word_1_293' title='bbox 1599 3171 1685 3251; x_wconf 90' lang='lat' dir='ltr'><strong>justo</strong></span> 
     </span>
     <span class='ocr_line' id='line_1_33' title="bbox 333 3258 1686 3344; baseline -0.003 -20"><span class='ocrx_word' id='word_1_294' title='bbox 333 3262 491 3344; x_wconf 88' lang='lat' dir='ltr'><strong>pauciores</strong></span> <span class='ocrx_word' id='word_1_295' title='bbox 514 3261 685 3334; x_wconf 87' lang='lat' dir='ltr'><strong>distantias,</strong></span> <span class='ocrx_word' id='word_1_296' title='bbox 711 3260 808 3321; x_wconf 89' lang='lat' dir='ltr'><strong>diviso</strong></span> <span class='ocrx_word' id='word_1_297' title='bbox 832 3260 941 3338; x_wconf 85' lang='lat' dir='ltr'><strong>angulo</strong></span> <span class='ocrx_word' id='word_1_298' title='bbox 966 3259 1052 3322; x_wconf 84' lang='lat' dir='ltr'><strong>CAD</strong></span> <span class='ocrx_word' id='word_1_299' title='bbox 1075 3261 1106 3324; x_wconf 93' lang='lat' dir='ltr'><strong>in</strong></span> <span class='ocrx_word' id='word_1_300' title='bbox 1129 3262 1240 3340; x_wconf 86' lang='lat' dir='ltr'><strong>gradus</strong></span> <span class='ocrx_word' id='word_1_301' title='bbox 1265 3261 1421 3340; x_wconf 88' lang='lat' dir='ltr'><strong>aequales,</strong></span> <span class='ocrx_word' id='word_1_302' title='bbox 1452 3280 1506 3340; x_wconf 89' lang='lat' dir='ltr'><strong>pro</strong></span> <span class='ocrx_word' id='word_1_303' title='bbox 1531 3258 1587 3324; x_wconf 83' lang='lat'><strong>01)</strong></span> <span class='ocrx_word' id='word_1_304' title='bbox 1611 3259 1686 3321; x_wconf 89' lang='lat' dir='ltr'><strong>suh-</strong></span> 
     </span>
     <span class='ocr_line' id='line_1_34' title="bbox 334 3341 1686 3430; baseline -0.004 -15"><span class='ocrx_word' id='word_1_305' title='bbox 334 3352 486 3415; x_wconf 89' lang='lat' dir='ltr'><strong>stituimus</strong></span> <span class='ocrx_word' id='word_1_306' title='bbox 517 3349 574 3411; x_wconf 91' lang='grc' dir='ltr'><strong>ΕΙ)</strong></span> <span class='ocrx_word' id='word_1_307' title='bbox 611 3350 748 3412; x_wconf 88' lang='lat' dir='ltr'><strong>idoneum</strong></span> <span class='ocrx_word' id='word_1_308' title='bbox 786 3367 887 3410; x_wconf 91' lang='lat' dir='ltr'><strong>arcum</strong></span> <span class='ocrx_word' id='word_1_309' title='bbox 918 3348 980 3410; x_wconf 93' lang='lat' dir='ltr'><strong>illis</strong></span> <span class='ocrx_word' id='word_1_310' title='bbox 1017 3350 1186 3420; x_wconf 87' lang='lat' dir='ltr'><strong>distantiis,</strong></span> <span class='ocrx_word' id='word_1_311' title='bbox 1224 3350 1269 3411; x_wconf 88' lang='lat' dir='ltr'><strong>ita</strong></span> <span class='ocrx_word' id='word_1_312' title='bbox 1299 3349 1356 3411; x_wconf 90' lang='lat' dir='ltr'><strong>hoc</strong></span> <span class='ocrx_word' id='word_1_313' title='bbox 1390 3350 1492 3430; x_wconf 89' lang='lat' dir='ltr'><strong>quinto</strong></span> <span class='ocrx_word' id='word_1_314' title='bbox 1521 3341 1686 3424; x_wconf 65' lang='lat' dir='ltr'><strong>modo,⁸*)</strong></span> 
     </span>
     <span class='ocr_line' id='line_1_35' title="bbox 335 3437 1687 3518; baseline -0.004 -16"><span class='ocrx_word' id='word_1_315' title='bbox 335 3459 402 3503; x_wconf 90' lang='lat' dir='ltr'><strong>cum</strong></span> <span class='ocrx_word' id='word_1_316' title='bbox 423 3437 480 3501; x_wconf 91' lang='grc' dir='ltr'><strong>ΕΙ)</strong></span> <span class='ocrx_word' id='word_1_317' title='bbox 503 3439 695 3502; x_wconf 87' lang='lat' dir='ltr'><strong>nanciscatur</strong></span> <span class='ocrx_word' id='word_1_318' title='bbox 714 3439 799 3518; x_wconf 89' lang='lat' dir='ltr'><strong>justu</strong></span> <span class='ocrx_word' id='word_1_319' title='bbox 821 3437 978 3518; x_wconf 88' lang='lat' dir='ltr'><strong>pauciores</strong></span> <span class='ocrx_word' id='word_1_320' title='bbox 1002 3439 1172 3514; x_wconf 89' lang='lat' dir='ltr'><strong>distantias,</strong></span> <span class='ocrx_word' id='word_1_321' title='bbox 1198 3439 1295 3500; x_wconf 86' lang='lat' dir='ltr'><strong>diviso</strong></span> <span class='ocrx_word' id='word_1_322' title='bbox 1319 3440 1427 3518; x_wconf 80' lang='lat' dir='ltr'><strong>angulo</strong></span> <span class='ocrx_word' id='word_1_323' title='bbox 1451 3437 1537 3500; x_wconf 88' lang='grc' dir='ltr'>ΕΑΙ)</span> <span class='ocrx_word' id='word_1_324' title='bbox 1560 3437 1591 3498; x_wconf 93' lang='lat' dir='ltr'><strong>in</strong></span> <span class='ocrx_word' id='word_1_325' title='bbox 1611 3456 1687 3517; x_wconf 83' lang='lat' dir='ltr'><strong>gra-</strong></span> 
     </span>
     <span class='ocr_line' id='line_1_36' title="bbox 336 3525 1687 3609; baseline -0.002 -18"><span class='ocrx_word' id='word_1_326' title='bbox 336 3531 391 3592; x_wconf 91' lang='lat' dir='ltr'><strong>dus</strong></span> <span class='ocrx_word' id='word_1_327' title='bbox 415 3528 571 3608; x_wconf 88' lang='lat' dir='ltr'><strong>aequales,</strong></span> <span class='ocrx_word' id='word_1_328' title='bbox 596 3527 621 3588; x_wconf 93' lang='lat' dir='ltr'><strong>si</strong></span> <span class='ocrx_word' id='word_1_329' title='bbox 646 3545 760 3588; x_wconf 88' lang='lat' dir='ltr'><strong>mrsum</strong></span> <span class='ocrx_word' id='word_1_330' title='bbox 784 3526 1004 3588; x_wconf 86' lang='lat' dir='ltr'><strong>inartificialem</strong></span> <span class='ocrx_word' id='word_1_331' title='bbox 1026 3528 1206 3590; x_wconf 90' lang='lat' dir='ltr'><strong>medicinam</strong></span> <span class='ocrx_word' id='word_1_332' title='bbox 1230 3527 1346 3589; x_wconf 90' lang='lat' dir='ltr'><strong>luberet</strong></span> <span class='ocrx_word' id='word_1_333' title='bbox 1370 3530 1519 3609; x_wconf 88' lang='lat' dir='ltr'><strong>accipere,</strong></span> <span class='ocrx_word' id='word_1_334' title='bbox 1550 3545 1604 3606; x_wconf 92' lang='lat' dir='ltr'><strong>pro</strong></span> <span class='ocrx_word' id='word_1_335' title='bbox 1627 3525 1687 3588; x_wconf 90' lang='grc' dir='ltr'><strong>ΕΙ)</strong></span> 
     </span>
     <span class='ocr_line' id='line_1_37' title="bbox 284 3615 1689 3702; baseline -0.003 -20"><span class='ocrx_word' id='word_1_336' title='bbox 284 3652 288 3661; x_wconf 93' lang='grc'>-</span> <span class='ocrx_word' id='word_1_337' title='bbox 336 3617 585 3682; x_wconf 89' lang='lat' dir='ltr'><strong>substitueremus</strong></span> <span class='ocrx_word' id='word_1_338' title='bbox 612 3615 685 3690; x_wconf 90' lang='lat' dir='ltr'><strong>ND,</strong></span> <span class='ocrx_word' id='word_1_339' title='bbox 714 3615 760 3676; x_wconf 92' lang='lat' dir='ltr'><strong>cui</strong></span> <span class='ocrx_word' id='word_1_340' title='bbox 789 3625 961 3692; x_wconf 89' lang='lat' dir='ltr'><strong>competant</strong></span> <span class='ocrx_word' id='word_1_341' title='bbox 997 3617 1069 3678; x_wconf 90' lang='lat' dir='ltr'><strong>illae</strong></span> <span class='ocrx_word' id='word_1_342' title='bbox 1106 3617 1278 3679; x_wconf 85' lang='lat' dir='ltr'><strong>distantiae.</strong></span> <span class='ocrx_word' id='word_1_343' title='bbox 1325 3615 1377 3679; x_wconf 79' lang='lat' dir='ltr'><strong>Sit</strong></span> <span class='ocrx_word' id='word_1_344' title='bbox 1408 3637 1471 3701; x_wconf 83' lang='lat' dir='ltr'><strong>pro</strong></span> <span class='ocrx_word' id='word_1_345' title='bbox 1502 3615 1689 3702; x_wconf 66' lang='lat' dir='ltr'><strong>quaeram</strong></span> 
     </span>
     <span class='ocr_line' id='line_1_38' title="bbox 336 3701 1738 3788; baseline -0.002 -17"><span class='ocrx_word' id='word_1_346' title='bbox 336 3706 493 3771; x_wconf 74' lang='lat' dir='ltr'><strong>distantia</strong></span> <span class='ocrx_word' id='word_1_347' title='bbox 515 3703 571 3768; x_wconf 82' lang='lat' dir='ltr'><strong>CA</strong></span> <span class='ocrx_word' id='word_1_348' title='bbox 593 3704 700 3767; x_wconf 74' lang='lat' dir='ltr'><strong>mdia</strong></span> <span class='ocrx_word' id='word_1_349' title='bbox 722 3703 887 3766; x_wconf 71' lang='lat' dir='ltr'><strong>anmndc&#39;a</strong></span> <span class='ocrx_word' id='word_1_350' title='bbox 911 3701 993 3766; x_wconf 86' lang='lat' dir='ltr'><strong>CBD</strong></span> <span class='ocrx_word' id='word_1_351' title='bbox 1008 3701 1147 3769; x_wconf 71' lang='lat' dir='ltr'><strong>lss⁰ttt</strong></span> <span class='ocrx_word' id='word_1_352' title='bbox 1184 3708 1277 3770; x_wconf 82' lang='lat' dir='ltr'><strong>Dato</strong></span> <span class='ocrx_word' id='word_1_353' title='bbox 1301 3703 1416 3788; x_wconf 66' lang='lat' dir='ltr'><strong>ampetio</strong></span> <span class='ocrx_word' id='word_1_354' title='bbox 1439 3707 1465 3768; x_wconf 94' lang='lat' dir='ltr'><strong>B</strong></span> <span class='ocrx_word' id='word_1_355' title='bbox 1492 3715 1521 3769; x_wconf 83' lang='lat' dir='ltr'><strong>et</strong></span> <span class='ocrx_word' id='word_1_356' title='bbox 1536 3704 1600 3780; x_wconf 87' lang='grc' dir='ltr'><strong>ΟΒ,</strong></span> <span class='ocrx_word' id='word_1_357' title='bbox 1615 3705 1686 3778; x_wconf 88' lang='grc' dir='ltr'><strong>ΒΑ,</strong></span> <span class='ocrx_word' id='word_1_358' title='bbox 1734 3769 1738 3778; x_wconf 67' lang='grc'><strong>,</strong></span> 
     </span>
     <span class='ocr_line' id='line_1_39' title="bbox 336 3788 1688 3882; baseline -0.004 -23"><span class='ocrx_word' id='word_1_359' title='bbox 336 3797 435 3860; x_wconf 78' lang='lat' dir='ltr'><strong>daton·</strong></span> <span class='ocrx_word' id='word_1_360' title='bbox 458 3795 514 3858; x_wconf 88' lang='lat' dir='ltr'><strong>CA</strong></span> <span class='ocrx_word' id='word_1_361' title='bbox 539 3790 668 3858; x_wconf 77' lang='lat'>105784</span> <span class='ocrx_word' id='word_1_362' title='bbox 691 3801 720 3856; x_wconf 85' lang='lat' dir='ltr'><strong>et</strong></span> <span class='ocrx_word' id='word_1_363' title='bbox 744 3792 826 3856; x_wconf 85' lang='lat' dir='ltr'><strong>OAB</strong></span> <span class='ocrx_word' id='word_1_364' title='bbox 851 3788 920 3854; x_wconf 71' lang='lat'><strong>45⁰.</strong></span> <span class='ocrx_word' id='word_1_365' title='bbox 959 3791 1061 3857; x_wconf 84' lang='lat' dir='ltr'><strong>Illam</strong></span> <span class='ocrx_word' id='word_1_366' title='bbox 1082 3815 1153 3858; x_wconf 83' lang='lat' dir='ltr'><strong>cero</strong></span> <span class='ocrx_word' id='word_1_367' title='bbox 1176 3795 1233 3860; x_wconf 85' lang='lat' dir='ltr'><strong>Ac</strong></span> <span class='ocrx_word' id='word_1_368' title='bbox 1248 3797 1340 3882; x_wconf 76' lang='lat' dir='ltr'><strong>jubet</strong></span> <span class='ocrx_word' id='word_1_369' title='bbox 1361 3798 1483 3858; x_wconf 65' lang='lat' dir='ltr'><strong>nicom</strong></span> <span class='ocrx_word' id='word_1_370' title='bbox 1505 3794 1688 3879; x_wconf 75' lang='lat' dir='ltr'><strong>hypothesis</strong></span> 
     </span>
     <span class='ocr_line' id='line_1_40' title="bbox 335 3879 1686 3967; baseline -0.004 -17"><span class='ocrx_word' id='word_1_371' title='bbox 335 3886 511 3967; x_wconf 58' lang='lat' dir='ltr'><strong>&amp;masma</strong></span> <span class='ocrx_word' id='word_1_372' title='bbox 533 3884 569 3946; x_wconf 82' lang='lat' dir='ltr'><strong>in</strong></span> <span class='ocrx_word' id='word_1_373' title='bbox 588 3883 657 3945; x_wconf 81' lang='grc' dir='ltr'><strong>ΑΕ.</strong></span> <span class='ocrx_word' id='word_1_374' title='bbox 702 3882 749 3946; x_wconf 85' lang='lat' dir='ltr'><strong>Et</strong></span> <span class='ocrx_word' id='word_1_375' title='bbox 770 3901 828 3945; x_wconf 85' lang='lat' dir='ltr'><strong>noa</strong></span> <span class='ocrx_word' id='word_1_376' title='bbox 841 3883 914 3966; x_wconf 79' lang='lat' dir='ltr'><strong>jana</strong></span> <span class='ocrx_word' id='word_1_377' title='bbox 936 3881 1001 3958; x_wconf 87' lang='lat' dir='ltr'><strong>ED,</strong></span> <span class='ocrx_word' id='word_1_378' title='bbox 1027 3905 1121 3965; x_wconf 79' lang='lat' dir='ltr'><strong>quam</strong></span> <span class='ocrx_word' id='word_1_379' title='bbox 1149 3885 1272 3948; x_wconf 80' lang='lat' dir='ltr'><strong>indicat</strong></span> <span class='ocrx_word' id='word_1_380' title='bbox 1299 3887 1421 3949; x_wconf 61' lang='lat' dir='ltr'><strong>nicoma</strong></span> <span class='ocrx_word' id='word_1_381' title='bbox 1447 3903 1513 3946; x_wconf 83' lang='lat' dir='ltr'><strong>esee</strong></span> <span class='ocrx_word' id='word_1_382' title='bbox 1535 3879 1597 3946; x_wconf 80' lang='lat'><strong>41⁰</strong></span> <span class='ocrx_word' id='word_1_383' title='bbox 1619 3880 1686 3956; x_wconf 74' lang='lat'><strong>22⁴,</strong></span> 
     </span>
    </p>

    <p class='ocr_par' dir='ltr' id='par_1_5' title="bbox 317 3970 1688 4326">
     <span class='ocr_line' id='line_1_41' title="bbox 339 3970 1688 4057; baseline -0.004 -17"><span class='ocrx_word' id='word_1_384' title='bbox 339 3973 568 4040; x_wconf 67' lang='lat' dir='ltr'><strong>diddensem</strong></span> <span class='ocrx_word' id='word_1_385' title='bbox 587 3971 711 4056; x_wconf 74' lang='lat' dir='ltr'><strong>prodas</strong></span> <span class='ocrx_word' id='word_1_386' title='bbox 737 3970 900 4054; x_wconf 73' lang='lat' dir='ltr'><strong>aequales,</strong></span> <span class='ocrx_word' id='word_1_387' title='bbox 924 3993 1045 4054; x_wconf 81' lang='lat' dir='ltr'><strong>perque</strong></span> <span class='ocrx_word' id='word_1_388' title='bbox 1067 3971 1142 4036; x_wconf 82' lang='lat' dir='ltr'><strong>c&#39;ltce</strong></span> <span class='ocrx_word' id='word_1_389' title='bbox 1173 3973 1353 4057; x_wconf 71' lang='lat' dir='ltr'><strong>collepimna</strong></span> <span class='ocrx_word' id='word_1_390' title='bbox 1374 3993 1438 4038; x_wconf 87' lang='lat' dir='ltr'><strong>non</strong></span> <span class='ocrx_word' id='word_1_391' title='bbox 1455 3973 1567 4056; x_wconf 82' lang='lat' dir='ltr'><strong>plnres</strong></span> <span class='ocrx_word' id='word_1_392' title='bbox 1589 3991 1688 4057; x_wconf 80' lang='lat' dir='ltr'><strong>qnam</strong></span> 
     </span>
     <span class='ocr_line' id='line_1_42' title="bbox 317 4056 1688 4149; baseline -0.002 -21"><span class='ocrx_word' id='word_1_393' title='bbox 317 4059 378 4128; x_wconf 82' lang='lat' dir='ltr'><strong>&#39;tt</strong></span> <span class='ocrx_word' id='word_1_394' title='bbox 406 4064 577 4128; x_wconf 81' lang='lat' dir='ltr'><strong>dietoretiaa</strong></span> <span class='ocrx_word' id='word_1_395' title='bbox 608 4069 638 4124; x_wconf 88' lang='lat' dir='ltr'><strong>et</strong></span> <span class='ocrx_word' id='word_1_396' title='bbox 662 4069 788 4143; x_wconf 82' lang='lat' dir='ltr'><strong>partem</strong></span> <span class='ocrx_word' id='word_1_397' title='bbox 810 4061 849 4123; x_wconf 89' lang='lat' dir='ltr'><strong>de</strong></span> <span class='ocrx_word' id='word_1_398' title='bbox 870 4056 923 4123; x_wconf 73' lang='lat'><strong>42.</strong></span> <span class='ocrx_word' id='word_1_399' title='bbox 969 4059 1054 4124; x_wconf 86' lang='lat' dir='ltr'><strong>Illae</strong></span> <span class='ocrx_word' id='word_1_400' title='bbox 1081 4083 1152 4134; x_wconf 77' lang='lat' dir='ltr'><strong>uero</strong></span> <span class='ocrx_word' id='word_1_401' title='bbox 1179 4066 1214 4126; x_wconf 80' lang='lat' dir='ltr'><strong>in</strong></span> <span class='ocrx_word' id='word_1_402' title='bbox 1244 4083 1398 4126; x_wconf 85' lang='lat' dir='ltr'><strong>summam</strong></span> <span class='ocrx_word' id='word_1_403' title='bbox 1426 4065 1579 4149; x_wconf 74' lang='lat' dir='ltr'><strong>conjectae</strong></span> <span class='ocrx_word' id='word_1_404' title='bbox 1609 4081 1688 4126; x_wconf 89' lang='lat' dir='ltr'><strong>con-</strong></span> 
     </span>
     <span class='ocr_line' id='line_1_43' title="bbox 335 4149 1686 4236; baseline -0.002 -19"><span class='ocrx_word' id='word_1_405' title='bbox 335 4157 442 4233; x_wconf 70' lang='lat' dir='ltr'><strong>ficient</strong></span> <span class='ocrx_word' id='word_1_406' title='bbox 463 4149 659 4216; x_wconf 83' lang='lat' dir='ltr'><strong>anomaliaen</strong></span> <span class='ocrx_word' id='word_1_407' title='bbox 683 4151 824 4213; x_wconf 75' lang='lat' dir='ltr'><strong>acediam</strong></span> <span class='ocrx_word' id='word_1_408' title='bbox 854 4151 982 4212; x_wconf 77' lang='lat' dir='ltr'><strong>minicae</strong></span> <span class='ocrx_word' id='word_1_409' title='bbox 1003 4171 1081 4214; x_wconf 77' lang='lat' dir='ltr'><strong>sarae</strong></span> <span class='ocrx_word' id='word_1_410' title='bbox 1108 4152 1272 4235; x_wconf 82' lang='lat' dir='ltr'><strong>aequalem</strong></span> <span class='ocrx_word' id='word_1_411' title='bbox 1297 4154 1403 4233; x_wconf 72' lang='lat' dir='ltr'><strong>prn&#39;mo</strong></span> <span class='ocrx_word' id='word_1_412' title='bbox 1434 4159 1595 4236; x_wconf 69' lang='lat' dir='ltr'><strong>mceptue</strong></span> <span class='ocrx_word' id='word_1_413' title='bbox 1617 4149 1686 4226; x_wconf 84' lang='lat' dir='ltr'><strong>DC,</strong></span> 
     </span>
     <span class='ocr_line' id='line_1_44' title="bbox 338 4237 1685 4326; baseline -0.004 -18"><span class='ocrx_word' id='word_1_414' title='bbox 338 4245 397 4309; x_wconf 85' lang='lat' dir='ltr'><strong>aed</strong></span> <span class='ocrx_word' id='word_1_415' title='bbox 418 4241 519 4307; x_wconf 76' lang='lat' dir='ltr'><strong>attan</strong></span> <span class='ocrx_word' id='word_1_416' title='bbox 540 4239 608 4311; x_wconf 81' lang='grc' dir='ltr'><strong>ΒΟ,</strong></span> <span class='ocrx_word' id='word_1_417' title='bbox 631 4259 714 4324; x_wconf 76' lang='lat' dir='ltr'><strong>patae</strong></span> <span class='ocrx_word' id='word_1_418' title='bbox 736 4241 921 4304; x_wconf 67' lang='lat' dir='ltr'><strong>diatonium</strong></span> <span class='ocrx_word' id='word_1_419' title='bbox 943 4237 1001 4302; x_wconf 85' lang='lat' dir='ltr'><strong>AO</strong></span> <span class='ocrx_word' id='word_1_420' title='bbox 1026 4241 1147 4306; x_wconf 69' lang='lat' dir='ltr'><strong>eonion</strong></span> <span class='ocrx_word' id='word_1_421' title='bbox 1168 4241 1425 4326; x_wconf 79' lang='lat' dir='ltr'><strong>transferendam</strong></span> <span class='ocrx_word' id='word_1_422' title='bbox 1446 4243 1481 4304; x_wconf 85' lang='lat' dir='ltr'><strong>in</strong></span> <span class='ocrx_word' id='word_1_423' title='bbox 1503 4241 1572 4306; x_wconf 86' lang='lat' dir='ltr'><strong>AN.</strong></span> <span class='ocrx_word' id='word_1_424' title='bbox 1604 4241 1685 4306; x_wconf 85' lang='lat' dir='ltr'><strong>Am-</strong></span> 
     </span>
    </p>
   </div>
   <div class='ocr_carea' id='block_1_3' title="bbox 323 4465 1717 4946">
    <p class='ocr_par' dir='ltr' id='par_1_6' title="bbox 433 4465 1474 4546">
     <span class='ocr_line' id='line_1_45' title="bbox 433 4465 1474 4546; baseline 0 -15"><span class='ocrx_word' id='word_1_425' title='bbox 433 4471 461 4546; x_wconf 77' lang='grc'><strong>*)</strong></span> <span class='ocrx_word' id='word_1_426' title='bbox 481 4475 557 4531; x_wconf 86' lang='lat' dir='ltr'><strong>Nota</strong></span> <span class='ocrx_word' id='word_1_427' title='bbox 576 4465 628 4546; x_wconf 73' lang='lat' dir='ltr'><strong>qno</strong></span> <span class='ocrx_word' id='word_1_428' title='bbox 648 4479 776 4543; x_wconf 87' lang='lat' dir='ltr'><strong>respectu</strong></span> <span class='ocrx_word' id='word_1_429' title='bbox 797 4471 841 4526; x_wconf 89' lang='lat' dir='ltr'><strong>hic</strong></span> <span class='ocrx_word' id='word_1_430' title='bbox 861 4471 958 4527; x_wconf 88' lang='lat' dir='ltr'><strong>medin.</strong></span> <span class='ocrx_word' id='word_1_431' title='bbox 1000 4472 1069 4526; x_wconf 88' lang='lat' dir='ltr'><strong>Vide</strong></span> <span class='ocrx_word' id='word_1_432' title='bbox 1090 4473 1228 4546; x_wconf 77' lang='lat' dir='ltr'><strong>margines</strong></span> <span class='ocrx_word' id='word_1_433' title='bbox 1249 4474 1412 4544; x_wconf 82' lang='lat' dir='ltr'><strong>superiores.</strong></span> <span class='ocrx_word' id='word_1_434' title='bbox 1434 4503 1474 4515; x_wconf 88' lang='lat'><em>-</em></span> 
     </span>
    </p>

    <p class='ocr_par' dir='ltr' id='par_1_7' title="bbox 323 4553 1717 4946">
     <span class='ocr_line' id='line_1_46' title="bbox 420 4553 1717 4630; baseline -0.002 -20"><span class='ocrx_word' id='word_1_435' title='bbox 420 4553 460 4623; x_wconf 64' lang='lat'><strong>⁸)</strong></span> <span class='ocrx_word' id='word_1_436' title='bbox 481 4557 513 4611; x_wconf 93' lang='lat' dir='ltr'><strong>In</strong></span> <span class='ocrx_word' id='word_1_437' title='bbox 532 4555 585 4610; x_wconf 91' lang='lat' dir='ltr'><strong>hoo</strong></span> <span class='ocrx_word' id='word_1_438' title='bbox 605 4553 699 4625; x_wconf 84' lang='lat' dir='ltr'><strong>quinto</strong></span> <span class='ocrx_word' id='word_1_439' title='bbox 720 4554 797 4607; x_wconf 91' lang='lat' dir='ltr'><strong>modo</strong></span> <span class='ocrx_word' id='word_1_440' title='bbox 818 4558 863 4606; x_wconf 87' lang='lat' dir='ltr'><strong>eet</strong></span> <span class='ocrx_word' id='word_1_441' title='bbox 887 4553 994 4622; x_wconf 86' lang='lat' dir='ltr'><strong>quidam</strong></span> <span class='ocrx_word' id='word_1_442' title='bbox 1023 4554 1162 4608; x_wconf 90' lang='lat' dir='ltr'><strong>anomalia</strong></span> <span class='ocrx_word' id='word_1_443' title='bbox 1192 4554 1277 4608; x_wconf 86' lang='lat' dir='ltr'><strong>tertia</strong></span> <span class='ocrx_word' id='word_1_444' title='bbox 1296 4555 1385 4618; x_wconf 82' lang='grc' dir='ltr'>ΕΔΙ),</span> <span class='ocrx_word' id='word_1_445' title='bbox 1413 4553 1523 4623; x_wconf 81' lang='lat' dir='ltr'><strong>atejus</strong></span> <span class='ocrx_word' id='word_1_446' title='bbox 1545 4553 1687 4609; x_wconf 86' lang='lat' dir='ltr'><strong>anomalia</strong></span> <span class='ocrx_word' id='word_1_447' title='bbox 1713 4611 1717 4630; x_wconf 45' lang='grc' dir='ltr'>Ι</span> 
     </span>
     <span class='ocr_line' id='line_1_47' title="bbox 341 4629 1687 4708; baseline -0.003 -16"><span class='ocrx_word' id='word_1_448' title='bbox 341 4635 431 4692; x_wconf 88' lang='lat' dir='ltr'><strong>media</strong></span> <span class='ocrx_word' id='word_1_449' title='bbox 451 4631 553 4708; x_wconf 86' lang='lat' dir='ltr'><strong>(prima</strong></span> <span class='ocrx_word' id='word_1_450' title='bbox 572 4629 679 4702; x_wconf 68' lang='lat' dir='ltr'><strong>ordine)</strong></span> <span class='ocrx_word' id='word_1_451' title='bbox 701 4633 747 4687; x_wconf 76' lang='lat' dir='ltr'><strong>OD</strong></span> <span class='ocrx_word' id='word_1_452' title='bbox 769 4633 814 4687; x_wconf 82' lang='lat' dir='ltr'><strong>rel</strong></span> <span class='ocrx_word' id='word_1_453' title='bbox 835 4632 915 4696; x_wconf 82' lang='lat' dir='ltr'><strong>CBD,</strong></span> <span class='ocrx_word' id='word_1_454' title='bbox 938 4639 1021 4703; x_wconf 82' lang='lat' dir='ltr'><strong>atque</strong></span> <span class='ocrx_word' id='word_1_455' title='bbox 1043 4635 1138 4687; x_wconf 82' lang='lat' dir='ltr'><strong>eadem</strong></span> <span class='ocrx_word' id='word_1_456' title='bbox 1159 4633 1243 4687; x_wconf 85' lang='lat' dir='ltr'><strong>etiam</strong></span> <span class='ocrx_word' id='word_1_457' title='bbox 1269 4633 1445 4688; x_wconf 83' lang='lat' dir='ltr'><strong>distantiaria</strong></span> <span class='ocrx_word' id='word_1_458' title='bbox 1465 4633 1558 4703; x_wconf 83' lang='lat' dir='ltr'><strong>ipsins&#39;</strong></span> <span class='ocrx_word' id='word_1_459' title='bbox 1571 4635 1619 4688; x_wconf 76' lang='lat' dir='ltr'><strong>CA</strong></span> <span class='ocrx_word' id='word_1_460' title='bbox 1640 4635 1687 4688; x_wconf 80' lang='lat' dir='ltr'><strong>vel</strong></span> 
     </span>
     <span class='ocr_line' id='line_1_48' title="bbox 323 4713 1685 4784; baseline -0.003 -12"><span class='ocrx_word' id='word_1_461' title='bbox 323 4717 392 4772; x_wconf 70' lang='grc' dir='ltr'><strong>ἘΔ</strong></span> <span class='ocrx_word' id='word_1_462' title='bbox 412 4715 568 4772; x_wconf 61' lang='lat' dir='ltr'><strong>mnae.</strong></span> <span class='ocrx_word' id='word_1_463' title='bbox 608 4715 661 4770; x_wconf 89' lang='lat' dir='ltr'><strong>Sed</strong></span> <span class='ocrx_word' id='word_1_464' title='bbox 683 4715 793 4784; x_wconf 87' lang='lat' dir='ltr'><strong>planum</strong></span> <span class='ocrx_word' id='word_1_465' title='bbox 813 4713 890 4766; x_wconf 77' lang='grc' dir='ltr'><strong>ΕΔΒ</strong></span> <span class='ocrx_word' id='word_1_466' title='bbox 910 4713 1022 4766; x_wconf 86' lang='lat' dir='ltr'><strong>metitur</strong></span> <span class='ocrx_word' id='word_1_467' title='bbox 1042 4714 1161 4784; x_wconf 86' lang='lat' dir='ltr'><strong>aliquam</strong></span> <span class='ocrx_word' id='word_1_468' title='bbox 1182 4729 1312 4768; x_wconf 87' lang='lat' dir='ltr'><strong>summam</strong></span> <span class='ocrx_word' id='word_1_469' title='bbox 1333 4714 1524 4770; x_wconf 76' lang='lat' dir='ltr'><strong>distantiarum</strong></span> <span class='ocrx_word' id='word_1_470' title='bbox 1539 4713 1600 4778; x_wconf 77' lang='lat' dir='ltr'><strong>EA,</strong></span> <span class='ocrx_word' id='word_1_471' title='bbox 1622 4716 1685 4777; x_wconf 82' lang='lat' dir='ltr'><strong>DA,</strong></span> 
     </span>
     <span class='ocr_line' id='line_1_49' title="bbox 342 4793 1685 4866; baseline -0.001 -15"><span class='ocrx_word' id='word_1_472' title='bbox 342 4799 460 4851; x_wconf 83' lang='lat' dir='ltr'><strong>alienam</strong></span> <span class='ocrx_word' id='word_1_473' title='bbox 481 4798 516 4849; x_wconf 81' lang='lat' dir='ltr'><strong>ab</strong></span> <span class='ocrx_word' id='word_1_474' title='bbox 537 4795 590 4850; x_wconf 87' lang='lat' dir='ltr'><strong>hac</strong></span> <span class='ocrx_word' id='word_1_475' title='bbox 611 4801 765 4866; x_wconf 84' lang='lat' dir='ltr'><strong>coaequata</strong></span> <span class='ocrx_word' id='word_1_476' title='bbox 783 4793 868 4856; x_wconf 81' lang='grc' dir='ltr'>ΕΔΒ,</span> <span class='ocrx_word' id='word_1_477' title='bbox 890 4799 1089 4863; x_wconf 84' lang='lat' dir='ltr'><strong>competentem</strong></span> <span class='ocrx_word' id='word_1_478' title='bbox 1108 4793 1214 4848; x_wconf 79' lang='lat' dir='ltr'><strong>sedicet</strong></span> <span class='ocrx_word' id='word_1_479' title='bbox 1234 4794 1362 4863; x_wconf 82' lang='lat' dir='ltr'><strong>temporis</strong></span> <span class='ocrx_word' id='word_1_480' title='bbox 1382 4809 1537 4850; x_wconf 74' lang='lat' dir='ltr'><strong>mensnram</strong></span> <span class='ocrx_word' id='word_1_481' title='bbox 1555 4793 1610 4864; x_wconf 84' lang='lat' dir='ltr'><strong>ipsi</strong></span> <span class='ocrx_word' id='word_1_482' title='bbox 1630 4795 1685 4850; x_wconf 85' lang='lat' dir='ltr'><strong>DN</strong></span> 
     </span>
     <span class='ocr_line' id='line_1_50' title="bbox 344 4871 1198 4946; baseline -0.006 -15"><span class='ocrx_word' id='word_1_483' title='bbox 344 4877 427 4942; x_wconf 77' lang='lat' dir='ltr'><strong>meni,</strong></span> <span class='ocrx_word' id='word_1_484' title='bbox 448 4881 478 4929; x_wconf 87' lang='lat' dir='ltr'><strong>et</strong></span> <span class='ocrx_word' id='word_1_485' title='bbox 495 4875 574 4930; x_wconf 80' lang='lat' dir='ltr'><strong>DAN</strong></span> <span class='ocrx_word' id='word_1_486' title='bbox 595 4881 773 4946; x_wconf 83' lang='lat' dir='ltr'><strong>coaequatae.</strong></span> <span class='ocrx_word' id='word_1_487' title='bbox 814 4871 931 4928; x_wconf 84' lang='lat' dir='ltr'><strong>Rursum</strong></span> <span class='ocrx_word' id='word_1_488' title='bbox 952 4887 1020 4944; x_wconf 78' lang='lat' dir='ltr'><strong>ergo</strong></span> <span class='ocrx_word' id='word_1_489' title='bbox 1040 4880 1198 4928; x_wconf 87' lang='lat' dir='ltr'><strong>monstrum.</strong></span> 
     </span>
    </p>
   </div>
   <div class='ocr_carea' id='block_1_4' title="bbox 0 0 1860 5532">
    <p class='ocr_par' dir='ltr' id='par_1_8' title="bbox 0 0 1860 5532">
     <span class='ocr_line' id='line_1_51' title="bbox 0 0 1860 5532; baseline 0 0"><span class='ocrx_word' id='word_1_490' title='bbox 0 0 1860 5532; x_wconf 95' lang='lat' dir='ltr'><strong> </strong></span> 
     </span>
    </p>
   </div>
  </div>
 </body>
</html>
