3672 5538
620 300 685 350 rsa
703 295 806 362 ouem.
845 302 927 369 capue
944 303 1035 354 xnrv.
1439 301 1504 368 337

150 478 232 561 plani
257 477 395 543 diminuti
418 477 538 559 aphelio
562 483 594 539 et
614 477 760 559 perihelio
781 480 936 561 proximae
959 483 1120 556 metientur
1147 488 1265 562 tempus
1288 482 1405 564 majus,
1437 481 1506 563 quia

149 569 230 650 apud
253 568 325 633 illas
348 569 448 631 tennis
462 579 510 630 est
525 567 694 643 diminutio;
718 569 772 630 sed
787 579 894 650 partes
917 573 947 634 ln
966 571 1202 652 longitudinibus
1221 571 1328 633 mediis
1345 571 1506 648 metientur

149 659 246 720 minus
276 656 396 737 teinpus
420 675 508 738 qnam
530 664 640 733 autea,
669 657 739 738 quia
761 657 790 720 in
817 656 878 723 illis
911 660 1022 724 accidit
1052 659 1211 741 potissima
1233 661 1327 724 totius
1349 660 1433 740 plani
1456 661 1504 722 di-

149 747 287 810 minutio.
331 747 403 816 Iam
425 745 526 826 igitur,
550 745 576 807 si
595 756 714 809 utamur
732 747 788 810 hoc
807 749 951 813 diminuto
966 752 1056 830 plano
1075 750 1114 811 ad
1130 749 1329 812 moderandas
1344 751 1503 831 aequatio-

149 855 218 912 nes,
258 837 312 898 fret
346 837 472 916 planeta
503 835 585 898 circa
616 836 765 917 aphelium
795 831 1029 919 et'perihelium
1060 839 1188 914 tardior,
1225 857 1313 920 quam
1344 839 1375 900 in
1411 838 1505 919 priori

150 925 265 988 vitiosa
288 925 497 1006 aequationum
515 926 619 1002 forma,
644 926 724 988 circa
736 927 939 1008 longitudines
963 929 1077 1000 medias
1092 929 1231 1005 velocior,
1256 928 1326 1009 quia
1340 928 1504 990 distantiae

150 1015 198 1078 hic
222 1015 437 1092 diminuuntur.
483 1015 588 1077 Morae
618 1014 710 1096 igitur
737 1015 806 1079 hinc
834 1018 1008 1082 abstractae
1046 1018 1077 1082 in
1100 1018 1251 1099 aphelium
1274 1025 1305 1080 et
1327 1016 1503 1097 perihelium

149 1123 268 1168 sursum
298 1105 496 1186 deorsumque
532 1104 777 1186 compensatione
810 1107 893 1170 lacta
915 1108 1190 1183 accumulabuntnr,
1224 1127 1281 1170 non
1306 1125 1393 1168 secus
1417 1125 1453 1168 ac
1477 1106 1504 1168 si

148 1192 215 1276 quis
239 1194 384 1258 botellum
407 1193 640 1257 ventricosum·
631 1215 662 1256 ιιι
685 1195 783 1258 medio
807 1199 994 1278 comprimat,
1020 1216 1114 1279 eaque
1139 1195 1361 1276 compressione
1377 1195 1504 1258 minutal

148 1283 312 1346 infarctum
333 1303 350 1345 e
373 1290 478 1345 ventre
502 1283 598 1363 magis
629 1283 659 1346 in
687 1292 831 1366 utrasque
865 1288 1084 1370 extremitates
1104 1287 1183 1349 infra
1211 1303 1360 1367 supraque
1384 1305 1505 1348 manum

150 1373 317 1436 eminentes
341 1372 490 1475 exprimat
513 1381 545 1434 et
568 1371 670 1435 elidat.
1006 1423 1010 1432 .
1170 1402 1177 1416 ·

214 1463 332 1544 Atqui
355 1461 381 1524 si
405 1461 559 1524 contraria
581 1461 740 1524 contrariis
764 1464 931 1540 medentur,
955 1463 1030 1527 baec
1052 1464 1144 1546 plane
1167 1463 1326 1543 aptissima
1341 1470 1390 1527 est
1404 1461 1504 1526 medi·
1600 1468 1604 1476 '

148 1550 216 1614 cina
240 1551 442 1634 expurgandis
465 1551 559 1627 vitiis,
579 1551 690 1631 quibus
713 1570 805 1631 supra
829 1570 894 1631 cap.
919 1513 1037 1617 XLIII.
1062 1553 1189 1636 physica
1207 1563 1312 1616 nostra
1325 1552 1503 1634 hypothesis

148 1641 287 1704 laborare
318 1640 608 1722 deprehendebatur.
658 1641 801 1705 Velocior
831 1641 910 1703 enirn
940 1642 1058 1706 iuturus
1087 1651 1136 1706 est
1162 1641 1287 1723 planeta
1314 1641 1346 1704 in
1368 1641 1503 1721 longitu-

148 1730 267 1793 dinibus
297 1730 424 1806 mediis,
453 1749 520 1792 cum
553 1728 636 1809 prins
665 1729 708 1792 ibi
729 1731 1002 1810 deprehenderetur
1020 1733 1104 1812 justo
1128 1730 1257 1806 tardior,
1281 1731 1504 1794 retardabitur-

147 1839 203 1900 qne
218 1838 312 1900 supra
326 1826 358 1881 et
371 1819 450 1882 infra
468 1821 549 1882 circa
566 1819 701 1900 apsidas,
724 1820 774 1882 ubi
795 1820 877 1900 prius
891 1821 1070 1900 pernicitate
1089 1820 1183 1883 nimia
1195 1820 1326 1883 nocebat
1345 1819 1503 1901 aequatio-

147 1907 235 1972 nibus
263 1909 293 1972 in
317 1917 444 1974 octavas
468 1918 634 1994 temporum
660 1909 908 1973 redundantibus.

221 1999 302 2080 ¹Hoc
321 1997 412 2078 igitur
426 1998 556 2060 alterum
573 2007 779 2078 argumentum
796 2006 853 2073 est,
873 2018 930 2080 quo
950 1998 1183 2074 demonstratur,
1208 1997 1337 2060 orbitam
1363 1998 1503 2076 planetae

146 2087 304 2150 verissime
333 2110 352 2149 a
380 2087 489 2150 circulo
518 2087 659 2150 instituto
689 2088 850 2151 deflectere
877 2096 910 2150 et
937 2089 975 2150 ad
1006 2089 1104 2151 latera
1127 2095 1320 2168 centrumque
1344 2085 1504 2150 eccentrici

146 2176 281 2257 ingredi.
308 2173 451 2240 Ceterum
472 2178 530 2239 hoc
554 2186 762 2256 argumentum
785 2197 878 2259 penes
901 2197 1023 2240 menon
1042 2177 1121 2240 tanti
1141 2178 1207 2253 luit,
1230 2184 1265 2238 ut
1278 2196 1317 2238 ex
1332 2195 1367 2238 eo
1382 2176 1419 2237 de
1434 2177 1503 2255 pla-

146 2275 237 2330 nctae
262 2267 482 2329 exorbitatione
506 2267 640 2348 cogitare
662 2286 794 2350 possem.
841 2267 1019 2330 Diutissime
1045 2266 1176 2329 enimin
1201 2264 1396 2328 conciliandis
1416 2264 1465 2346 huj
1467 2285 1503 2327 us

146 2357 261 2422 formae
285 2353 516 2436 aequationibus
539 2374 622 2420 cum
630 2357 837 2429 desudassem,
860 2357 983 2418 tandem
1007 2347 1195 2422 absurditate
1219 2373 1375 2418 mensurae
1400 2355 1503 2417 deter-

144 2446 223 2510 ritus
251 2452 352 2507 totum
380 2444 534 2524 negotium
564 2445 697 2518 deserui,
738 2445 835 2527 quoad
865 2445 1019 2509 distantiis
1048 2444 1084 2506 de
1113 2444 1334 2508 exorbitatione
1366 2444 1501 2518 edoctus,

146 2553 180 2598 eo
203 2534 311 2608 modo,
345 2553 402 2614 quo
426 2553 493 2614 cap.
516 2535 600 2598 XLI.
625 2537 756 2613 factum,
786 2543 896 2616 postea
917 2535 975 2598 hoc
999 2534 1092 2597 etiam
1115 2535 1327 2616 aequationum
1350 2533 1503 2613 negotium

145 2643 283 2688 resumsr.

231 2713 338 2792 Atque
373 2731 411 2774 ex
441 2709 498 2774 hoc
528 2731 644 2794 quoque
673 2713 923 2782 demonstratum,
955 2713 1033 2793 qnod
1061 2729 1154 2792 supra
1182 2729 1248 2792 cap.
1277 2711 1350 2775 XX.
1380 2709 1502 2774 XXIII.

145 2801 271 2884 promisi
299 2817 348 2862 me
379 2802 542 2864 facturum:
577 2801 741 2867 orbitam
767 2803 958 2883 planetae
980 2821 1053 2865 non
1081 2820 1172 2864 esse
1202 2801 1402 2875 circulum,
1437 2800 1504 2862 sed

143 2891 298 2974 figurae
322 2889 460 2954 oralia.

735 3117 919 3130 d*

691 3349 811 3452 Caput
842 3348 957 3470 XLV.

110 3545 115 3558 ’
142 3533 198 3596 De
221 3531 333 3597 omrem
354 3527 559 3596 naturalibus
581 3532 676 3616 buius
698 3528 1054 3681 defleriqne'smpiuaetae
1072 3548 1093 3592 u
1108 3527 1246 3602 drancio:
1264 3531 1375 3616 prima
1397 3533 1502 3616 opinio

729 3637 878 3684 comnena
914 3667 921 3682 .

233 3780 311 3852 Cum
336 3777 463 3859 primum
486 3778 516 3842 in
538 3779 616 3843 hunc
641 3779 760 3842 modum
783 3778 962 3842 certissimis
976 3777 1089 3840 Brahei
1105 3775 1365 3840 observationibus
1378 3778 1501 3842 edoctus

144 3890 255 3947 essem,
280 3868 411 3932 orbitam
433 3869 575 3948 planetae
598 3876 656 3932 bon
681 3888 748 3932 esse
763 3870 939 3932 circularem
958 3875 1073 3942 exacte,
1099 3864 1152 3930 sed
1167 3868 1294 3932 deficere
1313 3867 1499 3944 alateribus,

144 3957 317 4039 evestigio
342 3965 374 4021 et
396 3975 519 4020 causam
543 3959 710 4021 naturalem
741 3958 829 4039 hujus
862 3955 1037 4020 deflexionis
1067 3977 1115 4020 me
1138 3957 1213 4018 scire
1238 3977 1304 4020 snm
1327 3955 1500 4020 arbitratus.

143 4051 237 4114 Eram
267 4047 347 4109 enirn
376 4047 407 4108 in
429 4045 559 4109 materia
589 4066 655 4127 cap.
678 4046 832 4112 XXXIX.
861 4046 1054 4108 vehementer
1076 4047 1236 4110 exercitus.
1282 4047 1325 4108 Et
1354 4047 1499 4110 admoneo

145 4141 309 4211 lectorem,
338 4142 372 4198 ut
398 4137 572 4217 prinsquam
600 4137 648 4199 bic
670 4136 898 4218 progrediatur,
938 4142 1028 4214 caput
1060 4135 1133 4198 illud
1162 4137 1312 4215 integrum
1340 4135 1500 4215 diligenter

144 4231 275 4308 relegat.
323 4222 399 4290 Gom
423 4225 502 4288 enim
520 4225 572 4290 illo
592 4225 691 4306 capite
711 4245 833 4289 cansam
857 4220 1089 4287 eccentricitatis
1112 4225 1386 4305 transscripeissem
1410 4225 1499 4290 alicui
1587 4269 1590 4276 -

144 4316 259 4392 virtuti,
285 4333 361 4394 qnae
385 4322 468 4378 esset
489 4315 522 4376 iu
543 4335 666 4394 corpore
691 4316 841 4395 planetae,
865 4313 1063 4396 sequebatur,
1095 4321 1129 4376 ut
1157 4325 1189 4376 et
1210 4315 1299 4394 hujus
1323 4314 1499 4389 deflexionis

145 4407 182 4470 ab
206 4405 378 4470 eccsnbico
402 4404 512 4467 circulo
536 4424 629 4467 causa
651 4404 748 4467 eidem
771 4404 911 4486 planetae
934 4401 1050 4483 corpori
1064 4403 1340 4466 transscriberetnr.
1377 4403 1499 4465 Accidit

145 4503 248 4560 autem
272 4493 356 4568 mihi,
381 4493 460 4574 quod
477 4493 634 4573 proverbio
646 4495 778 4574 jactant,
803 4512 905 4556 canem
934 4493 1074 4556 festinum
1101 4511 1208 4554 caecos
1231 4511 1343 4573 parere
1367 4493 1496 4557 catulos.

145 4584 220 4651 Gnm
246 4583 326 4646 enirn
349 4601 415 4669 cap.
438 4581 590 4648 XXXIX.
615 4583 801 4646 laborassem
825 4582 1047 4647 vehementer
1038 4602 1068 4643 ιιι
1093 4601 1184 4656 aare,
1211 4582 1288 4661 qnod
1303 4599 1498 4661 nonpossem

145 4675 222 4740 satis
237 4671 427 4755 probabilem
446 4671 545 4736 dicere
565 4691 697 4748 causam,
714 4691 766 4735 cur
783 4690 820 4736 ex
839 4670 937 4734 orbita
949 4666 1091 4752 planetae
1102 4671 1258 4750 perfectus
1269 4671 1355 4733 fieret
1366 4670 1497 4733 circulus

145 4767 281 4844 (semper
306 4760 385 4824 enim
407 4761 554 4844 quaedam
572 4761 733 4825 tribuenda
756 4766 843 4824 erant
857 4761 986 4828 absurda
1002 4760 1045 4822 illi
1063 4759 1176 4833 virtuti,
1203 4777 1290 4842 quae
1290 4759 1392 4823 sedem
1406 4759 1497 4824 babet

145 4871 254 4935 corpus
269 4851 463 4934 planetae),
449 4871 515 4933 Jam
524 4851 711 4936 deprehenso
720 4869 758 4914 ex
767 4849 1034 4919 observationibus,
1049 4847 1177 4913 orbitam
1190 4849 1332 4932 planetas
1349 4869 1408 4915 non
1427 4869 1495 4914 esse

223 4955 315 5010 rupae
329 4956 405 5008 open.
427 4955 463 5002 111.
1251 4955 1284 5008 22
