3680 5538
330 251 393 334 tol
809 265 1187 322 nanossnsnnnnnn

330 453 443 526 aequm
462 465 643 530 pararnonem
664 444 758 522 ERC,
780 467 838 527 per
859 447 935 512 VII.
972 449 1059 530 Erpa
1082 455 1111 510 ot
1129 450 1270 530 patentia
1292 449 1330 528 βγ
1351 456 1465 530 aeqreot
1483 468 1669 531 pnomonan

329 533 430 598 ERC:
463 557 500 598 aa
525 535 663 616 proinde
690 537 829 620 potentio
853 543 900 610 dn,
927 536 1201 621 perpendicularis
1228 557 1267 600 ea
1297 539 1390 601 modo
1421 539 1504 602 dioto
1537 537 1670 622 epieyeli

325 633 452 708 maneto,
476 625 622 708 aequabit
641 645 823 710 pnornonem
841 623 939 696 KOQ.
980 625 1044 688 Sed
1065 625 1154 688 illine
1173 626 1448 712 perpendicularis
1467 632 1506 688 dn
1526 629 1670 710 potentia

329 722 374 776 eet
396 733 540 778 enoeseae
568 716 669 796 ipsine
691 721 734 776 δα
757 713 1048 792 airenrnferentialie
1075 736 1170 798 anper
1202 741 1242 780 κα
1270 714 1502 788 diametralem,
1533 736 1606 798 erpo
1640 723 1671 780 a

329 823 463 886 paman
476 799 576 878 KOQ,
598 801 741 884 aequalia
761 801 821 874 illi,
846 813 891 867 eet
909 824 1052 868 eaeeenae
1073 806 1223 888 quadrati
1237 811 1279 868 aa
1301 825 1396 887 anper
1410 805 1602 888 quadram
1614 827 1667 868 aa.

332 893 399 958 Sed
413 891 471 953 ΚΝ
495 902 541 956 ert
563 892 705 976 aequalia
727 894 791 975 iper⁸
806 897 858 953 ln.
886 893 974 976 Erpa
994 893 1053 954 ΚΝ
1077 895 1198 958 eaeedit
1219 897 1324 977 ipsam
1337 917 1379 956 ea
1400 913 1549 975 quanm
1567 891 1667 965 KOQ.

330 981 453 1045 Eodem
473 1001 544 1044 nero
564 1003 717 1064 pnornone
739 983 861 1047 enoeclit
887 991 917 1048 et
938 982 1131 1064 madenam
1152 984 1224 1046 MN.
1270 982 1359 1066 Erpo
1382 984 1444 1044 MN
1467 989 1497 1046 et
1522 1007 1564 1046 ea
1593 983 1669 1045 dia-

330 1069 477 1134 metralea
498 1077 571 1134 eunt
591 1069 746 1154 aequales.
795 1072 889 1149 Quod
910 1078 979 1134 erat
999 1072 1284 1136 dentonetrandnrn.
1323 1071 1477 1136 Similiter
1499 1079 1528 1134 et
1549 1073 1589 1136 de
1610 1071 1671 1134 ΝΥ

334 1159 608 1234 dernanetrabilnr,
639 1161 723 1242 qnod
754 1169 863 1242 aequet
884 1163 988 1245 ipram
1009 1185 1065 1238 αμ,
1097 1162 1252 1244 siqnidem
1273 1158 1310 1239 ζη
1331 1161 1447 1225 similia
1468 1164 1510 1224 eit
1530 1162 1595 1245 ipsi
1604 1143 1670 1223 CI.

330 1249 377 1314 Et
398 1251 445 1312 ria
467 1250 506 1312 de
528 1244 706 1313 orrrnibnn.⁹
710 1248 736 1323 Β)

422 1337 492 1401 XII.
538 1339 631 1400 Porro
655 1337 787 1400 indidem
810 1337 901 1399 etiam
924 1337 980 1398 hoo
1002 1344 1103 1418 patet,
1137 1340 1214 1420 quod
1237 1358 1309 1400 area
1332 1338 1447 1414 circuli,
1481 1345 1511 1401 et
1533 1338 1671 1401 totaliter

335 1434 366 1490 et
382 1445 436 1506 per
450 1434 553 1508 partes
576 1426 721 1507 singulas,
746 1427 786 1489 sit
801 1445 938 1488 mensura
958 1428 1087 1506 genuina
1103 1446 1234 1491 summae
1257 1427 1410 1504 linearum,
1434 1427 1539 1509 quibus
1554 1428 1672 1490 distant

335 1535 422 1579 arcus
445 1515 569 1597 elliptioi
592 1516 709 1578 itineris
730 1514 892 1598 planetarii
914 1538 932 1577 a
955 1524 1055 1578 centro
1079 1515 1169 1579 Solis.

421 1606 509 1669 Nam
526 1626 587 1689 per
607 1605 674 1670 IX.
699 1608 817 1679 laam,
840 1605 870 1667 σι’
890 1607 986 1670 totino
1014 1605 1126 1670 &aab
1147 1625 1224 1672 area
1246 1605 1474 1688 npaparorn
1495 1606 1672 1670 dinnetra-

333 1693 416 1758 libne
447 1695 609 1758 distantiis
640 1696 781 1758 omnibns
819 1697 957 1758 omnam
992 1716 1123 1760 menam
1156 1703 1316 1778 eunomiae
1347 1695 1528 1760 dioieionie':
1562 1703 1673 1778 parter

334 1803 430 1846 areae
451 1783 540 1847 illino
560 1789 598 1849 nt
618 1784 719 1860 KNA,
742 1785 927 1848 terminatae
949 1785 1034 1848 adN
1053 1794 1213 1867 pnnotnm,
1237 1784 1320 1846 ande
1341 1788 1499 1867 eortearpit
1520 1787 1671 1847 anamai-

334 1874 423 1945 eitaa,
445 1874 694 1957 aequiparantur
715 1873 783 1936 illie
805 1872 966 1936 ‹lietardiie
995 1873 1250 1948 diantetralibne,
1281 1891 1362 1955 qnae
1384 1879 1559 1957 eompetant
1581 1875 1674 1936 areni

334 1961 394 2025 KA
417 1983 525 2026 areana
545 1959 637 2026 illam
660 1961 826 2045 eompleao.
872 1960 940 2024 Per
959 1963 1027 2026 XI.
1058 1984 1129 2026 vero
1157 1963 1207 2025 lie
1229 1963 1439 2045 praemissam
1470 1961 1675 2026 diannebalee

335 2051 508 2115 ananiae
522 2051 589 2126 ΚΤ,
602 2051 652 2128 Tl,
671 2053 728 2115 boe
742 2059 787 2113 ert
801 2073 852 2118 aa.
867 2073 989 2134 nuper
1007 2072 1075 2132 eap.
1092 2053 1171 2126 XL,
1194 2059 1266 2114 sant
1283 2051 1408 2114 eaedem
1426 2073 1494 2115 anm
1512 2051 1675 2114 eleanan

313 2140 408 2212 -MN,
431 2139 500 2216 NY,
522 2149 708 2222 pontinum
739 2139 860 2223 altipeta
881 2141 924 2214 M,
947 2140 985 2203 Y.
1030 2141 1118 2223 Erpa
1141 2149 1176 2203 at
1203 2159 1280 2202 area
1309 2140 1422 2204 airaudi
1447 2143 1491 2204 acl
1519 2161 1674 2204 summam

340 2229 567 2292 distantiarum
595 2227 730 2314 ellipsis,
761 2231 808 2292 eie
824 2250 907 2311 pare
935 2250 1029 2294 areae
1060 2229 1174 2293 aironli
1196 2228 1298 2302 ΚΝΑ,
1327 2231 1497 2294 terminata
1519 2230 1563 2292 acl
1586 2229 1674 2293 Solia

339 2325 476 2382 andnam
497 2318 543 2388 N,
573 2319 658 2382 ande
689 2320 845 2401 oonarrpit
877 2321 1107 2394 essentiatus,
1137 2319 1182 2380 ad
1211 2339 1366 2383 armenam
1394 2319 1526 2383 illarnrn
1553 2317 1675 2401 ellipsis

220 2470 225 2481 ,
336 2408 570 2481 distortionem,
592 2427 672 2488 qnae
695 2413 869 2491 competunt
891 2410 983 2471 areni
1005 2405 1140 2491 elliptioo
1163 2407 1237 2482 ΑΜ,
1259 2408 1386 2471 totidem
1409 2409 1579 2492 paduam,
1602 2417 1675 2490 quot

334 2496 426 2559 balet
446 2516 541 2559 mane
563 2495 676 2560 aiendi
698 2496 757 2558 ΑΚ
780 2517 887 2560 anema
909 2495 1096 2578 compienne.

422 2584 511 2648 XIII.
558 2583 690 2648 Oritur
713 2604 799 2646 vero
821 2584 884 2646 hia
907 2586 1113 2648 dubitatio:
1147 2583 1181 2649 si
1210 2603 1281 2646 area
1302 2583 1392 2647 ARN
1415 2585 1587 2666 aequivalet
1608 2587 1674 2649 dis·

336 2661 443 2744 tentiis
466 2673 601 2735 omnibus
633 2674 671 2736 ab
694 2675 724 2736 N
746 2692 833 2736 arcus
856 2674 981 2756 elletici
1002 2676 1067 2738 AM
1088 2681 1263 2755 punctorum
1286 2673 1419 2749 totidem,
1444 2681 1516 2754 quot
1537 2676 1675 2757 ponimus

337 2765 438 2827 inesse
459 2761 537 2826 AK:
571 2762 690 2843 quinam
713 2781 783 2843 ergo
808 2763 849 2825 sit
870 2764 922 2826 ille
946 2783 1033 2826 arans
1056 2763 1222 2844 elliptieus‚
1255 2761 1311 2824 boa
1334 2769 1382 2826 est
1368 2762 1454 2826 tubi
1476 2765 1675 2828 terminetur?

336 2853 416 2918 Nam
447 2850 565 2914 videtur
596 2851 647 2914 ille
680 2872 739 2914 non
770 2851 924 2916 terminari
956 2852 1063 2915 debere
1094 2871 1148 2933 per
1180 2851 1289 2914 lineam
1311 2851 1367 2914 KL
1389 2853 1674 2933 perpendicularem.
1764 2913 1767 2921 .

338 2937 440 3006 Causa
468 2941 543 3002 haee
565 2948 628 3014 est,
652 2942 722 3022 quia
750 2941 806 3004 hoe
834 2949 924 3021 paeto
947 2961 1001 3022 per
1023 2943 1078 3004 IV.
1102 2941 1206 3004 horum
1229 2939 1352 3020 elliptiei
1383 2961 1471 3004 araus
1501 2942 1675 3025 inaequales

337 3030 520 3110 respondent
541 3029 715 3111 aequalibus
739 3030 858 3106 oireuli;
881 3031 981 3112 itaque
1004 3031 1132 3093 minores
1148 3047 1235 3094 arens
1260 3037 1329 3092 sunt
1343 3029 1422 3092 eirca
1434 3034 1474 3106 A,
1495 3031 1673 3108 (lvertiaes,

340 3120 472 3200 majores
495 3117 575 3180 cirea
593 3119 628 3182 B.
666 3119 761 3199 Atqui
783 3118 901 3182 videtur
923 3139 1046 3184 neeesse
1069 3138 1147 3195 esse,
1170 3127 1204 3181 ut
1226 3118 1366 3198 aequales
1389 3121 1502 3182 orbitae
1526 3120 1676 3202 ellipticae

340 3228 427 3271 arcus
456 3213 623 3283 sumantur,
657 3209 802 3289 siquidem
829 3227 928 3272 moras
951 3209 1090 3290 planetae
1117 3209 1148 3270 in
1175 3207 1237 3270 illis
1261 3209 1419 3270 aestimare
1448 3217 1479 3271 et
1501 3228 1675 3290 comparare

338 3297 475 3362 velimus.
521 3296 564 3358 Et
585 3296 769 3372 nominatim,
793 3297 864 3380 quia
886 3306 998 3360 certum
1022 3306 1078 3372 est,
1101 3297 1188 3360 finem
1210 3295 1298 3375 hujus
1321 3317 1408 3359 araus
1431 3297 1537 3360 debere
1561 3298 1675 3362 distare

340 3387 378 3449 ab
394 3387 424 3448 N
438 3383 622 3464 longitudine
638 3387 719 3462 MN,
741 3386 833 3468 igitur
855 3393 889 3449 ut
911 3405 975 3468 cap.
992 3385 1104 3450 LVIII.
1121 3393 1222 3448 aenne
1236 3386 1275 3459 N,
1290 3386 1389 3467 spatio
1411 3387 1484 3461 NM,
1508 3405 1596 3451 arens
1615 3390 1676 3451 ΜΖ

340 3476 457 3549 ductus,
482 3474 614 3537 ostendit
636 3475 745 3537 alicubi
767 3481 917 3556 punctum,
940 3475 1104 3539 terminans
1127 3474 1210 3537 illum
1232 3491 1334 3537 areum
1357 3475 1482 3556 ellipsis,
1505 3483 1537 3539 et
1559 3477 1677 3540 videtur

340 3561 372 3626 id
393 3568 534 3644 punctum
561 3561 690 3626 futurum
718 3585 776 3628 non
798 3565 846 3640 M,
878 3565 931 3626 sed
954 3565 995 3640 Z,
1024 3584 1081 3647 quo
1104 3572 1189 3627 senat
1215 3581 1302 3625 arcus
1333 3563 1443 3627 lineam
1466 3565 1541 3641 ΚΗ,’
1570 3575 1605 3629 nt
1636 3568 1677 3630 sit

340 3671 427 3716 araus
450 3651 502 3712 ille
526 3649 639 3714 orbitae
662 3653 726 3716 AZ.

425 3740 646 3821 Respondetur,
670 3741 787 3804 omnino
810 3759 911 3803 areum
934 3740 1087 3821 ellipseos,
1111 3742 1194 3822 eujus
1216 3759 1317 3806 moras
1339 3741 1461 3804 metitur
1482 3761 1553 3804 area
1575 3743 1676 3818 ΑΚΝ,

341 3829 449 3894 debere
471 3829 502 3890 in
524 3837 627 3910 partes
650 3830 823 3913 inaequales
845 3829 953 3905 dividi,
978 3835 1009 3891 et
1030 3831 1161 3893 minores
1185 3849 1252 3894 esse
1275 3849 1346 3906 eas,
1370 3849 1445 3912 quae
1468 3837 1538 3894 sunt
1559 3831 1677 3894 vicinae

340 3916 504 4002 apsidibus.

428 4008 507 4072 Ean
530 4009 622 4083 nnn,
644 4015 686 4071 nt·
701 4009 805 4091 ipsam
823 4007 970 4090 planetae
993 4008 1055 4071 iter·
1066 4006 1150 4071 ABC
1174 4008 1336 4073 (tiridaten
1352 4008 1387 4070 in
1404 4029 1499 4074 arnae
1520 4007 1675 4091 aequamen

344 4099 433 4177 Quia
453 4097 552 4180 t'pitnr
569 4095 701 4180 planteta
721 4099 759 4161 in
777 4096 899 4160 anarrA
922 4103 1006 4160 nno
1028 4105 1170 4162 nersatm·
1191 4097 1314 4180 lonqina
1335 4118 1431 4180 qnam
1451 4096 1537 4170 inO,
1560 4095 1678 4180 quanto

341 4187 403 4252 NA
433 4183 557 4269 lonpioo·
585 4190 631 4248 ert
658 4205 752 4266 ptam
778 4185 852 4262 NC;
888 4193 1021 4267 atraque
1050 4205 1120 4250 vero
1151 4185 1212 4248 NA
1243 4195 1272 4251 et
1298 4185 1353 4250 NG
1385 4193 1520 4269 aequant
1545 4188 1679 4274 jannae

342 4277 531 4339 diurnarum
559 4272 678 4356 ellipsis
703 4273 888 4356 lonpiorern,
924 4283 954 4338 et
979 4275 1033 4338 ΗΒ
1061 4283 1106 4339 ert
1130 4276 1359 4341 eernidiameter
1387 4275 1508 4360 ellipsin
1538 4277 1679 4342 aanor:

345 4365 465 4429 trenno
496 4366 593 4427 etiarn
624 4357 737 4435 erit⁹⁹t
724 4367 854 4435 tmora
885 4363 1034 4447 planetae
1069 4365 1104 4428 in
1132 4385 1211 4430 area
1249 4365 1293 4428 ad
1319 4363 1344 4426 B
1375 4373 1404 4429 et
1431 4365 1571 4448 opposito
1600 4386 1680 4431 orere

341 4453 490 4537 fananas,
520 4473 614 4533 queam
639 4453 675 4514 in
701 4454 837 4517 arealem
865 4452 1049 4558 aequalitas
1069 4455 1099 4516 A
1126 4461 1155 4516 et
1178 4454 1202 4518 (l
1226 4454 1367 4538 junctim.
1418 4457 1459 4520 Ut
1486 4475 1558 4538 erpo
1587 4475 1680 4520 mora

345 4543 433 4605 cirea
453 4543 536 4605 Aet
559 4539 662 4619 Optat
693 4542 821 4614 bradon
850 4543 937 4606 airon
959 4542 984 4603 B
1007 4551 1037 4606 et
1065 4545 1238 4626 appositam
1266 4543 1404 4626 lonqior‚
1433 4551 1462 4608 et
1486 4545 1533 4606 eia
1558 4563 1680 4630 seraper

345 4631 489 4694 binorum
510 4631 721 4712 oppositorum
742 4649 875 4693 arenam
887 4631 1018 4715 innatae
1036 4651 1142 4695 morae
1155 4633 1243 4713 fiant
1258 4631 1420 4714 aequalem
1443 4637 1561 4715 oportet
1582 4653 1681 4698 aran

345 4717 484 4800 apndA
511 4725 541 4780 et
563 4717 588 4781 C
613 4721 689 4801 fieri
716 4721 868 4791 maneres,
897 4719 1033 4802 apndB
1061 4729 1090 4784 et
1115 4722 1290 4828 appeninum
1315 4722 1458 4808 maiorer.
1503 4721 1546 4786 Id
1575 4731 1681 4790 antem

342 4807 457 4896 filper
478 4807 569 4874 KML
586 4805 874 4897 perpendiculares,
896 4816 932 4874 ar
949 4816 1037 4894 patet
1058 4829 1098 4876 ea
1119 4812 1192 4896 ipsa
1213 4812 1386 4900 oip'eatione.
