3674 5532
602 315 662 368 Pars
680 313 772 368 Tertia.
810 317 892 384 capnt
909 315 1018 373 XXXlV.
1420 317 1484 386 307
1592 345 1595 354 ’

138 493 168 557 in
182 492 256 558 8010
279 495 375 558 virtue
398 513 522 558 movens
545 499 612 557 taut
613 513 630 556 o
598 493 765 557 tuidetnr
788 495 1197 608 fortior,quodvepisi1nile
1218 499 1269 572 sit,
1292 509 1400 582 corpus
1423 499 1488 582 eJ'us

138 603 205 646 esse
228 583 324 648 totius
347 585 449 647 mnndi
472 584 692 647 densissimum.
1506 600 1508 609 ·

223 673 268 736 Ει
285 681 352 736 ute
374 681 514 754 magnete
544 675 639 736 virtus
668 674 831 736 attractiva
854 670 926 737 ferri
954 674 1162 738 orbiculariter
1193 676 1360 759 spargitur,
1382 675 1428 738 ita
1450 683 1485 740 ut

139 768 252 824 certum
271 762 406 826 obtineat
420 764 531 838 orbem,
556 763 634 826 iutra
649 783 735 844 quern
750 765 944 827 constitutum
959 765 1070 827 ferrum
1086 763 1226 841 allicitur,
1250 767 1359 829 fortius
1375 772 1491 842 tamen,

138 852 164 913 si
194 851 307 914 ferrum
333 851 456 934 propius
483 853 563 914 intra
594 853 781 933 complexum
809 853 891 924 illius
915 855 997 916 orbis
1026 854 1143 916 veniat:
1177 855 1216 916 ad
1243 856 1369 919 eundem
1397 855 1487 936 plane

137 941 257 1003 modum
280 940 377 1004 virtus
400 941 541 1021 planetas
572 961 697 1003 movens
727 962 765 1004 ex
788 941 861 1006 Sole
883 951 1068 1025 propagatur
1091 943 1121 1005 iu
1146 944 1262 1021 orbem,
1297 951 1328 1006 et
1350 944 1487 1025 partibus
1517 989 1529 1002 .

137 1030 349 1092 remotioribus
371 1031 454 1093 illius
478 1029 559 1092 orbis
582 1038 629 1094 eet
655 1030 842 1098 imbecillior.
888 1033 932 1096 Ut
959 1052 1030 1095 vero
1053 1049 1179 1112 magnes
1207 1051 1268 1096 non
1295 1033 1375 1096 omni
1401 1042 1488 1114 parte

136 1119 240 1196 trehit,
260 1121 315 1182 sed
333 1119 485 1182 filamenta
503 1121 551 1193 (nt
569 1120 614 1182 ita
632 1119 745 1194 dicam)
760 1141 813 1183 seu
827 1121 917 1184 fibras
934 1122 1093 1195 (motoriae
1117 1121 1368 1196 virtutis'sedem)
1388 1129 1489 1186 rectas

136 1208 231 1270 babet
252 1227 306 1290 per
329 1209 452 1289 longum
476 1216 628 1284 extensas,
653 1209 697 1271 ita
710 1217 744 1272 ιιι
766 1210 839 1272 ferri
862 1210 1016 1292 lingulam,
1041 1211 1068 1273 si
1089 1211 1270 1290 mediolaco
1293 1211 1373 1273 inter
1387 1211 1488 1293 capita

136 1298 286 1378 magnetis
311 1319 329 1360 a
352 1299 448 1360 latere
471 1298 634 1373 consistat,
662 1319 721 1361 non
744 1300 893 1374 attrahat,
923 1300 976 1362 sed
1000 1301 1207 1364 tantummodo
1230 1301 1399 1382 paralleloe
1423 1299 1487 1364 auis

136 1387 220 1450 fibris
248 1387 375 1468 dirigat:
410 1387 453 1460 ita
480 1387 623 1450 credibile
647 1395 709 1463 est,
742 1389 772 1450 in
801 1388 873 1452 Sole
901 1408 959 1451 non
988 1409 1056 1452 esse
1088 1389 1180 1452 ullam
1211 1389 1273 1452 vim
1299 1389 1488 1470 planetarum

136 1476 356 1552 attractariam,
380 1483 413 1538 nt
436 1476 465 1538 in
489 1483 627 1558 magnete
642 1478 835 1549 (accederent
854 1477 931 1540 enim
946 1479 984 1540 ad
1001 1478 1103 1542 Solem
1126 1477 1284 1559 tantisper,
1308 1479 1402 1540 donec
1421 1498 1489 1542 oum

135 1569 202 1647 ipso
227 1566 478 1646 conjungerentur
499 1566 646 1646 penitus),
671 1566 725 1627 sed
748 1574 866 1630 tantum
888 1567 1091 1644 directorium,
1113 1567 1238 1651 ideoque
1261 1567 1353 1630 fibras
1375 1567 1487 1630 habere

135 1655 299 1718 circulares
323 1655 354 1717 in
370 1674 436 1716 earn
450 1653 571 1735 plagam
587 1655 864 1736 circumporreotas,
888 1675 965 1738 qnae
978 1664 1198 1720 monstratura
1216 1656 1327 1720 circulo
1350 1655 1485 1723 zodiaco.

134 1744 233 1808 Sole
224 1753 326 1826 utaque
351 1763 418 1807 sese
437 1751 575 1808 vertente
587 1746 769 1824 perenniter
794 1746 944 1824 convertit
931 1754 980 1809 tur
1002 1747 1065 1809 et
1055 1766 1087 1808 ιιι
1110 1746 1214 1809 orbem
1236 1746 1283 1809 vis
1299 1745 1411 1808 metris
1434 1765 1488 1809 seu

134 1835 274 1897 defluxus
296 1834 349 1896 ille
374 1834 484 1914 speciei
509 1854 527 1894 a
548 1834 631 1896 fibris
650 1833 731 1897 Solis
754 1835 943 1916 magneticiS,
967 1855 1021 1917 per
1040 1836 1139 1899 omnia
1161 1835 1352 1917 planetarum
1371 1835 1488 1898 diaste-

134 1931 220 1986 mata
246 1914 387 1998 diffusus,
420 1933 452 1985 et
477 1923 663 1986 convertitur
690 1925 797 1986 eodem
819 1933 953 2005 tempore
983 1943 1050 1987 cum
1073 1925 1160 1988 Sole.
1193 1943 1253 1992 non
1281 1943 1369 1987 secus
1397 1933 1487 2006 atque

132 2015 172 2076 ad
194 2013 428 2076 translationem
450 2009 631 2092 m'agnetis'
623 2031 703 2117 rpsa·
713 2033 829 2095 quoque
852 2015 949 2076 virtus
972 2013 1142 2095 magnetica
1170 2012 1352 2128 transfertur
1375 2021 1407 2099 et
1428 2034 1488 2077 una

133 2102 277 2166 lerrnnr
268 2119 367 2182 ipsam
389 2101 450 2164 vim
473 2102 703 2181 magneticam
695 2121 865 2184 insequens.

222 2191 394 2254 Pcrbellum
408 2189 548 2271 equidem'
568 2191 655 2270 attigi
681 2192 849 2273 exemplum
872 2192 1022 2272 magnetis
1038 2200 1069 2254 et
1084 2191 1202 2253 omnino
1226 2193 1270 2255 rei
1286 2189 1485 2269 conveniens,

134 2298 168 2345 ae
191 2299 300 2362 parurn
323 2280 411 2342 abest
432 2280 501 2360 quin
524 2297 573 2341 res
597 2279 665 2360 ipsa
680 2281 739 2342 dici
761 2282 869 2361 possit.
908 2281 987 2343 Nam
1011 2281 1082 2363 quid
1105 2297 1161 2359 ego
1181 2280 1217 2342 de
1241 2286 1390 2362 magnete,
1414 2287 1485 2344 tan-

132 2389 223 2454 quam
246 2370 284 2431 de
311 2369 467 2450 exemplo?
497 2387 564 2430 cnm
592 2369 659 2450 ipsa
682 2370 797 2446 Tellus,
822 2369 1006 2444 Gulielmo
1035 2368 1206 2434 Gilberto
1228 2370 1330 2451 Auglo
1358 2369 1485 2432 demon-

133 2467 262 2528 strante,
286 2475 412 2538 magnus
436 2457 558 2539 quidam
585 2458 626 2521 sit
657 2477 796 2540 magnes,
829 2459 993 2540 eademque
1021 2459 1127 2521 eodem
1154 2467 1292 2534 anctore,
1326 2455 1485 2539 Copornici
1555 2480 1556 2487 ¹

132 2557 302 2623 assertore,
335 2547 532 2608 convolvatur
554 2547 585 2609 in
609 2547 674 2611 dies
699 2549 850 2628 singulos,
883 2548 928 2611 uti
952 2567 1008 2628 ego
1031 2547 1135 2611 Solem
1169 2547 1250 2610 volvi
1274 2545 1420 2627 conjicio:
1455 2555 1487 2611 et

132 2641 168 2702 ob
191 2639 225 2720 id
252 2637 359 2718 ipsum,
384 2635 454 2717 quia
475 2635 566 2698 libras
588 2638 682 2699 habet
704 2637 900 2717 magneticas,
924 2637 1036 2699 lineam
1056 2637 1197 2699 motionis
1222 2655 1294 2699 suae
1319 2637 1411 2699 rectis
1427 2657 1484 2699 en-

131 2729 211 2808 gulis
235 2726 471 2800 intersecantes,
499 2725 568 2787 ideo
591 2723 663 2787 illae
694 2721 785 2788 librae
809 2727 904 2790 variis
928 2725 1048 2789 circulis
1069 2725 1197 2788 motioni
1218 2724 1384 2808 parallelis·
1397 2727 1486 2806 polos
1571 2724 1589 2743 “’

131 2815 266 2881 Telluris
294 2814 530 2877 circumsistaut:
563 2815 633 2877 ut
620 2835 684 2894 Jam
707 2816 776 2896 jure
803 2817 916 2897 optimo
945 2815 1062 2878 Lunam
1088 2815 1126 2876 ab
1155 2815 1213 2877 hac
1236 2816 1348 2879 Terrae
1372 2833 1485 2878 convo-

131 2906 248 2970 lutione
272 2904 464 2986 ejusdemque
487 2903 610 2965 virtutis
633 2905 820 3007 magneticae
842 2904 1043 2967 translatione
1065 2903 1132 3039 rapi
1156 2904 1328 2981 statuerim,
1360 2902 1486 2985 triginta

131 3005 233 3059 tamen
259 2994 375 3056 vicibus
397 2992 571 3055 tardiorem.

218 3083 304 3158 Scio,
334 3083 445 3146 Terrae
476 3082 630 3144 illamenta
657 3079 849 3162 ejusdemque
871 3087 970 3144 motus
1000 3027 1196 3162 aequatorem
1218 3079 1354 3162 signare,
1379 3080 1484 3144 Lunae

131 3193 202 3238 vero
232 3172 375 3235 circuitus
398 3170 521 3234 zodiaco
546 3189 614 3233 sese
638 3169 815 3232 familiarius
839 3170 1007 3252 applicare:
1041 3189 1100 3251 qua
1122 3167 1165 3230 de
1182 3188 1215 3231 re
1238 3170 1269 3231 in
1292 3161 1487 3251 sequentibus

131 3283 196 3368 cap.
222 3261 395 3327 XXXVII.
421 3267 453 3322 et
478 3267 566 3340 parte
589 3259 628 3321 V
652 3259 720 3322 Hoc
742 3278 801 3321 uno
825 3267 950 3340 excepto
980 3265 1080 3320 cetera
1110 3257 1304 3321 conveniunt:
1338 3258 1487 3322 Terram

130 3355 238 3417 intimo
263 3350 420 3431 complexu
447 3356 496 3411 est
516 3347 647 3412 Lunaris
669 3347 795 3430 periodi,
818 3355 854 3411 nt
874 3348 961 3412 Sol
952 3367 983 3410 ιιι
1006 3356 1173 3412 ceterorum
1200 3347 1398 3428 planetarum.
1444 3347 1488 3411 Et

130 3453 163 3506 ut
183 3445 331 3534 planetae
349 3459 370 3500 a
382 3437 454 3502 Sole
477 3439 552 3502 fiunt
569 3437 739 3513 ecceutrioi,
763 3437 807 3500 sic
822 3439 908 3500 Luna
927 3457 946 3498 a
964 3439 1073 3500 Terra:
1097 3444 1132 3500 ut
1149 3443 1263 3499 certum
1278 3437 1327 3512 sit,
1347 3437 1486 3500 aLunae

130 3542 250 3598 motore
265 3530 390 3591 Terram
413 3545 467 3590 ceu
483 3527 631 3609 quandam
650 3545 827 3610 cynosuram
851 3527 993 3608 spectari,
1016 3525 1061 3588 nti
1077 3525 1130 3590 Sol
1154 3532 1306 3606 spectatur
1321 3547 1340 3588 a
1357 3525 1485 3590 motori-

130 3625 186 3686 bus
218 3619 412 3702 planetarum
444 3624 610 3680 ceterorum
641 3615 786 3698 propriis3
818 3617 856 3678 de
886 3616 993 3698 quibus
1021 3615 1120 3697 capite
1148 3613 1333 3680 XXXVIII
1379 3618 1485 3700 Itaque

131 3709 295 3794 plausibile
319 3713 378 3782 est,
402 3725 469 3768 cum
486 3707 581 3769 Terra
598 3707 714 3768 Lunam
738 3705 818 3767 cient
838 3723 893 3788 per
916 3704 1058 3786 speciem,
1082 3704 1179 3788 sitque
1203 3723 1311 3788 corpus
1333 3705 1485 3786 magneti-

133 3821 214 3877 cum,
240 3805 273 3860 et
287 3797 342 3861 801
365 3797 505 3876 planetas
528 3795 607 3858 cieat
630 3793 769 3857 similiter
791 3813 845 3876 per
868 3795 1010 3857 emissam
1026 3793 1176 3877 speciem:
1198 3793 1334 3860 ¹Solem
1356 3795 1483 3879 itaque

135 3888 317 3954 similiter
340 3903 478 3966 corpus
499 3903 582 3948 esse
604 3882 858 3965 magneticum.

1060 4047 1065 4078 1

727 4115 901 4126 —n——n-

653 4290 772 4393 Caput
804 4290 967 4368 XXXV.

191 4457 247 4523 An
268 4465 306 4522 ιιι
327 4453 459 4519 lomina‘a
480 4454 526 4518 ee'c
547 4461 578 4519 et
598 4461 700 4518 nactos
721 4473 771 4562 erc,
784 4449 859 4516 Sola
879 4454 1041 4616 pondepat
1058 4455 1199 4540 pecario
1221 4455 1258 4518 a'n
1276 4450 1425 4536 placete,

693 4563 733 4608 em
754 4561 879 4624 αηιφρα
897 4564 930 4604 ιι.

220 4691 295 4756 Jam
324 4691 492 4767 opportune
522 4703 671 4749 resumam
705 4695 737 4750 et
764 4683 949 4766 objectiones
977 4687 1090 4789 capite·
1096 4681 1247 4748 XXXIII.
1271 4683 1400 4761 allatas3
1432 4683 1482 4748 ubi

137 4777 312 4860 cognationi
339 4775 417 4838 lucis
447 4780 478 4836 et
503 4774 624 4838 virtutis
651 4776 786 4840 metricis
813 4775 1018 4856 opponebatur
1045 4775 1141 4855 primo
1164 4771 1322 4837 offuscatio
1352 4731 1483 4840 siderum

136 4877 247 4946 mutua,
272 4865 382 4929 deinde
406 4856 541 4947 dispar
525 4863 690 4946 speciemm
713 4867 865 4946 utriusque
889 4864 1047 4932 emanatio.

1213 4964 1247 5018 20
1257 4967 1274 5003 t
