3606 5562
329 275 393 348 662
937 277 977 334 ns
994 279 1074 368 aaa

330 466 411 522 motu
435 455 577 538 simplici,
602 458 657 520 sed
681 458 804 522 duomm
826 467 1033 540 respectuum:
1063 467 1209 542 quatenus
1233 460 1323 542 igitur
1346 459 1494 542 simplex,
1521 459 1578 522 dat
1603 478 1702 521 uuam

298 583 302 594 =
327 555 445 631 partem
469 546 673 628 aequationis,
697 548 838 629 opticam,
864 557 1011 630 quatenus
1035 551 1158 614 duorum
1181 557 1380 633 respectuum,
1404 549 1459 612 dat
1482 549 1562 612 duas
1586 557 1703 628 partes

329 636 518 718 aequatiouia
533 635 687 718 physicae.
726 635 788 722 Sed
810 658 887 719 ¹quae
911 659 1012 714 causa,
1037 641 1116 721 quod
1139 641 1317 702 tantundem
1340 639 1416 701 lacit
1439 639 1576 700 elevatio
1603 657 1704 719 super

329 745 457 807 corpus,
487 745 576 807 qnam
605 744 694 805 super
725 726 867 790 circulum
891 727 1143 792 illuminationis?
1189 729 1236 791 Au
1271 727 1382 790 circulo
1416 727 1474 790 toti
1507 727 1703 790 tantundem

330 817 437 879 virium
453 823 511 890 est,
535 823 678 897 quantum
692 815 805 878 Terrae
822 813 863 879 ut'
872 817 1014 897 corpori?
1052 816 1113 881 Cor
1136 835 1208 896 ergo
1232 836 1289 878 uon
1314 816 1406 877 etiam
1427 817 1524 878 trahit
1548 816 1703 883 circulus.

329 907 398 988 quia
413 905 550 986 ponimus
565 905 948 977 eccentricitatemnullam
967 924 1077 969 novam
1090 907 1174 969 lieri?
1209 908 1258 968 An
1279 907 1389 968 tractio
1408 924 1569 986 corporum
1596 905 1701 968 affec-

328 1005 377 1058 tus
403 1005 461 1069 est,
483 992 620 1056 incitatio
640 994 731 1055 etiam
753 994 882 1069 luminis,
906 1014 979 1056 saue
1004 997 1072 1076 qnia
1094 1015 1148 1076 per
1171 996 1301 1075 speciem
1324 995 1458 1075 corporis
1483 1003 1699 1066 emanantem,

328 1093 362 1148 ιιι
385 1084 536 1146 etlumen
561 1090 609 1144 est
632 1083 772 1162 species?
818 1083 875 1145 llla
899 1103 970 1146 vero
995 1086 1103 1147 tractio
1134 1094 1182 1146 est
1203 1104 1257 1165 per
1287 1084 1496 1164 cognationem
1524 1084 1698 1145 internam.

265 1220 268 1236 .
327 1173 442 1238 Incitat
464 1171 556 1252 igitur
579 1171 677 1232 lumen
692 1171 833 1246 Telluris,
856 1183 946 1253 prout
961 1175 1007 1234 vel
1025 1175 1141 1236 cavitas
1161 1175 1209 1236 vel
1233 1173 1339 1253 gibbus
1362 1173 1400 1236 ab
1425 1173 1564 1234 exilitate
1589 1172 1698 1234 lineae

329 1263 358 1325 iu
382 1260 606 1342 amplitudinem
630 1260 793 1342 ellipticarn
818 1271 850 1322 et
873 1262 1000 1342 denique
1022 1264 1199 1326 circularem
1217 1261 1373 1325 excrescit.
1410 1261 1547 1338 Diceree,
1572 1261 1696 1322 incita-

329 1352 440 1414 tionem
467 1347 533 1412 lieri
561 1367 615 1428 pro
638 1351 757 1412 ratione
781 1349 926 1430 phaseoS,
958 1359 990 1413 ut
1018 1352 1087 1432 quia
1110 1353 1139 1413 in
1164 1351 1290 1414 dimidia
1312 1349 1529 1413 illuminatione
1556 1350 1697 1431 simplex

329 1449 377 1502 est
399 1437 556 1515 incitatio,
588 1439 683 1518 igitur
710 1441 739 1501 iu
764 1441 853 1518 plena
876 1440 963 1501 Luna
987 1448 1034 1502 est
1057 1441 1167 1522 dupla,
1200 1450 1231 1503 et
1261 1441 1331 1520 quia
1354 1441 1383 1501 iu
1408 1439 1533 1502 dimidia
1557 1439 1697 1503 obscura

329 1529 468 1610 simplex,
491 1528 522 1590 iu
546 1535 612 1588 tota
634 1529 727 1606 igitur
750 1529 879 1590 obscura
902 1530 1001 1610 dupla.
1038 1531 1116 1592 Nam
1134 1529 1282 1592 accrescit
1305 1528 1456 1591 dimidium
1481 1530 1589 1591 eadem
1616 1547 1694 1608 pro-

220 1637 222 1643 ·
327 1619 476 1702 portione,
500 1636 559 1696 qua
575 1616 705 1696 duplum
729 1617 759 1678 id
784 1627 831 1680 est
855 1619 934 1679 liuea
956 1637 1010 1698 per
1033 1619 1116 1680 totas
1140 1619 1293 1699 ellipses
1285 1639 1314 1680 ιιι
1340 1625 1437 1680 totum
1453 1618 1611 1682 circulum
1646 1620 1696 1679 At

329 1709 434 1770 obstat
456 1706 513 1769 boc
530 1705 592 1768 dict
579 1713 656 1782 turo,
680 1707 768 1787 quod,
794 1707 820 1769 si
844 1705 988 1769 obscurae
1013 1708 1072 1769 vim
1096 1709 1194 1770 tribuo
1219 1708 1384 1771 luminosae
1409 1707 1577 1786 aequalem,
1606 1726 1692 1767 sem-

328 1817 382 1880 per
405 1789 497 1876 igitur
519 1813 611 1858 cornu
635 1795 793 1857 obscurum
809 1815 873 1858 curn
887 1785 982 1876 gibbo
998 1797 1151 1872 luminoso,
1178 1805 1209 1859 et
1232 1797 1365 1859 vicissim
1390 1815 1480 1858 cornu
1505 1796 1692 1857 luminosum

329 1905 396 1950 cum
409 1884 554 1965 gibboeae
571 1883 647 1946 facie
664 1886 791 1946 obscura
806 1885 919 1946 faciunt
933 1894 1029 1948 totum
1045 1887 1196 1948 circulum.
1233 1886 1301 1948 Νοιι
1326 1885 1417 1965 igitur
1440 1883 1558 1946 ratione
1583 1885 1692 1965 dupli-

329 1975 390 2037 cati
413 1975 462 2044 rel
485 1973 605 2034 luminis
628 1976 675 2034 vel
706 1974 826 2036 obscuri
853 1985 1032 2054 conspectus
1062 1977 1201 2055 provenit
1231 1975 1384 2056 duplicata
1413 1974 1599 2050 retardatio,
1634 1975 1690 2036 sed

329 2063 446 2128 ratione
470 2062 675 2125 inclinationis
699 2063 801 2125 circuli
825 2063 1061 2139 illuminationis,
1086 2066 1175 2144 plane
1199 2065 1263 2126 ut'
1255 2085 1286 2126 ιιι
1309 2062 1485 2125 variatione.

417 2154 466 2215 Au
490 2152 569 2215 idem
594 2151 635 2214 sit
664 2153 817 2232 negotium
846 2152 1022 2215 variationis
1055 2165 1088 2215 et
1115 2153 1229 2218 nutus?
1275 2154 1358 2215 Idem
1393 2151 1510 2233 quidem
1543 2151 1688 2214 circellus

328 2243 413 2306 utilis
438 2250 502 2317 est,
533 2241 563 2302 iu
587 2241 777 2304 incrementis
801 2241 938 2321 quidem,
969 2243 1051 2309 sinus
1075 2243 1145 2318 FB,
1171 2241 1246 2317 OG,
1272 2243 1300 2304 io
1325 2241 1434 2304 ellectu
1457 2259 1527 2302 vero
1551 2239 1614 2303 BG
1637 2241 1689 2302 rel

328 2329 405 2396 He:
438 2330 519 2392 idem
551 2329 640 2391 etiam
673 2330 801 2392 circulus
831 2331 1058 2393 illuminationis
1087 2333 1205 2412 utrique
1234 2351 1405 2394 mensuram
1427 2329 1554 2411 praebet
1576 2330 1688 2392 eodem

328 2420 436 2494 modo,
464 2437 532 2479 uam
557 2426 638 2480 totus
662 2419 790 2480 circulus
814 2420 897 2480 valet
920 2419 948 2478 in
975 2419 1166 2482 incrementis
1190 2422 1285 2484 sinum
1309 2421 1380 2495 FB,
1411 2419 1440 2480 iu
1464 2421 1573 2480 ellectu
1598 2419 1686 2494 uihil,

328 2509 438 2591 quippe
460 2506 648 2588 principium,
673 2507 750 2568 sicut
766 2507 857 2568 etiam
882 2508 911 2568 in
936 2515 1017 2583 nutu,
1042 2509 1091 2570 ubi
1115 2518 1197 2571 totus
1221 2518 1268 2572 est
1290 2509 1418 2571 circulus
1442 2508 1685 2582 illuminationis,

329 2596 371 2660 ibi
396 2614 562 2675 apogaeum
586 2604 634 2656 est
657 2595 797 2676 aequatio
819 2597 909 2670 nulla,
934 2595 1118 2659 incrementa
1134 2600 1271 2660 maxima.
1309 2601 1354 2660 At
1377 2597 1510 2660 vicissim
1533 2597 1613 2660 haec
1637 2609 1686 2658 est

330 2684 507 2759 differentia,
534 2683 613 2765 quod
634 2683 666 2746 lu
689 2692 762 2745 nutu
785 2685 976 2756 distantia)
1001 2706 1020 2746 a
1042 2689 1066 2763 ὅ
1091 2692 1194 2767 partes
1218 2686 1310 2770 capit,
1335 2695 1367 2750 ut
1386 2687 1422 2748 de
1446 2687 1574 2766 integris
1599 2683 1684 2760 360;

318 2776 361 2855 ¹in
382 2773 549 2836 variatione
573 2792 644 2836 vero
668 2781 772 2854 partes
796 2775 885 2836 aliter
909 2775 977 2854 capi
1001 2796 1059 2856 nou
1083 2787 1223 2856 possent,
1243 2797 1330 2858 quam
1354 2777 1391 2838 de
1414 2771 1606 2838 ll⁰minusz
1632 2785 1686 2838 aut

329 2864 355 2927 si
379 2863 506 2926 maxime
529 2881 582 2942 pro
607 2862 844 2926 accumulatione
869 2865 985 2926 sinuum
1009 2863 1052 2929 90
1075 2884 1286 2946 usurparemus
1310 2865 1393 2928 sinus
1423 2873 1505 2928 totos
1527 2861 1590 2942 90,
1627 2885 1685 2928 nou

328 2947 417 3034 plane
441 2952 562 3032 duplum
584 2952 635 3015 liet
657 2952 708 3026 id,
738 2951 775 3014 de
805 2972 862 3034 quo
884 2961 988 3034 partes
1016 2961 1139 3036 caperet
1167 2963 1265 3018 nutus.
1313 2953 1494 3028 Quaerenda
1511 2963 1567 3015 est
1590 2953 1685 3034 igitur

329 3062 429 3115 causa,
450 3061 503 3105 cur
518 3041 548 3104 iu
568 3049 640 3104 nutu
655 3041 782 3105 circulus
801 3041 1028 3106 illuminationis
1045 3045 1146 3107 raleat
1161 3053 1254 3107 toturn
1274 3045 1307 3119 (ι
1310 3045 1337 3105 el
1353 3044 1505 3107 dimidium
1521 3044 1684 3118 sortasse),

330 3133 361 3196 iu
385 3131 552 3222 variatione
576 3131 680 3194 valeat
702 3132 818 3194 miuus
811 3151 910 3212 quam
935 3130 1004 3197 20⁰.

871 3324 920 3391 10.
945 3331 1021 3410 Αρι.
1049 3323 1143 3410 1020.
1212 3319 1219 3332 ’

356 3475 360 3483 ’
417 3486 505 3550 Anne
522 3485 651 3548 variatio
671 3485 861 3548 deducitura
881 3487 1032 3567 quadrato
1056 3479 1150 3568 ipsids
1176 3483 1226 3561 19,
1251 3485 1329 3566 quod
1349 3493 1396 3548 est
1420 3480 1508 3549 36¹?
1532 3489 1602 3568 quia
1628 3507 1684 3550 nou

330 3577 443 3639 Terrae
467 3583 583 3637 tautum
606 3574 799 3652 illuminatio,
824 3576 877 3636 sed
902 3575 999 3637 etiam
1016 3576 1119 3638 Lunae
1144 3575 1377 3651 consideranda,
1403 3577 1609 3656 agendumque
1633 3595 1686 3657 per

331 3664 452 3728 sinuum
470 3665 634 3745 quadrata,
667 3671 700 3725 ut
724 3665 819 3743 major
842 3665 895 3726 liat
918 3673 1015 3726 motus
1040 3665 1068 3728 in
1093 3664 1224 3745 copulis,
1254 3663 1352 3726 minor
1374 3664 1492 3726 duratio
1516 3666 1681 3747 eclipsium,

333 3754 411 3836 quod
435 3754 592 3834 postulant
614 3753 851 3816 observationes.
928 3759 930 3764 '
976 3776 979 3783 ·

420 3842 587 3923 Computa:
612 3841 805 3904 Acceleratio
821 3842 996 3924 quadrantis
1013 3850 1061 3905 est
1075 3837 1114 3904 2⁰
1127 3835 1181 3905 ‘10‘
1196 3838 1261 3905 59¹¹
1285 3861 1337 3904 sen
1354 3838 1474 3918 9659”,
1498 3841 1540 3906 sit
1563 3837 1681 3907 9660”.

331 3931 427 4013 Igitur
450 3931 598 4013 quadrata
622 3932 737 3993 sinuum
761 3929 804 3995 90
827 3932 929 3994 valent
952 3931 1029 3992 lianc
1052 3949 1207 3994 summam
1255 3930 1331 4003 Quis
1362 3930 1482 3994 docebit
1508 3949 1564 3992 uos
1596 3933 1681 3996 colli-

332 4041 403 4102 gere
426 4021 559 4083 breviter
582 4021 730 4102 quadrata
753 4019 895 4084 sinuum?
940 4019 1130 4084 Extendatur
1159 4020 1309 4102 quadrans
1340 4021 1370 4082 iu
1393 4029 1506 4082 rectum
1530 4040 1597 4084 cum
1621 4023 1681 4084 suis

332 4110 457 4174 sinibus.
491 4110 621 4172 Videtur
642 4112 850 4188 rectangulum
865 4109 1016 4173 continere
1034 4129 1178 4172 summam
1192 4109 1445 4192 quadratorum
1420 4129 1546 4172 smuum
1579 4113 1681 4182 Facile

331 4199 558 4282 reperientem.
596 4200 676 4278 Aug.
702 4195 764 4260 30⁰
786 4209 833 4261 est
859 4194 892 4286 ¹,}
923 4200 959 4260 de
983 4196 1053 4270 90⁰,
1077 4199 1141 4278 ejus
1166 4201 1249 4261 sinus
1273 4207 1321 4260 est
1352 4192 1387 4280 Ἰ,
1411 4199 1681 4264 decorantur

332 4289 508 4366 rectangulo
533 4289 615 4351 siuns
639 4306 710 4368 pars
735 4277 874 4349 abscissa
896 4290 955 4352 erit
981 4279 1072 4350 etiam
1103 4283 1155 4370 Ἃ,
1187 4307 1252 4350 curn
1280 4293 1382 4350 tamen
1411 4288 1529 4368 quidem
1554 4289 1621 4370 ejus
1643 4292 1682 4354 sit

338 4373 385 4462 ¹l,.
412 4381 536 4443 Peccat
558 4378 648 4456 igitur
663 4376 842 4456 triangulum
857 4397 994 4440 excessu.
1032 4377 1084 4440 Sic
1107 4396 1231 4457 agemus
1254 4395 1308 4458 per
1331 4377 1536 4458 logarithmos.
1572 4379 1681 4461 Dupli-

334 4467 468 4531 cabimus
492 4467 690 4546 logarithmos
713 4465 843 4527 omnium
867 4467 1050 4548 integrorum
1080 4467 1224 4548 graduum
1253 4467 1446 4570 quadrantis,
1477 4487 1544 4530 cum
1568 4469 1605 4532 iis
1629 4488 1680 4531 ax-

334 4576 489 4639 cerpemus
513 4575 652 4618 numeros
677 4575 786 4638 eoaque
810 4556 964 4632 addemus,
987 4556 1073 4619 initio
1097 4557 1178 4618 facto
1202 4577 1221 4618 a
1243 4557 1384 4619 maximo.

423 4647 563 4710 Praecise
588 4645 775 4728 assequimur
797 4665 951 4708 numerum
975 4642 1018 4710 90
1041 4655 1072 4708 et
1098 4645 1194 4726 prima
1222 4647 1368 4708 summula
1396 4655 1444 4710 est
1465 4645 1590 4708 ultimae
1613 4666 1680 4727 pars

335 4731 409 4801 45¹⁸.
449 4735 482 4798 Si
497 4735 676 4798 acceleratio
692 4731 833 4810 200000,
858 4742 970 4816 quauta
993 4735 1094 4799 estin
1120 4732 1165 4810 1⁰,
1189 4744 1355 4798 sumeretur
1371 4735 1526 4816 nonagies,
1551 4739 1681 4816 prodiret

338 4821 521 4912 18000000,
547 4826 667 4914 duplum
692 4843 823 4893 summae
847 4843 885 4888 ex
904 4819 947 4888 90
970 4823 1176 4910 inaequalibus
1200 4823 1355 4904 collectae,
1379 4825 1450 4910 quia
1473 4839 1592 4914 semper
1616 4827 1678 4907 duo,
