3606 5562
731 319 771 370 n·
796 320 877 372 nasa
1192 252 1200 270 ·
1413 315 1478 387 tre
1563 336 1582 376 .’

1 492 3 531 ῑ
121 495 193 576 jam
224 493 340 574 pridem
372 495 537 558 dimensam
567 457 677 560 metiri.
723 497 826 576 Elegit
854 497 947 578 igitur
979 497 1123 577 eclipsin,
1156 497 1204 560 cui
1227 499 1363 581 aequalis
1396 475 1479 562 esset

1 583 2 621 ³
73 659 74 663 Ἰ
126 583 278 646 transitus
299 601 353 664 per
376 585 523 659 umbram,
549 586 684 666 aequalis
708 585 828 665 inquam
852 587 1009 650 anomalia
1032 606 1098 648 cnm
1121 585 1237 667 priore,
1261 605 1320 668 qua
1343 587 1477 652 umbram

125 679 198 736 erat
230 691 360 735 mensus.
407 674 509 736 Motus
542 673 711 736 latitudinis
741 675 830 755 paulo
862 676 959 750 alius;
993 677 1034 738 sit
1063 675 1117 737 illa
1139 677 1168 736 iu
1191 675 1229 736 Ε.
1276 676 1383 740 Scitur
1406 695 1477 758 ergo

124 761 187 824 ΕΙ)
210 779 267 824 non
291 762 389 824 minus
413 781 501 844 qnam
523 763 606 844 prius
629 765 695 838 ΒΗ,
721 783 758 826 ex
780 765 895 827 calculo
920 774 991 827 ante
1015 771 1181 826 exstructo.
1217 763 1266 826 Et
1283 765 1385 844 auguli
1409 773 1479 829 snut

1 856 3 865 ’
126 850 246 914 similes
270 851 351 914 adD
375 859 406 912 et
424 852 463 925 H,
488 852 605 914 itemE
628 863 660 915 et
677 854 714 916 B.
753 855 868 915 Latera
891 853 983 934 igitur
1007 867 1133 935 utraque
1150 853 1208 916 ΑΕ
1232 861 1264 914 st
1278 855 1335 916 AB
1360 854 1477 930 dantur,

126 959 223 1020 qnare
246 947 279 1002 et
301 927 468 1002 differentia
490 937 553 1004 EB'
567 942 597 1003 in
620 942 736 1004 usitata
763 942 865 1005 circuli
895 943 1116 1006 distributione.
1164 941 1304 1004 Ceterum
1327 942 1360 1006 in
1382 945 1478 1006 aesti-

125 1028 261 1092 matione
284 1029 486 1110 proportionis
510 1030 593 1110 ejus,
627 1051 704 1112 quaa
732 1040 781 1094 est
812 1033 891 1095 inter
912 1031 971 1095 BG
995 1039 1027 1095 st
1049 1030 1279 1096 GE'residnam
1311 1051 1348 1093 cx
1370 1032 1477 1112 eclipsi

126 1118 394 1194 semidiametrnm,
421 1115 547 1182 credidit
571 1121 763 1200 Ptolemaeus
793 1122 902 1196 oculis,
933 1141 1024 1202 quare
1049 1131 1080 1184 et
1102 1121 1257 1202 proportio
1279 1121 1333 1184 ΕΒ
1357 1122 1396 1182 ad
1417 1120 1478 1184 EG

127 1207 384 1272 semidiametrum
408 1207 537 1271 dabatur
552 1208 655 1272 etEG
679 1211 903 1273 semidiameter
926 1211 955 1273 in
971 1211 1086 1274 usitata
1109 1211 1302 1273 dimensione.
1333 1195 1388 1273 Ad
1401 1211 1477 1273 hanc

125 1305 249 1379 partem
281 1315 396 1359 rursum
430 1297 516 1372 dico,
550 1289 770 1380 quod-antea:
803 1301 827 1362 si
852 1300 930 1362 oculi
957 1309 1020 1364 tam
1048 1309 1118 1363 sunt
1147 1299 1359 1378 perspicaces,
1392 1307 1425 1362 ut
1446 1299 1477 1362 iu

126 1387 341 1450 aestimatione
372 1387 542 1450 defectuum
574 1388 648 1450 nihil
673 1389 830 1462 aberrent,
864 1397 896 1451 et
920 1390 945 1452 si
969 1397 1071 1452 cetera
1101 1389 1188 1468 hujus
1211 1388 1477 1451 demonstrationis

21 1533 24 1538 ,
124 1475 276 1558 principia
298 1475 374 1538 bene
397 1475 520 1550 habent,
545 1477 706 1540 methodus
729 1478 831 1560 ntique
855 1479 934 1542 bona
956 1484 1018 1553 est,
1042 1478 1178 1561 quamvis
1202 1497 1256 1559 per
1279 1478 1423 1557 ambages
1445 1485 1478 1540 et

128 1564 290 1646 dispendia
311 1563 441 1627 incedat.
510 1595 513 1603 ¹

216 1654 262 1726 At
283 1653 312 1714 in
336 1653 473 1716 omnibus
496 1654 578 1716 hisce
608 1655 770 1720 ridendum
793 1665 841 1719 est
863 1657 956 1720 etiarn
986 1665 1076 1737 atqua
1105 1657 1216 1730 etiam,
1250 1675 1288 1718 ue
1311 1654 1340 1720 in
1364 1655 1496 1736 angulo'

126 1739 314 1815 latitudinis,
337 1743 386 1824 qui
409 1744 538 1825 undique
562 1745 719 1820 concurrit
745 1764 828 1808 error
851 1747 955 1808 lateat.
1001 1747 1080 1810 Nam
1105 1746 1163 1807 etsi
1186 1746 1317 1808 maxima
1345 1745 1474 1809 latitudo

1 1855 3 1888 r
125 1831 418 1914 inoppositionibus
440 1833 529 1895 hodie
554 1833 658 1896 eadem
682 1844 731 1898 est
752 1854 829 1918 quae
852 1835 932 1909 olim,
957 1835 1090 1916 nihilque
1112 1827 1323 1918 hfphet‘dubih
1347 1835 1473 1916 angulus

127 1931 243 1996 tamen,
275 1940 362 2000 quem
384 1921 458 1984 haec
482 1922 609 1985 latitudo
632 1925 773 1997 metitur,
808 1925 949 1988 consistit
971 1926 1073 2007 utiquo
1096 1925 1125 1986 in
1151 1925 1348 2005 quadraturis.
1396 1922 1473 1996 Quia

126 2010 221 2092 igitur
243 2029 298 2073 nos
322 2017 420 2072 certos
443 2013 559 2086 reddet,
584 2031 650 2075 eum
672 2014 823 2094 angulum,
848 2015 896 2094 qui
920 2021 968 2077 ast
989 2015 1019 2077 in
1039 2014 1299 2093 conjunctionibus
1322 2021 1354 2077 et
1376 2031 1473 2095 oppo-

127 2099 297 2173 sitionibus,
325 2117 384 2160 non
416 2102 625 2162 mensuraria
647 2103 778 2166 maxima
800 2104 959 2166 latitudine
984 2103 1254 2184 quadraturamm?
1287 2101 1388 2174 Quare
1412 2121 1471 2166 non

128 2189 257 2263 sufficit,
288 2187 436 2252 maximas
468 2182 705 2270 oppositionum,
740 2211 798 2256 nou
831 2193 978 2254 maximas
1010 2193 1256 2273 quadraturarom
1294 2184 1471 2254 latitudines
1576 2251 1580 2256 .

128 2278 235 2353 metiri,
259 2296 383 2358 quorum
402 2277 474 2344 illud
488 2279 691 2356 Ptolemaeus,
715 2281 772 2344 hoc
787 2283 889 2364 Tyclm
912 2281 1004 2344 iecit:
1030 2290 1151 2362 oportet
1166 2291 1196 2343 et
1211 2282 1352 2362 angulum
1375 2281 1472 2362 ipsam

1 2417 2 2430 .
127 2367 234 2430 metiri.
279 2367 395 2429 Parvus
424 2368 501 2430 enim
530 2387 611 2431 error
639 2370 669 2432 in
702 2370 886 2434 immensum.
910 2379 1051 2452 augetur,
1083 2371 1133 2433 ubi
1156 2372 1194 2432 ad
1225 2371 1340 2451 reliqua
1371 2371 1473 2450 capita

1 2483 2 2518 l
125 2473 368 2537 processerimus.
953 2501 961 2519 .

1 2573 2 2580 ¹
60 2621 65 2644 Ι
212 2545 269 2608 His
292 2563 363 2623 ergo
388 2541 407 2606 7
427 2544 575 2624 capitibus
598 2546 721 2611 instruit
735 2549 928 2612 Ptolemaeus
951 2550 1094 2612 lectorem
1113 2548 1152 2610 ad
1168 2547 1368 2630 computanda
1389 2554 1470 2609 tarn-

123 2653 209 2716 pora,
237 2653 336 2698 morae
365 2634 519 2714 ingressus
542 2645 574 2696 et
597 2655 729 2698 emersus
752 2640 857 2702 Lunae
880 2659 896 2698 e
920 2639 1070 2714 tenebris,
1104 2638 1304 2719 quantitatem
1334 2637 1470 2700 deiectus

124 2731 157 2786 et
189 2723 215 2786 si
243 2724 345 2806 placet
376 2723 467 2786 etiam
494 2723 706 2788 inclinationes
739 2727 874 2796 deiectus
907 2728 945 2788 ad
977 2727 1078 2790 varias
1106 2727 1206 2789 mnndi
1233 2727 1361 2807 plagas:
1394 2743 1471 2808 qnae

124 2812 225 2876 omnia
246 2812 458 2876 observatione
481 2813 567 2876 nnius
592 2815 713 2893 eclipsis
737 2816 785 2877 vel
808 2817 977 2879 confirmari
1000 2819 1048 2878 vel
1072 2817 1212 2896 redargui
1233 2822 1371 2896 possunt

211 2903 264 2965 Ad
286 2901 413 2982 eclipses
436 2921 507 2964 vero
524 2902 648 2966 Solarea
670 2904 728 2966 hac
750 2904 891 2966 methodo
915 2906 1014 2984 pergit
1027 2905 1229 2967 Ptolemaeus.
1266 2903 1347 2966 Nam
1361 2911 1470 2966 octavo

123 2984 298 3071 parallaxes
321 2991 425 3054 Lunae
447 3009 501 3070 per
525 2992 750 3055 instrumentum
774 2993 948 3075 investigat,
979 2989 1142 3055 observans
1167 2999 1308 3072 qnantum
1330 2991 1417 3054 Luna
1439 2991 1470 3052 io

123 3091 259 3144 austrum
282 3076 406 3142 declivis
428 3080 477 3154 sit,
503 3099 540 3142 ex
563 3081 677 3144 calculo
700 3082 852 3163 inquirens
876 3090 1017 3163 quantum
1041 3091 1112 3144 tuuc
1134 3089 1257 3162 propter
1280 3080 1488 3158 latitudinem,

124 3169 251 3233 declivis
274 3188 342 3230 esse
366 3169 483 3238 debeat,
508 3170 533 3232 si
559 3189 596 3231 ex
619 3179 722 3234 centro
743 3172 856 3233 {ferrae
881 3178 1049 3253 spectetur:
1079 3189 1117 3234 ex
1133 3171 1244 3232 horum
1268 3169 1346 3232 enim
1371 3169 1468 3232 colla-

122 3259 203 3322 tione
227 3265 362 3340 apparet,
386 3265 497 3337 quanto
520 3261 629 3339 angulo
650 3260 737 3323 Luna
759 3261 988 3323 commutaverit
1010 3260 1106 3322 locum
1127 3259 1164 3326 'ex
1182 3267 1285 3320 centro
1308 3257 1470 3320 videndum

123 3349 153 3410 io
178 3351 275 3411 lccnm
298 3365 336 3408 ex
359 3346 514 3425 superlicio
537 3349 653 3423 visum;
677 3368 715 3410 ex
734 3370 792 3432 qua
811 3370 871 3412 uua
885 3369 917 3412 re
933 3357 1040 3430 postea
1064 3349 1192 3410 altitudo
1211 3349 1314 3410 Lunae
1333 3347 1470 3420 aTerra,

123 3446 156 3498 et
185 3436 419 3498 adminiculante
453 3437 576 3499 umbrae
609 3439 814 3518 magnitudine
845 3457 909 3501 cum
947 3437 1059 3502 visibili
1093 3438 1240 3500 diametro
1268 3434 1351 3499 Solis
1379 3436 1470 3498 etiam

123 3526 254 3590 altitudo
278 3525 361 3588 Solis
384 3545 403 3585 a
426 3526 521 3586 Terra
543 3533 575 3587 et
597 3528 663 3608 ejus
681 3527 853 3606 'parallaxis
878 3530 985 3591 dantur
1004 3547 1070 3592 cnm
1093 3526 1256 3608 appendice
1280 3526 1317 3587 da
1340 3544 1468 3607 propor-

122 3616 206 3679 tione
229 3631 397 3695 corporum.
444 3614 561 3684 Quibus
594 3618 746 3697 perceptis
775 3618 814 3680 ad
844 3619 989 3681 calculum
1021 3616 1177 3697 eclipsium
1201 3613 1352 3677 Solarium
1375 3616 1471 3678 lector

122 3705 269 3768 accedere
291 3710 411 3783 potest,¹
436 3712 611 3785 computans
635 3726 752 3782 moras,
775 3708 940 3789 principia,
963 3709 1055 3780 fines,
1081 3705 1265 3786 quantitates
1288 3712 1320 3766 et
1341 3705 1470 3768 inclina-

122 3797 223 3858 tiones
255 3793 391 3872 diversas
419 3793 449 3856 in
468 3793 605 3857 ‘diversis
635 3795 823 3876 regionibus,
858 3817 934 3877 quas
963 3815 1081 3860 rursum
1111 3793 1212 3856 omnia
1234 3794 1329 3856 'unius
1353 3793 1469 3858 Solaria

123 3883 249 3966 eclipsis
272 3891 414 3946 accurata
438 3882 648 3947 observatione
671 3885 719 3947 vel
743 3886 910 3948 confirmari
932 3885 980 3946 vel
1004 3884 1144 3965 redargui
1167 3891 1304 3963 possunt

213 3972 271 4034 Hic
303 3972 410 4034 iterum
440 3971 635 4036 Ptolemaeus
665 3975 811 4036 maximas
844 3975 880 4036 de
913 3993 946 4036 ee
977 3974 1162 4056 suspiciones
1195 3972 1345 4045 concitat,
1384 3971 1470 4052 quasi

124 4060 352 4126 observationes
385 4060 571 4124 adulterinas
604 4065 815 4127 subornaverit
847 4063 885 4124 ad
916 4063 1072 4127 theorema
1105 4061 1332 4142 expediendum.
1393 4059 1469 4123 Gom

124 4153 204 4214 enim
227 4151 376 4230 indigeret
397 4169 507 4230 magna
529 4153 678 4231 parallaxi
701 4153 730 4214 io
755 4152 959 4233 quadraturis,
984 4153 1028 4215 sic
1051 4154 1165 4220 terente
1193 4149 1287 4230 ipsius
1308 4149 1469 4231 hypothesi

124 4249 154 4303 at
178 4233 345 4304 acoentrico
368 4239 491 4310 Lunae,
524 4241 608 4320 cnjus
632 4249 681 4303 est
704 4241 734 4304 in
758 4261 862 4303 meuse
884 4241 976 4322 dupla
998 4241 1165 4313 revolutio,
1197 4239 1284 4318 lingit
1306 4239 1410 4313 etiam,
1435 4257 1467 4300 se

123 4339 241 4394 tantm
263 4329 443 4394 observasse
466 4329 650 4405 parallaxin,
675 4337 707 4395 et
729 4349 765 4391 ex
790 4328 846 4392 hac
870 4329 974 4392 iictitia
996 4339 1103 4412 postea
1126 4347 1228 4390 veram
1251 4328 1354 4408 procul
1379 4329 1467 4390 dubio

123 4421 243 4484 aliunde
267 4425 483 4482 transsumtam
500 4425 532 4479 et
546 4418 614 4482 aliie
628 4419 783 4499 principiis
805 4415 999 4481 constitutam
1015 4421 1042 4482 in
1058 4418 1155 4482 coitus
1176 4417 1316 4480 luminum
1340 4417 1465 4480 dedunt

123 4509 203 4572 Esse
235 4528 305 4570 vero
338 4507 478 4569 vitiosam
510 4506 594 4568 illam
623 4508 811 4589 parallaxin,
843 4526 930 4588 quarn
963 4509 1128 4572 dimensum
1156 4525 1194 4567 se·
1219 4505 1305 4584 lingit
1327 4506 1414 4568 Luna
1435 4506 1486 4568 in¹
1576 4503 1579 4516 '

124 4598 309 4679 Capricorno
332 4605 365 4658 et
378 4595 473 4658 limite
496 4594 588 4657 boreo
599 4604 761 4671 ,versante
786 4597 976 4660 testabuntur
991 4615 1094 4660 omues
1112 4603 1182 4676 post
1195 4593 1467 4675 Regiomontanurn

125 4686 301 4761 asmonomi,
325 4693 456 4748 testatur
479 4685 608 4746 maxime
622 4687 734 4768 Tycho,
758 4687 808 4769 qui
831 4685 953 4764 invenit,
977 4689 1094 4751 Lunam
1113 4685 1203 4747 etiarn
1226 4685 1257 4746 in
1276 4681 1467 4765 quadraturis

125 4797 191 4841 cum
214 4775 287 4840 Sole
310 4793 368 4838 nou
391 4773 513 4856 propius
537 4773 659 4838 Terram
687 4775 801 4850 venire,
834 4795 920 4856 qnam
953 4778 992 4840 ad
1016 4775 1058 4840 54
1081 4773 1322 4837 semidiametroe
1345 4773 1467 4848 Terrae,

126 4886 215 4951 quum
237 4865 429 4930 Ptolemaeus
452 4881 490 4926 ex
514 4884 569 4926 sua
591 4865 739 4945 parallaxi
771 4863 880 4932 statuit
902 4863 954 4932 33.
1001 4865 1118 4944 Quodsi
1150 4861 1341 4930 latitudinem
1363 4861 1467 4932 Lunae

203 4969 430 5050 septenorum.
1222 4964 1257 5022 td
1415 4985 1420 4996 ¹
