3606 5562
682 309 822 382 aKepleri
840 315 979 370 emendata.
1445 307 1505 378 701

136 523 141 530 ·
167 495 200 552 el
218 488 290 564 ¹aliis
314 491 485 572 apparet),
500 511 620 554 mouere
643 510 750 572 posse,
778 511 883 574 parum
905 494 1090 574 profuturum
1104 489 1179 574 'ejus
1202 493 1348 556 mlculum
1371 492 1453 560 Solis
1476 499 1510 556 et

166 576 289 654 Lunae,
323 579 439 662 siquis
471 581 554 643 illum
588 601 652 644 cnm
676 581 810 644 omuibus
833 584 1071 664 praesuppositis
1094 583 1158 646 siue
1182 584 1300 646 delectu
1323 583 1508 664 temporibus

167 667 282 732 Christi
305 670 528 732 accommodare
551 671 633 734 velit.
680 669 766 742 Quod
792 673 841 754 qui
864 672 962 734 lacere
986 673 1082 746 volet,
1108 673 1157 735 ille
1181 679 1323 754 sequatur
1345 681 1508 754 praecepta

166 757 196 818 in
219 757 377 839 Progymn.
402 765 433 820 et
461 759 559 822 solvat
586 759 781 840 triangulum,
811 780 869 840 quo
899 761 995 822 locum
1024 761 1127 824 Lunae
1155 761 1274 843 quaerit
1300 769 1387 823 extra
1419 781 1507 826 veras

166 845 383 926 oppositiones.
416 847 451 908 In
474 848 549 928 ipsis
564 848 799 930 oppositionibus
813 849 903 910 habet
925 851 1129 930 compendium
1147 869 1201 930 per
1223 858 1335 914 motum
1357 851 1507 915 horarium

165 935 269 997 Lunae
293 935 438 999 fictitium.
587 991 593 1014 ,

256 1023 334 1087 Hinc
352 1025 414 1104 jam
438 1031 538 1104 patet,
562 1027 641 1106 quod
665 1045 755 1106 supra
779 1026 907 1088 seeundo
930 1025 997 1088 loco
1019 1024 1090 1088 mihi
1115 1025 1336 1105 imperabatur:
1362 1027 1507 1107 quomodo

165 1203 204 1264 ad
228 1210 365 1283 tempora
388 1202 521 1278 Christi;
554 1211 656 1284 potest
686 1203 763 1266 euim
789 1205 851 1266 lieri
880 1203 1056 1288 dupliciter,
1084 1213 1173 1287 prout
1200 1205 1407 1284 aequationem
1430 1206 1508 1268 hane

164 1291 213 1354 vel
237 1291 319 1354 illam
341 1311 489 1372 usurpare
509 1291 675 1372 placuerit’:
704 1312 750 1354 me
779 1313 900 1356 suasore
929 1311 981 1372 per
1010 1293 1190 1356 anomaliaur
1213 1293 1296 1358 Solis
1320 1315 1447 1356 annuam
1471 1314 1508 1358 ex

163 1380 332 1444 Protunicie
357 1379 514 1444 collectam
538 1392 680 1461 excerpat
702 1373 908 1463 aequationem
932 1381 1013 1445 Solis
1041 1381 1144 1445 itidem
1166 1373 1373 1459 Pluteuicarn,
1402 1391 1432 1446 et
1454 1403 1508 1464 per

163 1469 343 1533 anomaliam
367 1470 470 1534 Lunae
501 1470 540 1532 ad
571 1471 672 1532 datum
701 1479 817 1552 tempus
848 1471 964 1534 mediae
993 1471 1189 1552 oppositionis
1222 1479 1364 1553 excerpat
1393 1492 1506 1556 aequa-

163 1557 278 1622 tionem
301 1559 423 1634 Lunae,
453 1559 596 1625 sumendo
626 1560 754 1622 medium
783 1561 859 1624 inter
881 1559 1096 1622 Ptolemaicam
1120 1568 1150 1623 et
1173 1559 1393 1644 Tyehoniceru,
1423 1571 1453 1624 et
1481 1561 1507 1624 si

162 1655 289 1729 utraque
317 1655 349 1710 et
371 1647 453 1712 Solis
481 1655 512 1710 et
534 1648 637 1711 Lunae
667 1659 735 1711 sunt
764 1649 949 1712 diversarum
982 1649 1189 1726 affectionum,
1223 1650 1349 1730 colligat
1378 1651 1448 1714 illas
1477 1652 1506 1714 in

162 1757 252 1800 unam
276 1757 420 1800 summam
443 1757 509 1802 oum
533 1737 637 1812 titulo,
662 1739 886 1819 quem-Solaria
909 1737 1010 1804 habet.
1025 1740 1185 1819 aequatio;
1209 1739 1254 1802 ein
1278 1739 1412 1819 ejusdem
1436 1748 1507 1804 sunt

162 1825 346 1898 affectionis,
370 1827 512 1888 minorem
537 1848 555 1888 a
578 1827 684 1906 majori
708 1829 838 1902 auferat,
867 1828 986 1890 residuo
1010 1827 1129 1890 titulum
1152 1829 1258 1902 iaciat,
1283 1847 1370 1908 quem
1393 1827 1507 1891 habent
1571 1839 1574 1846 '

161 1916 357 1995 aequationes
382 1915 503 1990 ambae,
528 1916 553 1976 si
578 1937 595 1976 a
619 1916 691 1980 Sole
715 1925 777 1978 stat
800 1935 958 1990 excessus,
982 1917 1160 1982 contrarium
1184 1917 1210 1980 si
1234 1937 1252 1978 a
1273 1918 1370 1980 Luna.
1416 1917 1504 1982 Reli-

161 2023 252 2084 quum
274 2005 427 2084 praecepti
458 2004 613 2084 expediam
643 2025 696 2086 per
726 2005 942 2068 correctionem
963 2003 1069 2068 'textus
1098 2007 1126 2068 in
1150 2005 1318 2070 Luuaribus
1343 2005 1415 2070 folio
1441 2003 1503 2072 126

160 2093 285 2155 alinea
312 2089 349 2156 16
375 2095 602 2174 „Aggregatnm
625 2103 725 2156 autern
747 2095 1060 2175 prosthaphaeresium
1083 2095 1112 2157 in
1137 2115 1207 2158 casu
1231 2095 1336 2176 priori,
1362 2104 1393 2158 et
1415 2095 1503 2158 diffe—
1586 2171 1588 2174 Ι

159 2181 288 2245 rentiam
311 2183 473 2244 earundem
495 2183 526 2244 in
546 2183 707 2288 posteriori
731 2183 761 2246 in
785 2191 901 2263 tempus
925 2185 1092 2264 quaesitum
1114 2185 1157 2248 sic
1180 2185 1308 2248 resolve.
1347 2184 1421 2250 Cum
1444 2185 1501 2246 iis-

159 2271 228 2332 dem
253 2271 418 2354 multiplica
442 2267 484 2334 24
507 2271 611 2344 horae,
644 2281 676 2333 et
703 2291 846 2334 summam
874 2272 987 2350 partire
1008 2273 1039 2335 in
1064 2283 1175 2336 motum
1199 2274 1334 2335 diurnum
1357 2273 1461 2336 Lunae
1484 2293 1503 2334 a

159 2359 245 2433 Sole,
272 2369 413 2440 quantum
432 2359 515 2422 illum
534 2361 684 2422 anomalia
697 2361 800 2424 Lunae
815 2381 853 2422 ex
876 2361 1013 2424 columna
1035 2363 1130 2444 prima
1153 2363 1274 2426 tabulae
1297 2361 1500 2444 suppeditat.“

157 2447 204 2510 m
226 2455 344 2530 tempus
368 2468 420 2511 seu
443 2449 531 2510 horas
555 2469 631 2531 quae
654 2450 809 2529 prodeunt,
832 2469 886 2529 pro
904 2449 985 2512 tituli
1008 2451 1160 2532 exigentia
1183 2470 1268 2532 quern
1293 2451 1403 2532 iecisti,
1427 2451 1503 2516 adde

91 2533 94 2538 '
158 2538 210 2600 vel
235 2537 377 2600 subtrahe
401 2538 527 2620 tempori
551 2557 618 2622 opp.
644 2547 676 2600 et
698 2539 774 2619 couj.
800 2539 926 2602 mediae.
1323 2555 1327 2568 '

261 2734 293 2789 ln
312 2733 446 2806 exemplis
467 2735 628 2807 propositis,
654 2735 976 2871 5555Μ111ἓ15555551,
997 2754 1068 2810 quae
1086 2737 1407 2812 1555511155555551551

748 2859 754 2872 .
799 2857 806 2871 .
827 2823 951 2888 petente.

268 2917 385 2979 355153
407 2922 439 2976 2⁰
456 2927 541 2978 diebus
561 2919 580 2977 1·
603 2923 652 2978 590
670 2925 712 2977 38’
732 2927 783 2978 54”
902 2931 981 2982 Aonia
1000 2922 1020 2978 2¹
1041 2925 1090 2980 590
1107 2929 1192 2981 diebus
1211 2927 1255 2980 31.
1273 2928 1298 2979 4’
1319 2927 1372 2980 40⁴¹

159 2995 913 3064 ExPrutproath.orbirabeolutaeet1⁰35‘35''sub.
951 3036 959 3052 .
997 3037 1004 3052 .
1042 3036 1048 3049 .
1098 2996 1187 3050 2⁰re‘
1206 2998 1257 3049 51”
1276 3003 1329 3054 auh.

349 3073 437 3122 Anum.
457 3063 483 3134 J)
503 3071 603 3136 simplex
622 3069 649 3121 4·
668 3069 709 3120 ti.
730 3069 770 3122 10.
790 3069 823 3122 35
860 3107 867 3122 .
905 3107 913 3122 .
949 3108 956 3124 .
992 3069 1120 3122 ,10129
1141 3068 1183 3121 43.
1203 3068 1236 3120 39

347 3141 602 3210 AequatioexPrut.
684 3139 708 3190 3.
727 3140 770 3193 34.
791 3142 824 3192 27
842 3146 895 3197 sub.
950 3180 957 3195 .
994 3181 1000 3195 .
1038 3179 1045 3194 .
1095 3139 1310 3194 55515555
1342 3197 1348 3212 ⁸

433 3211 603 3276 Ex'l'ychone
684 3209 707 3262 3.
729 3211 770 3264 27.
791 3212 825 3264 30
861 3251 868 3265 .
905 3252 911 3265 .
949 3251 956 3266 .
994 3251 1000 3265 .
1039 3250 1045 3263 .
1095 3211 1119 3264 3.
1156 3210 1182 3261 4.
1202 3211 1235 3264 54

589 3281 826 3294 —-=··-—

549 3301 609 3352 Dru.
752 3299 776 3353 5.
796 3301 829 3353 57
968 3327 972 3338 ·
1040 3303 1101 3354 prr.
1164 3301 1188 3353 t.
1209 3299 1242 3354 35

543 3373 609 3424 Dim.
752 3373 777 3424 ³.
797 3372 830 3424 98
1035 3376 1101 3427 Dim.
1163 3373 1189 3426 4.
1208 3373 1243 3426 43

280 3443 553 3510 Aequatioaeeaudum
570 3459 609 3496 rae
690 3441 715 3494 3.
735 3442 777 3495 91.
812 3445 921 3497 9555..
955 3481 963 3496 .
1000 3483 1007 3496 .
1044 3481 1051 3496 .
1100 3443 1126 3497 3.
1163 3445 1188 3496 o.
1227 3445 1318 3500 7551.

545 3514 608 3568 Solia
689 3515 712 3566 1.
732 3513 773 3566 35.
794 3514 827 3565 35
868 3551 883 3576 „
955 3555 962 3568 .
999 3555 1006 3568 .
1044 3554 1050 3568 .
1100 3517 1125 3566 2.
1148 3515 1187 3568 18.
1207 3515 1238 3568 51
1259 3519 1312 3569 aab.

454 3603 607 3656 Bariduum:
689 3606 712 3656 1.
732 3604 774 3656 55.
794 3605 827 3657 25
869 3643 883 3668 „
953 3605 1123 3662 ,Summam
1145 3607 1185 3658 13.
1206 3605 1311 3660 59555.

448 3675 565 3728 Horatius
587 3693 616 3728 ex
634 3674 826 3758 ΤΜ-3254
966 3678 1026 3730 Hor.
1045 3676 1250 3760 '1'ch
1286 3677 1303 3728 (l

688 3747 940 3817 amm-m
1100 3766 1303 3819 amem

658 3835 1300 3848 mm

733 3853 889 3906 mmo
1142 3851 1298 3921 mmm

163 3937 376 3992 mamm
734 3907 1006 3978 imavi.
1115 3927 1300 3997 -ffiso

200 4010 359 4134 55
1158 4014 1352 4139 uuo

163 4130 649 4262 wausseerapng
726 4155 967 4228 We?
1159 4160 1238 4209 ara
1323 4159 1353 4211 re

388 4297 412 4349 3.
424 4299 447 4348 2,
465 4297 488 4348 1,
501 4295 541 4348 59,
562 4281 657 4351 rosit}
685 4301 810 4352 prodeunt
827 4302 851 4352 h·
867 4299 891 4352 3·
906 4299 947 4352 3²·
962 4299 978 4349 8
991 4301 1047 4353 ΝΜ.
1111 4251 1193 4302 Horas
1213 4249 1253 4300 11.
1276 4247 1318 4300 15.
1338 4247 1370 4298 15
1389 4247 1441 4298 rub.

1355 4054 1362 4076 Ι

1355 4161 1372 4185 u

413 4371 480 4421 Vera
498 4373 562 4434 conl.
686 4387 767 4422 verens
782 4379 893 4436 tempora
905 4375 1089 4438 consequentia,
1178 4371 1228 4423 Sed
1243 4375 1295 4436 lam
1315 4379 1374 4423 ante
1391 4372 1512 4436 epocham
1600 4355 1602 4366 ¹

683 4442 742 4500 aad,
766 4445 824 4508 qaia
841 4451 937 4510 lempna
952 4448 1005 4508 jam
1028 4453 1086 4497 ante
1176 4443 1306 4496 addendae
1323 4459 1359 4494 aa.
1379 4441 1421 4494 28.
1440 4439 1509 4506 47οΙ,
1572 4451 1576 4458 ’

685 4513 815 4576 Christum,
834 4516 1024 4568 subtrahendae.
1213 4513 1238 4564 ².
1258 4513 1301 4565 59.
1320 4513 1362 4566 31.
1398 4513 1424 4564 4.
1443 4511 1477 4563 49

1211 4599 1510 4666 ammmmg

258 4705 419 4771 Miraberis
442 4709 479 4770 de
502 4707 619 4770 mendis
642 4708 672 4770 iu
695 4717 790 4772 textu.
836 4711 948 4774 Verum
971 4720 1038 4786 est3
1068 4717 1121 4772 aut
1147 4730 1204 4792 ego
1220 4711 1348 4774 ‘nimium
1376 4710 1512 4772 curiosus

161 4795 346 4863 haeredibus
359 4798 442 4862 viana
462 4797 503 4860 fui
527 4796 557 4860 in
575 4796 683 4874 alieno,
708 4806 760 4860 aut
783 4799 928 4884 haeredes
951 4802 1039 4863 nimis
1061 4800 1248 4882 negligentes
1272 4801 1364 4875 luere,
1388 4799 1511 4862 ntideo

162 4903 214 4952 me
238 4883 446 4974 ablegaveriul
467 4895 498 4955 et
522 4887 560 4950 ad
588 4894 680 4971 typos
707 4888 899 4970 couigendos
922 4909 980 4953 non
1004 4889 1203 4954 adhibuerint
1245 4891 1285 4988 ⁴Iu
1308 4888 1511 4974 manuscripto
