3674 5532
309 245 374 316 308
390 295 394 304 ,
794 246 835 300 De
853 245 960 302 Motibus
978 243 1072 298 Stellae
1089 244 1178 300 Martis

398 427 441 490 Et
462 425 590 508 primum
613 424 693 508 qnod
714 423 838 501 attinet,
869 421 1109 490 consideratione
1133 425 1256 507 dignum
1279 433 1341 500 est,
1372 445 1411 490 au
1434 425 1513 490 sicut
1535 444 1664 507 opacum

309 517 439 580 alterum
463 515 551 580 alteri
573 513 673 578 lumen
695 512 778 578 Solis
802 515 964 596 intercipit,
988 515 1032 577 sic
1055 517 1148 578 etiam
1169 515 1295 580 mobilia
1318 535 1350 578 se
1373 514 1501 578 invicem
1525 516 1555 579 in
1577 523 1663 580 motu

309 605 483 688 impediant,
507 605 559 670 nbi
573 605 695 668 easdem
718 623 785 668 cum
800 604 872 668 Sole
892 603 989 668 lineas
1013 603 1186 668 inciderint:
1211 613 1245 668 ut
1267 605 1311 667 ita
1333 605 1386 668 lux
1400 605 1489 686 plane
1510 605 1554 668 sit
1574 605 1665 667 vehi·

310 695 409 759 culum
428 694 478 757 vel
501 696 730 759 instrumentum
744 693 865 758 virtutis
889 693 1033 756 metricis.
1074 694 1182 758 Videri
1205 694 1283 757 enim
1306 694 1414 775 possit,
1438 701 1472 756 nt
1493 694 1550 758 hoc
1565 715 1664 777 quau-

310 793 374 850 tum
405 784 470 848 fieri
507 792 613 866 posset
645 790 819 858 caveretur,
855 783 1067 846 inclinationes
1105 791 1224 848 mutuas
1256 781 1490 846 ecoentricor'um
1523 785 1664 857 omnium,

312 873 558 958 deviationesque
582 873 619 937 ab
644 872 784 954 ecliptica
806 881 839 936 et
859 872 1113 951 transpositiones
1137 875 1296 949 nodorum,
1323 873 1458 956 adeoque
1482 881 1513 936 et
1533 865 1664 957 propor-

312 964 412 1026 tiones
428 983 585 1046 corporum
607 962 835 1044 umbrarumque
859 963 890 1025 in
906 981 1012 1025 conum
1037 963 1260 1028 attenuationes
1283 983 1302 1024 a
1323 964 1390 1026 Deo
1413 962 1565 1026 adhibitas
1579 983 1663 1027 esse:

313 1071 435 1136 eumque
464 1073 524 1116 non
551 1052 641 1136 plane
670 1051 778 1115 evitari
806 1052 954 1133 potnerit,
988 1053 1058 1134 quin
1091 1054 1191 1117 sidera
1222 1053 1372 1116 interdum
1398 1051 1429 1114 in
1453 1053 1574 1116 easdem
1597 1073 1665 1116 oum
1719 1079 1725 1088 ·

310 1143 383 1207 Sole
407 1141 504 1206 lineas
527 1141 710 1218 inciderent,
741 1141 875 1223 proolive
900 1149 948 1204 est
971 1143 1132 1224 suspicari,
1165 1143 1234 1204 inde
1257 1141 1449 1205 tardissimos
1471 1142 1542 1204 illos
1565 1150 1665 1206 motus

310 1251 512 1315 apogaeorum
534 1240 566 1294 et
588 1232 735 1295 nodorum
758 1231 824 1313 (qui
847 1239 917 1294 snut
940 1233 1027 1313 quasi
1054 1233 1202 1314 quaedam
1229 1229 1436 1294 aberrationes
1463 1232 1665 1315 epicyclerum

310 1343 329 1385 a
351 1322 535 1403 temporibus
558 1320 773 1394 restitutoriis)
798 1321 942 1401 originem
965 1341 1051 1383 snam
1073 1322 1214 1384 traxisse.

397 1406 693 1493 Sed'respondetnr,
714 1411 810 1490 primo
834 1428 893 1473 non
917 1409 1097 1474 turbandam
1120 1430 1189 1474 esse
1212 1409 1385 1490 analogiam
1411 1409 1490 1472 inter
1513 1411 1610 1474 lucem
1629 1419 1666 1475 et

308 1502 453 1566 virtutem
474 1500 644 1576 metricam,
676 1506 790 1562 temere
814 1500 947 1564 contusis
975 1501 1220 1582 proprietatibus.
1267 1501 1334 1562 Lux
1364 1518 1457 1579 opaco
1492 1499 1663 1582 impeditur,

220 1647 223 1660 ,
307 1611 434 1673 corpore
456 1610 516 1652 non
538 1589 708 1672 impeditur,
733 1597 857 1671 propter
878 1590 937 1653 hoc
960 1589 1067 1673 ipsum,
1092 1590 1162 1673 quia
1184 1590 1237 1652 lux
1255 1597 1312 1664 est,
1334 1606 1390 1651 nec
1414 1589 1445 1652 in
1464 1585 1576 1671 'corpus
1599 1591 1666 1671 agit

309 1677 365 1743 sed
394 1679 635 1762 insuperficiem
663 1679 713 1741 vel
736 1680 833 1762 quasit
879 1679 988 1742 Virtus
1020 1681 1050 1742 in
1073 1699 1181 1762 cerpus
1209 1677 1274 1760 agit
1301 1677 1366 1740 sine
1391 1678 1477 1760 opaci
1505 1687 1662 1760 respectu:

309 1769 398 1850 opaci
429 1761 522 1850 igitur
555 1768 736 1834 correlatnm
769 1789 835 1832 cum
861 1787 919 1833 non
952 1768 1001 1845 sit,
1033 1788 1129 1851 neque
1162 1768 1200 1831 ab
1232 1786 1326 1849 opaco
1358 1767 1547 1848 impedietur.
1595 1768 1664 1840 Quo

310 1857 429 1922 nomine
452 1859 550 1922 lucem
573 1881 592 1922 a
615 1859 727 1922 virtute
751 1866 889 1922 movente
912 1877 989 1938 pene
1013 1877 1203 1940 separarem,
1236 1856 1295 1920 nisi
1315 1855 1480 1919 invenirem
1503 1857 1534 1920 in
1557 1865 1666 1922 natura

311 1947 464 2031 exempla,
495 1967 570 2032 qnae
594 1947 671 2010 lucis
694 1947 789 2010 radiis
812 1946 903 2010 etiam
926 1946 1079 2029 impeditis
1103 1947 1264 2010 efficaciam
1286 1953 1388 2008 tamen
1418 1946 1590 2029 relinquunt
1612 1948 1664 2024 ibi,

312 2037 454 2120 quorsum
477 2037 634 2120 pervenire
649 2037 852 2120 probibentur.
892 2035 955 2100 Sed
978 2037 1014 2100 de
1038 2037 1115 2101 lucis
1132 2057 1198 2100 cum
1214 2029 1332 2098 'virtute
1354 2035 1478 2099 metrice
1498 2036 1665 2100 sociatione

310 2147 371 2192 non
394 2127 553 2209 praecipue
576 2127 625 2190 hic
650 2134 766 2210 satago.
1442 2155 1445 2164 ·

341 2291 343 2296 ¹
397 2217 592 2298 Accipiamus
616 2223 715 2278 autem
731 2215 770 2278 ad
794 2212 994 2296 suspicionem
1007 2216 1085 2278 hauc
1108 2214 1319 2296 impeditorum
1341 2220 1475 2277 motuum
1492 2215 1665 2280 diluendam

311 2306 478 2389 exemplum
507 2305 635 2368 alterum
653 2305 816 2385 magnetis.
861 2304 938 2383 Ejus
961 2305 1057 2368 virtus
1084 2304 1159 2366 nibil
1186 2303 1347 2385 impeditur
1370 2303 1490 2383 objectu
1517 2306 1663 2368 materiae

312 2398 400 2470 (sanc
423 2396 495 2478 quia
517 2394 720 2458 immateriata
743 2395 806 2469 est)
831 2393 886 2455 sed
908 2395 1019 2457 transit
1041 2393 1170 2458 laminas
1186 2401 1357 2475 argenteas,
1381 2411 1519 2475 cupreas,
1544 2414 1663 2472 aureas,

310 2485 436 2559 vitreas,
460 2503 583 2560 osseas,
606 2483 741 2563 ligneas,
764 2482 917 2564 trahitque
941 2483 1052 2546 ferrum
1074 2490 1146 2564 post
1167 2483 1239 2546 illas
1262 2481 1388 2545 latitans
1411 2483 1604 2548 nihilominus
1627 2505 1664 2548 ao

311 2574 338 2637 si
353 2573 453 2636 nullae
470 2574 655 2636 interessent
664 2571 804 2639 laminae.
830 2572 997 2652 Impeditur
1007 2572 1126 2655 quidem
1143 2571 1303 2653 interjectu
1318 2572 1505 2652 magnetieae
1521 2573 1663 2650 tabellae,

314 2661 369 2724 sed
393 2681 486 2725 cansa
508 2663 538 2724 in
560 2668 679 2744 promtu
702 2668 764 2736 est;
796 2661 912 2724 tabella
935 2681 1001 2725 oum
1029 2662 1095 2743 ipso
1120 2669 1259 2741 magnete
1288 2661 1375 2742 paria
1403 2662 1486 2724 facit.
1533 2661 1666 2743 Superat

312 2750 405 2833 igitur
436 2749 612 2814 fortitudine
644 2749 836 2813 remotiorem
867 2758 938 2831 post
969 2772 1002 2814 se
1034 2751 1215 2814 latitantem.
1261 2753 1309 2814 Ae
1337 2752 1395 2814 etsi
1424 2751 1516 2814 etiam
1547 2753 1664 2816 ferreae

312 2839 444 2903 tabellae
468 2839 628 2920 interjectu
651 2838 822 2920 impeditur,
846 2847 947 2903 tamen
966 2849 997 2904 et
1017 2841 1093 2903 baec
1112 2849 1161 2904 est
1181 2849 1306 2904 naturae
1325 2841 1512 2920 magneticae
1531 2849 1564 2904 et
1580 2861 1665 2906 com-

313 2927 392 2993 bibit
412 2929 556 2991 virtntem
578 2929 727 3009 magnetis
752 2928 843 3004 illico,
868 2947 961 3010 eaque
985 2929 1072 3012 qnasi
1093 2931 1216 3012 propria
1237 2930 1340 2992 ntitnr.

402 3020 446 3083 Ut
468 3018 559 3098 igitur
579 3037 689 3099 negare
712 3017 876 3099 pessimus,
899 3027 999 3083 metus
1019 3019 1150 3083 siderum
1173 3019 1310 3101 impediri
1334 3017 1517 3084 centralibus
1540 3020 1666 3087 duorum

315 3107 589 3190 conjunctionibus,
622 3127 746 3171 necesse
775 3115 824 3171 est
852 3108 967 3186 dicere,
1004 3109 1086 3192 Solis
1110 3117 1247 3172 naturam
1273 3107 1342 3189 plus
1365 3108 1485 3172 differre
1508 3129 1526 3172 a
1548 3111 1666 3174 naturis

315 3191 448 3260 sidemm
470 3205 654 3270 ceterorum,
683 3217 772 3278 quam
795 3197 896 3262 differt
913 3205 1022 3262 natura
1044 3198 1193 3279 magnetis
1216 3219 1236 3260 a
1257 3205 1367 3260 natura
1390 3199 1480 3261 ferri:
1514 3217 1569 3262 nec
1590 3207 1626 3262 ut
1648 3221 1668 3262 a

315 3294 455 3367 magnete
488 3288 600 3350 famum
633 3287 760 3350 eandem
793 3286 891 3351 subito
924 3288 1065 3351 virtutem
1096 3287 1253 3362 combibit,
1287 3287 1331 3350 sic
1351 3308 1380 3349 a
1410 3287 1482 3352 Sole
1513 3290 1665 3369 planetas.

316 3377 425 3440 Utrum
440 3384 540 3439 antem
555 3375 687 3458 aliquam
698 3376 931 3460 qualemcunque
942 3377 1121 3452 combibant,
1137 3377 1241 3440 differo
1252 3378 1282 3442 in
1293 3385 1384 3457 caput
1393 3377 1491 3441 LVII.
1504 3377 1666 3459 explicare.

350 3537 352 3540 ¹
405 3464 494 3536 Quod
525 3473 626 3528 antem
656 3465 946 3530 verisimilitudinem
980 3467 1091 3531 attinet
1113 3485 1222 3528 causae
1252 3473 1352 3530 motus
1383 3484 1598 3547 apogaeorum,
1631 3487 1669 3530 ea

318 3553 393 3617 nihil
416 3554 526 3634 probat
548 3556 585 3616 de
607 3554 720 3618 virtute
743 3555 800 3618 hac
817 3557 965 3619 communi
980 3557 1080 3621 Solari
1104 3574 1157 3636 per
1179 3553 1349 3640 ἀπιφραξιν
1371 3555 1524 3637 impedita
1560 3558 1670 3620 Potest

318 3642 397 3705 enim
419 3649 518 3704 motus
541 3663 743 3724 apogaeorum
772 3645 864 3707 aliam
898 3653 1003 3727 utpote
1022 3645 1191 3708 ‚animalem
1214 3646 1325 3710 habere
1349 3665 1480 3708 causam.
1526 3647 1618 3709 Vide.
1631 3647 1668 3710 de

318 3732 375 3796 hac
398 3750 430 3794 re
454 3733 612 3796 obscuram
634 3734 765 3815 aliquam
789 3733 957 3815 opinionem
979 3735 1058 3798 infra
1081 3753 1147 3818 cap.
1171 3735 1269 3800 LVII.

407 3820 496 3886 Adde
520 3823 597 3904 quod
626 3822 652 3884 si
679 3822 748 3886 hinc
776 3823 905 3886 oriretur
927 3843 1129 3906 apogaeomm
1152 3832 1265 3902 motus,
1298 3825 1377 3908 qnod
1399 3831 1499 3886 motus
1526 3823 1668 3905 planetae

321 3911 404 3974 circa
426 3911 529 3974 Solem
557 3911 588 3973 in
611 3911 781 3993 ἀντιφραξει
811 3913 923 3994 speciei
945 3914 1079 3978 metricis
1103 3934 1141 3977 ex
1163 3915 1236 3979 Sole
1259 3914 1425 3978 emanantis
1453 3912 1667 4000 impediretur:

321 4001 527 4064 retardaretur
548 4001 641 4081 igitur
655 4009 754 4065 metus
775 4003 982 4084 longitudinis,
1006 4010 1059 4066 ant
1079 4006 1289 4085 progrediente
1305 4011 1387 4067 motu
1410 4003 1580 4066 latitudinis
1595 4005 1668 4086 (quo

320 4096 411 4172 pacto
434 4091 658 4154 retrocederent
679 4093 830 4172 apogaea)
854 4101 907 4156 ant
934 4111 1027 4174 aeque
1054 4095 1223 4157 retardato:
1257 4095 1301 4158 ita
1329 4095 1496 4157 consistent
1523 4112 1668 4175 apogaea,

323 4199 390 4243 cum
414 4179 639 4243 observationes
662 4188 820 4258 testentur,
849 4182 916 4264 ipsa
938 4183 1087 4264 progredi.

395 4269 474 4333 'Sed
490 4277 521 4332 et
542 4270 600 4332 hoo
623 4288 688 4354 cap.
712 4271 810 4346 LVII.
835 4273 959 4348 dicetur,
983 4280 1082 4336 utrum
1105 4272 1192 4336 salvo
1215 4279 1298 4336 motu
1320 4291 1358 4334 ex
1373 4271 1446 4336 Sole
1470 4269 1669 4354 impediantur

324 4367 423 4424 motus
436 4358 576 4446 ,siderum
597 4358 711 4442 proprii
733 4379 768 4442 cp
790 4359 965 4444 dnrqpotet

910 4713 1092 4724 ...ιο-*ιι
