3604 5534
301 289 373 360 2⁰2·
780 291 820 346 De
840 289 948 348 uuum
966 289 1059 345 Stellae
1076 289 1165 346 mnu

302 471 428 554 epicycli
452 471 482 534 Ω
506 477 576 534 sunt
597 471 792 551 retrogradae
816 479 848 534 et
871 473 1031 536 celeriores
1054 473 1122 554 ipso
1140 474 1167 534 Z
1188 478 1301 548 centro,
1325 478 1358 534 et
1374 471 1415 534 ilri
1436 471 1572 552 planeta,
1595 478 1647 533 ut·

301 569 371 643 pote
399 561 430 624 in
461 560 647 641 oppositione
677 581 743 624 cum
772 559 853 624 Sole.
903 561 1082 626 Anteceasit
1110 561 1202 642 igitur
1233 561 1281 623 hic
1313 579 1462 642 apparens
1496 559 1647 642 oppositio

301 652 439 714 mediam.
486 651 630 732 Tempore
654 650 754 731 igitur,
779 651 857 730 quod
880 659 1060 714 momentum
1083 669 1137 732 per
1158 653 1222 713 ΚΤ
1239 651 1389 732 signatum
1411 650 1568 714 antecedit
1591 649 1648 722 (sit

302 748 401 802 autem
423 742 502 816 ΚΘ)
532 759 597 802 cum
620 739 675 802 Sol
696 739 815 802 videtur
838 740 866 801 in
891 741 972 802 linea
995 737 1068 816 ΚΞ,
1100 741 1224 819 planeta
1245 740 1274 801 in
1300 740 1364 820 ejus
1396 739 1534 821 opposito
1558 738 1648 801 oide-

301 831 389 904 bitur,
413 838 488 910 puta
510 828 572 891 inl
594 848 646 910 per
663 831 696 891 K
701 833 725 902 Ι,
750 848 825 909 quae
849 838 896 890 est
919 849 978 892 una
1000 838 1085 892 recta
1101 827 1174 892 'cum
1192 825 1256 894 ΚΞ
1265 849 1272 890 :
1296 839 1328 891 et
1351 829 1421 910 quia
1439 829 1504 909 jam
1526 827 1649 908 ponitur

301 921 330 981 in
354 919 411 980 hac
435 937 508 980 vera
531 916 718 998 oppositione
742 937 849 980 exuere
881 919 1126 1000 inaequalitatem
1159 919 1336 994 secundam,
1367 919 1435 981 ideo
1459 927 1492 980 et
1513 925 1648 981 centrum

233 1064 238 1080 ,
301 1007 424 1090 epicycli
447 1007 477 1070 in
502 1007 560 1069 hac
587 1007 667 1068 linea
691 1003 752 1070 ΞΚ
773 1007 933 1083 videbitur,
955 1014 1031 1088 puta
1053 1009 1083 1070 in
1109 1009 1156 1082 03
1179 1015 1212 1070 et
1235 1008 1305 1089 quia
1332 1007 1456 1088 planeta
1477 1014 1526 1069 eat
1547 1013 1648 1068 retro-

300 1100 426 1179 gradus,
451 1115 521 1176 ergo
545 1105 678 1176 tempore
702 1098 766 1159 ΚΘ
788 1096 886 1177 priore
917 1116 1003 1178 quam
1027 1100 1058 1159 K
1065 1100 1093 1158 P
1109 1097 1233 1178 planeta
1256 1103 1304 1158 est
1326 1097 1355 1158 in
1371 1099 1401 1160 K
1405 1101 1419 1158 l
1441 1096 1519 1158 linea
1541 1103 1648 1177 poste-

300 1187 377 1249 riore
410 1205 498 1266 quam
520 1185 595 1248 ΚΩ.
643 1184 704 1247 Sed
727 1187 781 1248 lil
801 1193 832 1246 et
853 1185 919 1248 ΚΩ
942 1195 1013 1250 sunt
1033 1194 1137 1266 partes
1161 1185 1305 1248 linearum
1323 1187 1385 1248 ΚΟ
1408 1188 1535 1260 etKZ;
1558 1185 1650 1265 igitur

305 1285 337 1338 et
359 1278 389 1338 K
396 1278 421 1340 0
444 1283 492 1336 est
518 1274 615 1354 magis
638 1274 668 1336 in
692 1276 906 1354 consequentia
929 1295 1018 1357 quam
1041 1279 1110 1346 KZ.
1149 1276 1288 1356 Apparet
1309 1274 1420 1355 itaque,
1446 1273 1516 1356 quid
1537 1274 1567 1337 in
1592 1275 1650 1336 hac

305 1365 480 1428 reductione
505 1383 524 1425 a
545 1363 643 1426 medio
677 1364 715 1425 ad
748 1362 943 1444 apparentem
972 1364 1053 1427 Solia
1083 1370 1194 1426 motum
1226 1365 1257 1426 in
1287 1363 1368 1426 linea
1397 1363 1492 1425 centri
1519 1363 1649 1446 epicycli

303 1462 446 1517 mutetur.
493 1453 573 1515 Nam
595 1454 625 1516 in
652 1453 730 1515 Tet
752 1453 891 1534 opposito
914 1462 1025 1535 puncto
1047 1454 1191 1535 pristinae
1222 1453 1319 1516 lineae
1343 1459 1442 1526 motus
1463 1453 1559 1514 centri
1582 1452 1649 1532 epi-

300 1543 376 1626 cycli
400 1550 542 1604 manent:
567 1541 597 1604 in
620 1546 647 1603 Z
668 1549 858 1622 promovetur
881 1543 957 1606 baec
981 1543 1060 1606 linea
1083 1543 1165 1605 etin
1189 1563 1225 1605 ea
1247 1550 1380 1605 centrum
1409 1541 1549 1625 epicycli,
1579 1540 1649 1602 adi-

300 1634 388 1694 mitur
419 1649 490 1693 vero
522 1633 650 1712 tempori
679 1631 863 1712 interlapso:
896 1633 926 1695 in
957 1632 1096 1713 opposito
1128 1633 1194 1694 loco
1224 1631 1258 1694 lit
1286 1631 1483 1702 contrarium,
1517 1628 1652 1710 tempori

301 1723 417 1784 scilicet
439 1720 568 1797 additur,
594 1721 672 1784 linea
686 1729 783 1784 motus
802 1722 898 1784 centri
923 1721 1049 1804 epicycli
1071 1722 1234 1784 retrahitur
1251 1721 1279 1782 in
1295 1720 1518 1784 antecedentia,
1541 1721 1646 1800 Atque
1711 1755 1716 1765 -

300 1813 345 1874 ita
367 1811 425 1872 hae
448 1810 542 1872 centri
571 1809 694 1890 epicycli
727 1810 823 1872 lineae
848 1831 867 1872 a
888 1811 1024 1890 pristinis
1059 1811 1183 1872 multum
1213 1809 1369 1873 dissident
1419 1807 1519 1880 Quare
1543 1809 1646 1884 etiam,

300 1917 365 1982 cum
389 1919 427 1961 ex
448 1899 496 1960 his
521 1899 635 1981 aliquot
658 1899 732 1964 locis
745 1899 819 1960 visis
843 1899 940 1962 centri
963 1900 1088 1982 epicycli
1111 1902 1233 1979 (nempe
1252 1919 1289 1962 ex
1304 1899 1378 1962 locis
1396 1897 1471 1961 visis
1492 1899 1648 1978 planetae,

300 1998 371 2070 post
394 2007 479 2069 quem
502 1989 696 2070 supponimus
721 1988 816 2051 latere
840 1989 870 2050 in
885 1988 990 2050 eadem
1013 1989 1094 2051 linea
1117 1989 1228 2051 visoria
1248 1997 1380 2050 centrum
1405 1988 1546 2069 epicycli)
1570 2005 1665 2050 nova.

181 2075 184 2086 '
301 2087 334 2139 et
346 2078 476 2159 repetita
499 2078 671 2158 operatione
686 2097 793 2140 causas
809 2085 841 2138 et
854 2093 1024 2140 mensuram
1047 2077 1271 2158 inaequalitatis
1285 2078 1398 2158 primae
1418 2077 1648 2157 investigamus,

302 2169 425 2230 effectus
446 2167 629 2248 operationis
653 2186 671 2228 a
693 2167 784 2246 priori
809 2168 933 2229 multum
963 2168 1073 2229 differt.
1119 2168 1234 2248 Nempe
1259 2185 1325 2228 cum
1346 2167 1378 2228 in
1402 2166 1596 2242 semicirculo,
1620 2165 1651 2228 in

302 2277 358 2340 quo
382 2267 430 2320 est
452 2275 633 2338 apogaeum,
664 2263 784 2335 tempus
814 2255 906 2318 inerit
929 2256 1135 2332 imminutum,
1159 2265 1194 2318 ut
1216 2256 1261 2318 ita
1282 2257 1407 2337 planeta
1429 2255 1483 2318 liat
1514 2255 1650 2331 celerior,

302 2347 434 2429 prodibit
465 2345 556 2426 igitur
588 2344 798 2407 ecceutricitas
833 2346 991 2425 aequantia
1014 2345 1119 2408 minor.
1165 2343 1208 2407 Et
1230 2363 1296 2407 cum
1318 2343 1348 2406 in
1372 2344 1438 2424 ejus
1470 2344 1651 2408 semicirculi

303 2438 467 2517 quadrante
491 2435 602 2516 majore
626 2436 702 2508 ΒΖ,
736 2433 787 2514 qui
815 2433 909 2496 habet
938 2453 1122 2515 apogaeum,
1155 2434 1322 2514 aequaliter
1353 2434 1443 2497 luerit
1474 2435 1652 2498 diminutmn

303 2536 421 2606 tempus
445 2523 691 2606 quemadmodum
709 2523 738 2584 in
753 2531 840 2604 parte
865 2524 976 2586 minore
1000 2515 1124 2605 reliqua,
1147 2524 1240 2585 multo
1262 2523 1353 2604 igitur
1370 2523 1496 2585 celerior
1518 2525 1548 2586 in
1572 2524 1647 2604 pro-

304 2616 440 2695 portione
462 2613 588 2694 planeta
609 2612 745 2674 redditus
770 2619 817 2674 est
839 2611 869 2674 in
893 2612 947 2675 illa
969 2613 1085 2694 reliqna
1115 2619 1202 2693 parte
1238 2611 1426 2676 semicirculi.
1472 2613 1653 2694 Perigaeum

305 2704 396 2785 igitur
419 2704 458 2766 ad
480 2703 563 2766 illam
587 2693 848 2782 appropinquavit
861 2709 893 2764 et
915 2719 1082 2782 apogaeum
1106 2723 1125 2764 a
1147 2705 1180 2764 X
1201 2719 1306 2765 versus
1328 2704 1355 2763 Ζ
1377 2702 1545 2767 descendit.

917 2861 971 2928 rig.
992 2860 1035 2913 00.
