3678 5532
655 295 715 348 rm
734 293 837 360 quaa
873 295 955 362 espa
972 295 1050 350 amr
1417 309 1422 320 ·
1461 297 1525 372 307

80 496 85 504 ·
182 473 282 542 subite
295 473 422 554 planeta
433 493 553 555 proram
567 479 740 546 convortere
755 473 920 552 diceremur
937 477 1015 557 quod
1025 477 1144 558 quidem
1156 475 1284 544 diximus
1298 475 1522 560 apxxxrx„

182 561 274 628 etism
297 563 510 645 experimentis
538 563 780 656 observationum
808 584 974 646 repugnare
1002 565 1177 633 clarissime.
1224 567 1300 634 Cum
1323 567 1415 648 igitur
1436 586 1522 633 men-

182 671 254 721 sura
276 651 446 718 librationis
469 653 557 734 hujus
580 653 706 733 digitum
729 654 886 719 admodum
916 656 1084 724 naturalem
1115 656 1268 734 intendat,
1293 676 1385 723 eausa
1407 675 1523 740 quoque

180 740 329 897 naturalifs
351 741 429 816 esit;
452 760 558 822 nempe
581 761 640 807 non
662 761 746 807 mens
769 743 919 822 planetae,
944 747 998 810 sed
1022 745 1167 810 naturalis
1190 754 1243 812 aut
1261 747 1337 810 torte
1360 744 1524 830 corporalis

179 829 281 913 aliqua
315 831 442 897 acuitas.
1292 837 1297 847 ·

266 919 315 984 Aa
338 939 405 984 cum
427 919 470 984 sit
490 918 578 984 nobis
600 937 665 1000 cap.
689 917 842 984 XXXIX.
868 941 906 984 ex
935 921 1057 1002 optimis
1090 923 1256 990 rationibus
1278 923 1310 986 in
1335 941 1522 1006 praesuppo-

180 1009 257 1084 sitis,
280 1027 340 1074 uun
362 1027 452 1090 posse
474 1008 628 1088 planetam
650 1008 860 1072 transitionem
892 1011 991 1077 tacere
1015 1012 1052 1074 do
1077 1013 1140 1076 luco
1164 1012 1195 1075 in
1218 1012 1324 1090 locum,
1348 1012 1523 1076 66616666-

178 1099 312 1165 tentiona
331 1097 438 1162 virium
451 1096 619 1172 insitarum,
643 1096 700 1160 nisi
715 1098 894 1178 adJuventur
916 1109 969 1163 ant
987 1099 1183 1171 informentur
1196 1101 1267 1190 illae
1284 1123 1303 1164 a
1317 1101 1346 1163 vi
1362 1108 1521 1166 extranea:

180 1187 375 1268 cogitandum
406 1185 514 1268 igitur,
544 1186 571 1248 si
594 1205 652 1266 quo
678 1194 767 1268 pacto
797 1186 856 1267 ipsi
888 1188 979 1252 etiam
1009 1190 1115 1254 virtuti
1138 1190 1238 1254 Solari
1271 1189 1521 1254 manescribamus

176 1276 254 1340 hano
286 1276 475 1340 librationem
503 1294 541 1336 ex
571 1283 666 1355 parte.
721 1276 758 1338 Id
794 1276 952 1342 molientes
985 1280 1024 1342 ad
1054 1299 1151 1344 remos
1183 1287 1319 1344 nostros'
1335 1280 1400 1360 jam
1430 1297 1522 1360 supra

177 1384 245 1446 cap.
268 1365 420 1431 XXXIX.
445 1363 633 1429 introductos
656 1363 863 1444 relegabimur.
910 1365 960 1430 Sit
982 1369 1060 1436 enim
1089 1372 1198 1437 flumeu
1225 1369 1346 1452 aliquod
1375 1367 1520 1433 circulare

176 1451 367 1530 CDEFGH,
390 1454 421 1516 in
444 1472 480 1517 eo
503 1453 545 1516 sit
567 1460 677 1529 nauta,
710 1453 760 1535 qui
788 1473 902 1518 remum
928 1457 1019 1536 duplo

176 1543 323 1624 temporis
345 1543 489 1625 periodioi
521 1541 661 1622 planetae
693 1542 787 1606 semel
809 1552 966 1607 convertat
988 1546 1019 1608 ri

177 1631 275 1696 insita
297 1639 329 1694 et
351 1630 605 1714 aequabilissima,
629 1630 672 1694 sio
687 1639 721 1694 ut
742 1632 772 1694 in
796 1629 822 1696 0
845 1633 920 1697 remi
941 1633 1021 1698 linea
1100 1644 1116 1656 ''

174 1721 216 1784 ad
237 1720 348 1786 lineam
364 1741 402 1784 ex
415 1720 487 1784 8616
507 1721 655 1797 sitrecte,
679 1721 803 1786 alteruis
825 1721 1021 1786 reditionibus

172 1829 253 1874 nuno
293 1829 430 1890 proram,
469 1828 546 1876 uunc
587 1809 709 1891 puppim
740 1809 772 1872 in
806 1813 1021 1892 consequentia
1158 1864 1205 1895 Ἀ

172 1897 330 1980 dirigens3
353 1900 384 1962 in
405 1901 431 1963 F
453 1919 525 1962 vero
550 1898 592 1962 sit
615 1898 695 1965 linea
723 1898 798 1962 remi
827 1918 899 1980 pars
923 1900 1020 1964 lineae
1128 1898 1166 1917 “’

173 2007 213 2052 ex
228 1987 311 2066 Sole,
335 1989 366 2051 iu
390 1987 464 2052 loeis
478 1988 588 2058 ceteris
603 1988 665 2050 sint
682 1987 908 2054 inclinationum
922 1988 1019 2052 inter-

171 2076 283 2140 media.
328 2078 454 2140 Flumen
485 2077 577 2157 igitur
609 2077 639 2139 in
662 2076 754 2152 D‚E
786 2095 875 2160 snper
907 2098 1021 2142 remum

174 2167 306 2233 influens
329 2166 478 2248 deprimet
500 2185 607 2230 nauem
630 2184 738 2230 versus
759 2167 801 2242 A,
825 2187 844 2228 a
868 2163 892 2230 C
915 2187 1021 2248 parum
1083 2206 1121 2253 ι·
1166 2196 1170 2215 ¹

172 2255 345 2330 admodum,
370 2256 442 2335 qnia
462 2273 569 2335 pamm
593 2263 625 2318 et
644 2251 803 2318 inclinatur
826 2255 898 2332 illa;
921 2256 966 2319 sic
989 2265 1021 2320 et
1259 2260 1266 2283 ⁴

172 2344 205 2406 in
227 2345 273 2420 F,
305 2343 374 2426 quia
396 2345 427 2408 in
460 2343 516 2406 hoc
546 2343 673 2406 articulo
706 2345 816 2408 flumen
847 2343 877 2408 in
906 2365 1020 2409 remum

174 2433 291 2496 duecte
315 2431 472 2516 impingit:
496 2432 526 2496 in
548 2432 629 2508 D,E
652 2451 723 2496 vero
738 2432 856 2508 fortius,
881 2433 950 2514 qnia
973 2433 1020 2498 hie

172 2541 275 2586 remus
297 2523 422 2586 multum
445 2523 484 2584 ad
507 2522 584 2586 bunc
607 2539 761 2608 accessum
785 2521 950 2604 dispositus
973 2531 1021 2586 est

173 2610 369 2676 inclinatione
399 2631 463 2674 sua
519 2607 709 2676 Contrarium
738 2610 838 2674 evenit
868 2611 899 2674 iu
933 2609 1119 2676 semicirculo
1151 2611 1340 2678 ascendente.
1396 2612 1521 2682 Flumen

172 2700 254 2764 enim
285 2700 340 2766 sub
372 2719 485 2764 remum
517 2699 633 2764 illatum
655 2699 687 2762 iu
711 2697 758 2776 G,
782 2699 812 2761 Η
842 2701 975 2783 expellet
1006 2702 1088 2764 illum
1111 2723 1130 2761 a
1152 2700 1234 2764 Sole.
1286 2703 1383 2769 Simul
1411 2709 1442 2764 ct
1464 2701 1522 2764 hoo

172 2790 242 2865 erit,
266 2795 300 2850 ut
314 2790 422 2852 ceteris
444 2789 566 2869 paribus
589 2787 659 2852 iuC
683 2789 790 2852 lentior
812 2787 854 2852 sit
872 2790 1023 2878 impulsus
1042 2809 1132 2872 quam
1154 2789 1185 2852 iu
1199 2791 1233 2866 F,
1257 2811 1293 2854 eo
1308 2791 1388 2874 quod
1411 2791 1519 2856 flumen

171 2885 313 2942 nostrum
334 2877 365 2943 in
389 2877 413 2941 Ο
438 2886 487 2942 est
509 2877 616 2952 debile,
641 2877 670 2940 in
692 2877 718 2940 F
740 2878 828 2942 forte.
873 2879 975 2960 Atque
998 2879 1030 2943 id
1058 2877 1150 2943 etiarn
1172 2879 1212 2945 ad
1238 2888 1342 2944 votum
1372 2887 1519 2950 nostrum,

171 2967 246 3049 quia
268 2966 388 3031 libratio
412 2974 517 3080 nqtra
547 2966 678 3030 ecoentri
710 2967 848 3048 aequalia
871 2967 971 3048 spatia
996 2968 1193 3050 sequebatur,
1227 2988 1350 3052 quorum
1372 2967 1404 3035 ia
1426 2987 1519 3052 supe-

172 3055 305 3121 rioribus
329 3057 453 3136 planeta
475 3063 613 3118 versatur
636 3055 746 3120 diutius
769 3075 858 3138 quam
881 3056 911 3118 in
936 3056 1134 3122 interioribus.

131 3179 135 3188 ·
261 3143 441 3226 Exemplum
472 3145 531 3207 hoe
560 3144 656 3210 solam
686 3143 731 3206 rei
767 3145 999 3226 possibilitatem
1032 3146 1129 3208 docet.
1191 3141 1232 3208 Se
1264 3143 1330 3230 ipso
1363 3143 1441 3208 enim
1472 3151 1521 3208 est

171 3232 320 3299 alienius:
350 3234 420 3316 quia
446 3233 652 3298 restitutiones
679 3233 751 3300 remi
781 3241 813 3296 et
835 3234 964 3299 fluminis
987 3255 1045 3298 aon
1069 3233 1174 3298 eodem
1197 3233 1251 3298 sed
1274 3231 1362 3313 duplt
1385 3240 1519 3314 tempore

171 3321 308 3404 perlicit3
338 3331 370 3386 st
392 3323 463 3405 quia
486 3321 579 3388 facies
602 3323 791 3406 planetamm
814 3341 851 3386 ex
874 3325 968 3389 Terra
992 3321 1227 3406 adspicientibus
1250 3321 1389 3384 videntur
1410 3322 1520 3390 mutari

171 3411 305 3486 debere3
328 3411 431 3477 Lunae
456 3431 526 3476 vero
551 3411 654 3488 iacies,
677 3422 712 3476 ut
734 3432 810 3496 quae
833 3411 1051 3494 complanatis
1073 3413 1104 3476 in
1127 3431 1162 3474 eo
1185 3417 1268 3474 motu
1284 3410 1456 3493 participat,
1482 3411 1518 3474 de

171 3521 231 3582 quo
255 3499 305 3564 hio
327 3501 533 3584 disputamus,
557 3520 615 3564 non
638 3510 771 3568 mutatur
793 3501 919 3566 oircnitu
941 3509 1109 3578 menstruo,
1141 3501 1194 3564 sed
1216 3501 1256 3564 ad
1279 3502 1418 3577 Terram,
1442 3501 1519 3564 unde

170 3597 364 3671 computatur
391 3591 458 3671 ejus
486 3589 719 3670 eccentrioitas,
742 3599 886 3672 perpetuo
909 3591 1102 3655 convertitur.
1148 3589 1254 3664 Adde,
1283 3588 1364 3672 qnod
1386 3608 1452 3654 oum
1474 3591 1521 3656 vis

168 3678 303 3744 fluminis
331 3680 372 3744 sit
402 3678 568 3744 materialis
597 3681 690 3761 (aqua
720 3679 799 3742 enim
827 3681 868 3743 ibi
896 3682 961 3762 agit
987 3680 1118 3762 pondere
1146 3687 1177 3742 et
1200 3679 1312 3759 impetu
1334 3678 1521 3754 materiato),

168 3769 217 3830 uis
241 3767 326 3832 Solis
349 3767 561 3835 immateriata.
607 3767 708 3834 Aliter
727 3766 817 3848 igitur
840 3787 906 3832 oum
927 3767 1060 3850 planetis
1078 3773 1284 3850 comparatum
1302 3787 1370 3832 esse
1391 3777 1519 3850 oportet,

168 3876 225 3924 nec
256 3875 347 3932 remo,
385 3858 582 3923 instrumento
613 3858 779 3940 corporali,
806 3858 982 3940 indigebunt
1004 3859 1127 3920 ad'vim
1148 3857 1311 3940 ponderum
1343 3857 1520 3939 (atquibus

169 3954 257 4010 caret
281 3944 363 4010 Solis
392 3947 447 4008 illa
476 3946 593 4027 species
615 3947 740 4021 motrix)
769 3947 984 4028 excipiendam.
1035 3945 1115 4012 Sane
1145 3965 1240 4028 neque
1264 3945 1412 4028 corporali
1435 3965 1518 4009 remo

169 4035 331 4116 dignamur
353 4033 469 4111 sidera,
502 4035 674 4118 quantisper
696 4035 750 4100 illo
773 4037 931 4100 statuimus
954 4036 1091 4102 rotunda.
1138 4033 1216 4120 seu,
1232 4034 1366 4103 nascitur
1395 4054 1433 4098 ex
1461 4035 1519 4098 hac

168 4124 238 4206 ipsa
262 4123 445 4188 refutatione
469 4123 635 4206 exemplum
658 4123 756 4202 aliud,
780 4126 859 4208 quod
881 4125 1021 4188 fortassis
1045 4124 1102 4188 erit
1123 4124 1386 4188 accommodatius.
1422 4117 1528 4198 Quale'

97 4239 100 4245 ·
170 4215 291 4290 flumen,
317 4213 388 4279 talis
412 4233 521 4278 rernm.
567 4215 690 4278 Flumen
710 4221 758 4277 est
778 4214 894 4296 species
909 4211 1243 4278 immateriatavirtntis
1257 4213 1289 4276 in
1302 4211 1374 4275 8616
1392 4231 1518 4294 magne-

169 4302 260 4388 8666.
308 4299 388 4379 Quin
421 4303 513 4384 igitur
537 4312 569 4370 et
590 4323 690 4368 remus
713 4303 750 4368 de
773 4310 913 4384 magnete
942 4303 1094 4386 quippiam
1121 4302 1253 4370 habeat?
1295 4299 1377 4375 Quid
1394 4303 1422 4366 si
1444 4321 1516 4382 ergo
1588 4365 1590 4376 ,

168 4388 299 4474 edrpdra
328 4391 519 4472 planetarum
550 4392 650 4458 omnia
679 4400 749 4456 sunt
777 4392 914 4473 ingentes
947 4392 1068 4473 quidam
1097 4393 1217 4456 rotundi
1248 4391 1426 4472 magnetes?
1469 4392 1517 4456 De

169 4482 291 4544 Terra
327 4479 399 4554 (uno
441 4500 479 4546 ex
515 4480 660 4564 planetis,
708 4479 891 4564 Copernico)
928 4501 986 4546 666
1026 4490 1074 4546 est
1106 4481 1235 4551 dubium.
1303 4479 1449 4547 Probavit
1484 4479 1516 4544 id

170 4567 384 4638 Guilelmus
409 4567 623 4635 Gilbertus.

260 4657 325 4725 Sed
351 4657 549 4730 describenda
578 4659 652 4724 haec
679 4657 774 4722 virtus
803 4659 953 4738 pressius3
987 4679 1092 4742 nempe
1131 4665 1164 4721 ut
1195 4655 1270 4720 dnos
1291 4655 1404 4722 habeat
1428 4655 1516 4738 polos

168 4747 313 4830 planatae
341 4745 468 4830 globus,
498 4767 622 4830 quorum
653 4747 748 4812 altero
778 4745 880 4814 Solem
911 4756 1121 4836 persequetur,
1154 4745 1250 4810 altero
1272 4768 1294 4810 a
1315 4743 1387 4810 Sole
1410 4745 1515 4828 lugiet.

169 4835 220 4906 su
243 4844 347 4913 autem
366 4836 435 4907 ans
456 4837 627 4924 hujusmodi
647 4837 733 4904 nubis
756 4835 892 4920 depictus
913 4840 1028 4928 lingula
1049 4835 1235 4922 magnetica,
1268 4835 1391 4926 ejusque
1413 4854 1515 4904 mucro

1244 4941 1304 4998 ψ
