3640 5538
575 1235 1078 1346 PROOEMIUM.

780 1533 875 1544 »ιο-..ι-

250 1709 372 1800 Passim
390 1707 420 1774 iu
434 1709 611 1790 praemissis
622 1731 747 1792 operum
757 1711 881 1794 Kepleri
895 1713 1096 1781 voluminibus
1112 1709 1241 1776 occurrit
1258 1709 1370 1778 mentio
1390 1707 1499 1792 operis,

159 1803 239 1886 quod
263 1798 511 1864 conscribendum
535 1800 593 1864 sibi
614 1802 770 1886 proposuit
793 1803 943 1884 Keplerus
966 1803 1245 1884 inscribendumque
1268 1801 1387 1866 censuit
1409 1799 1501 1879 Hip-

159 1891 351 1976 parchum.
398 1887 562 1953 Volumina
584 1890 609 1952 Ι.
638 1898 670 1952 et
691 1891 764 1962 XV.
789 1893 1062 1972 Manuscriptornm
1091 1891 1330 1956 Pnlhowensium
1358 1889 1501 1952 exhibent

163 2001 209 2055 es,
234 1997 309 2061 quae
331 1996 385 2060 per
400 1978 510 2041 multos
525 1997 619 2043 annos
633 1979 783 2061 Keplerus
805 1981 835 2043 in
858 1981 906 2044 his
930 1981 1199 2062 studiisprolecit,
1223 2000 1287 2044 curu
1311 1979 1350 2042 ad
1374 1980 1500 2042 sormam

158 2070 302 2155 perducta
324 2086 401 2143 eam,
424 2086 499 2148 quae
523 2067 562 2130 ad
584 2075 689 2151 typum
712 2077 784 2151 apta
807 2069 936 2148 videtur,
958 2079 1021 2134 tum
1042 2069 1173 2150 nondum
1195 2069 1284 2150 plane
1306 2070 1442 2151 perfecta
1469 2075 1501 2132 st

159 2159 245 2242 quasi
272 2155 408 2222 limanda
428 2157 467 2220 ad
490 2157 591 2237 aptius
613 2165 731 2240 tempus
754 2159 924 2235 reserata,
947 2168 1009 2226 tum
1033 2159 1158 2242 denique
1183 2159 1352 2240 fragmenta
1374 2164 1502 2229 tautum,

159 2268 265 2334 parum
297 2247 375 2312 inter
410 2264 443 2308 se
467 2247 661 2310 cohaerentia
688 2247 856 2330 raptimque
879 2250 1066 2335 conscripta·
1083 2256 1118 2312 nt
1139 2241 1169 2314 in
1192 2256 1323 2315 mentem
1346 2253 1501 2325 venerant,

159 2337 312 2418 adscripto
337 2334 402 2410 die,
426 2354 482 2417 quo
506 2336 677 2417 conscripta
699 2345 783 2414 suut,
807 2337 891 2402 velut
912 2339 998 2420 signo
1022 2339 1062 2401 ad
1084 2339 1284 2407 revocandam
1306 2339 1435 2419 posthae
1457 2336 1501 2400 rei

159 2426 341 2494 memoriam.
388 2423 603 2490 Testimonium
632 2428 778 2508 praebent
807 2427 882 2494 baec
905 2427 1075 2510 fragmenta
1097 2446 1164 2495 eom
1185 2427 1357 2502 indefessae
1379 2426 1502 2508 Kepleri

161 2515 326 2582 industriae
349 2520 381 2578 et
404 2533 536 2578 summae
560 2514 746 2596 diligentiae,
768 2523 832 2582 tum
853 2517 1015 2600 peculiaris
1039 2517 1131 2583 libros
1141 2515 1348 2590 nonsoribendi
1363 2515 1501 2589 rationis.

159 2605 274 2673 Millies
297 2603 377 2668 redit
400 2603 439 2667 ad
461 2605 586 2666 eandem
608 2624 681 2681 rem,
705 2605 732 2671 ei
753 2607 848 2687 primo
872 2607 985 2688 impetu
1009 2627 1076 2670 eam
1094 2606 1214 2690 assaqpi
1229 2625 1287 2672 non
1301 2604 1409 2690 potnit,
1431 2605 1502 2670 mil·
1549 2612 1556 2638 '

162 2697 218 2760 lies
245 2694 359 2774 repetit
380 2711 535 2763 numeros.
560 2694 655 2757 douec
680 2695 717 2756 ad
742 2702 917 2776 exoptatum
939 2697 1023 2760 veuit
1045 2697 1143 2774 finem,
1167 2715 1361 2778 quamquam,
1383 2705 1418 2768 ut
1437 2697 1503 2777 ipse

162 2785 283 2866 saepius
311 2783 442 2856 fatetur,
470 2781 644 2848 conficiendi
668 2783 776 2849 calculi
804 2785 945 2850 rumerici
969 2785 1127 2866 plurimum
1149 2784 1209 2866 ipsi
1232 2783 1425 2852 faoessabaut
1447 2805 1503 2850 ue-

161 2874 293 2958 gotium,
322 2879 353 2934 et
373 2870 522 2952 Keplerus
554 2871 604 2936 hio
626 2871 723 2936 miuus
746 2881 859 2940 eertum
883 2894 915 2938 se
938 2873 1095 2956 praebuit,
1121 2893 1209 2956 quam
1231 2873 1261 2938 in
1284 2875 1503 2956 philosophicis

164 2959 440 3045 disquisitionibus,
464 2978 521 3042 qno
550 2961 580 3022 in
610 2960 763 3026 doctrinas
790 2980 900 3042 genere
928 2961 1075 3027 neminem
1097 2962 1204 3026 habuit
1224 2981 1337 3044 parem.
1383 2965 1508 3028 intacto

164 3061 254 3118 antea
276 3049 397 3116 tramite
426 3068 622 3130 progressus,
655 3068 759 3130 parum
789 3051 910 3130 adjutus
941 3051 1216 3126 observationibus,
1248 3052 1353 3132 quibus
1380 3051 1504 3117 tirmiter

164 3141 253 3208 inuiti
276 3145 392 3221 posset,
414 3158 488 3211 rem,
512 3157 601 3219 quem
622 3138 653 3204 iu
676 3139 775 3202 Marte
798 3140 926 3204 feliciter
948 3158 1112 3222 aggressus
1134 3145 1192 3214 est,
1215 3139 1430 3204 absolvendam
1446 3141 1503 3208 sibi

164 3228 323 3316 proposuit
344 3227 375 3290 in
398 3227 520 3310 reliquis
542 3227 682 3309 planetis,
704 3226 816 3292 inSole
841 3237 872 3292 et
894 3229 924 3292 in
939 3229 1034 3304 Luna,
1058 3227 1193 3292 imitatus
1211 3227 1379 3294 Ptolemaei
1392 3229 1502 3294 Alma·

165 3328 294 3402 gestum.
340 3315 507 3393 Quantum,
533 3317 612 3380 hunc
639 3315 780 3397 spectans
809 3317 912 3394 finem,
949 3317 1122 3382 insumserit
1147 3315 1261 3384 laboris
1290 3325 1321 3382 et
1349 3319 1503 3400 temporis,

166 3417 281 3494 quauta
308 3405 536 3490 perseverantia
562 3425 624 3473 rem
647 3407 738 3470 toties
761 3413 910 3474 tentatam
948 3407 1056 3471 iterum
1079 3407 1244 3489 iterumque
1268 3426 1430 3489 aggressus
1453 3407 1503 3492 sit,

165 3518 227 3563 non
248 3496 404 3582 perculsus
427 3495 593 3574 erroribus,
619 3515 693 3580 quos
720 3497 946 3574 ohservationes
968 3496 1065 3562 minus
1088 3497 1164 3560 fidae
1188 3497 1404 3574 causabantur,
1429 3517 1504 3578 quos

165 3589 232 3670 ipse
255 3587 286 3652 in
309 3582 433 3648 calculis
456 3585 673 3662 committebat,
695 3587 771 3649 haec
794 3585 1075 3668 enarrantsingula
1097 3587 1159 3650 lere
1183 3586 1257 3658 lolia
1278 3585 1503 3670 manuscripto-

165 3697 241 3754 rum,
256 3695 331 3758 quae
346 3674 541 3755 inspeximus,
564 3683 653 3759 atque
669 3674 767 3738 erbis
784 3677 973 3756 potissimum
987 3695 1033 3756 ea,
1049 3695 1123 3760 quae
1138 3675 1291 3747 oontiueot
1307 3675 1411 3753 libros,
1429 3696 1504 3758 quoe
1607 3677 1620 3690 “

167 3773 329 3848 sequentes
358 3763 500 3829 exhibent
521 3765 660 3846 paginae.
710 3764 805 3830 Iidem
836 3785 907 3830 vero
930 3765 1104 3847 Keplerum‚
1133 3771 1167 3830 ut
1192 3763 1335 3840 diuum,
1365 3761 1504 3832 inlibris

166 3853 359 3922 conficiendis
391 3861 566 3936 occupatum
595 3855 680 3938 quasi
703 3853 795 3919 oculis
827 3855 1051 3936 adspiciendum
1072 3854 1226 3935 praebeat.
1273 3853 1407 3930 Quorum
1429 3874 1503 3938 ops-

167 3965 234 4010 rum
266 3945 381 4028 priores
411 3962 477 4008 oum
500 3943 665 4024 inspexeris
687 3943 831 4025 paginas,
862 3944 1003 4009 absoluta
1025 3953 1057 4008 et
1078 3943 1166 4024 plane
1189 3943 1229 4009 ad
1251 3945 1339 4011 finem
1360 3946 1504 4026 perducto

168 4035 322 4111 censebis3
353 4032 481 4114 primum
513 4033 641 4096 occurrit
662 4031 786 4112 titulus,
823 4033 955 4098 maxima
980 4034 1167 4114 conscriptus
1195 4032 1369 4114 diligentie,
1402 4034 1448 4098 ita
1469 4042 1504 4098 ut

165 4123 261 4190 variis
290 4121 439 4188 coloribus
468 4121 580 4203 depicti
606 4121 668 4186 siut
694 4121 804 4202 singuli
834 4141 958 4200 versus3
994 4123 1038 4186 nil
1069 4123 1171 4199 deest,
1200 4122 1260 4186 nisi
1281 4140 1388 4192 nomeu
1411 4131 1502 4206 typo-

166 4212 287 4297 graphi.
333 4211 465 4276 Titulum
488 4211 622 4294 sequitur
644 4210 807 4288 dedicatio,
831 4211 917 4294 qnasi
939 4231 988 4276 res
1011 4212 1053 4276 sit
1073 4211 1162 4294 plane
1183 4211 1323 4277 absoluta
1345 4212 1418 4286 (non
1433 4211 1502 4294 qui·

166 4305 235 4368 dem
258 4301 289 4368 iu
311 4301 497 4386 Hipparcho,
530 4307 564 4364 at
585 4301 615 4365 in
638 4300 713 4374 alio,
742 4301 815 4364 item
836 4321 895 4366 uon
916 4301 1005 4382 plane
1028 4300 1067 4364 ad
1090 4301 1203 4364 calcem
1224 4301 1367 4381 perdueto
1391 4299 1504 4378 libello,

167 4409 256 4475 quem
286 4387 457 4472 inscripsit:
485 4389 721 4454 Trauslormatio
754 4390 954 4474 hypotheseos
982 4398 1014 4454 et
1040 4389 1210 4456 tabularum
1231 4389 1393 4455 Lunarium
1422 4390 1501 4468 &elz

166 4482 276 4547 deiude
308 4480 405 4544 adhue
434 4479 519 4548 orna
544 4497 634 4543 mauu
663 4477 794 4558 scriptae
823 4480 964 4546 exhibent
992 4488 1151 4562 sequentes
1173 4477 1300 4560 paginae
1323 4479 1423 4561 operis
1446 4498 1501 4545 ex.-

166 4571 293 4646 ordium,
308 4568 453 4634 subdivisi
466 4569 497 4634 in
506 4569 616 4650 capita,
630 4567 825 4645 theoremata,
835 4568 1033 4650 problemata,
1048 4567 1207 4650 adscriptis
1220 4569 1277 4632 rite
1287 4568 1416 4633 numeris
1421 4590 1431 4647 3
1447 4567 1502 4632 sed

166 4661 345 4745 paulopost
364 4658 460 4742 magis
483 4657 636 4741 magisque
659 4657 790 4722 senescit
811 4658 950 4734 studium,
974 4659 1080 4723 hterae
1102 4664 1259 4720 occurrunt
1278 4655 1375 4725 mines
1391 4658 1519 4736 clerae·

166 4751 316 4816 munditia
339 4745 455 4824 dedoit3
481 4747 627 4832 paulatim
650 4746 846 4827 deprehendis
868 4748 1010 4814 minorem
1033 4745 1176 4810 orationis
1199 4744 1405 4824 subtilitatem,
1430 4755 1501 4812 tau-

167 4841 237 4910 oen
259 4839 360 4908 subito
383 4838 566 4924 abrumpitur
589 4833 696 4905 sermo.
742 4835 882 4930 Singula,
906 4857 981 4932 quae
1004 4841 1180 4926 sequuntur,
1203 4835 1277 4903 tolie
1298 4836 1501 4916 testimonium
