3678 5532
347 307 411 384 111
826 303 867 370 De
886 316 992 368 noctus
1010 288 1103 368 01000
1121 309 1209 368 mado

346 494 470 576 periodo
493 493 620 568 Martis,
643 494 738 556 multo
760 493 932 576 perplexius
960 501 1009 556 est
1031 495 1199 574 negotium,
1223 499 1308 555 terta
1330 492 1398 554 loca
1420 486 1485 570 ejus
1508 477 1692 570 geometrice

349 583 486 646 definire:
521 590 553 644 et
580 580 709 644 involvit
735 602 875 663 magnum
908 583 981 646 illud
1009 584 1212 663 paradoxum,
1250 582 1328 664 quod
1354 582 1433 643 inter
1462 579 1691 642 observationes

344 673 415 734 anni
441 669 523 736 1593
548 672 698 753 Tychonis
720 674 820 735 Brahe
843 691 932 734 manu
955 671 1003 734 his
1027 673 1126 734 verbis
1150 672 1330 734 inculcatum
1358 669 1475 752 reperi:

432 779 654 834 Consideratione
675 778 787 850 dignum
808 787 866 844 est,
889 782 959 850 quod
979 780 1055 834 Mars
1076 770 1149 834 circs
1176 779 1306 834 decimam
1326 777 1396 833 diem
1417 777 1539 848 Augusti
1561 774 1693 830 habuerit

343 861 492 916 maximam
512 859 685 914 latitudinem
706 861 873 924 austrinam,
895 867 925 914 et
938 867 1038 930 postea
1058 859 1225 922 decreverim
1247 859 1288 913 ita
1307 866 1340 912 ut
1352 860 1396 912 die
1412 853 1457 914 tt.
1471 857 1499 912 10
1514 855 1690 928 oppositione

343 941 421 1013 quasi
443 947 543 1011 quarta
563 944 644 1010 parte
668 943 772 1011 gradm
802 940 916 1010 propior
944 941 1090 1010 eclipticas
1120 941 1241 995 redditus
1262 939 1311 1004 sit,
1343 941 1413 1010 quod
1439 947 1532 993 tamen
1560 953 1691 1000 canones,

343 1022 428 1075 etiam
455 1026 577 1074 correcto
607 1019 761 1076 latitudinis
791 1022 928 1076 maximae
958 1022 1032 1084 loco,
1064 1022 1090 1074 in
1120 1017 1171 1075 18⁰
1195 1019 1311 1091 Aquarii
1340 1033 1514 1090 nequaquam
1544 1017 1690 1080 exhibent,

343 1102 581 1172 quomodocunque
607 1107 764 1155 assumatur
788 1101 846 1155 illic
871 1100 993 1156 maxima
1018 1101 1154 1156 latitudo:
1184 1100 1262 1170 cujus
1283 1099 1324 1154 rei
1345 1115 1431 1154 causa
1455 1097 1577 1152 studiose
1598 1095 1689 1168 inqui·

342 1185 431 1236 renda
450 1179 535 1236 venit.

431 1277 544 1338 Postea
566 1276 694 1346 eumad
717 1273 814 1356 ipsum
837 1275 866 1336 in
881 1275 1057 1338 Bohcmiam
1079 1276 1229 1338 venissem
1252 1282 1283 1337 et
1306 1273 1427 1355 saepius
1443 1275 1479 1335 de
1494 1274 1690 1337 latitudinum

341 1367 457 1428 ratione
491 1364 722 1445 quaesivissem,
754 1364 861 1445 illeque
885 1365 971 1439 mihi,
1002 1365 1097 1427 nodos
1120 1367 1151 1429 ia
1174 1364 1249 1428 locis
1272 1381 1340 1426 csse
1360 1364 1509 1444 oppositis
1525 1371 1556 1424 et
1572 1364 1689 1426 sectio-

342 1473 408 1517 nem
439 1453 567 1516 transire
595 1471 648 1532 per
676 1461 817 1532 punctum
849 1454 938 1515 medii
968 1455 1027 1516 loci
1050 1455 1132 1516 Solis
1161 1473 1214 1516 seu
1236 1472 1290 1534 per
1313 1461 1449 1514 centrum
1471 1452 1595 1534 epicycli
1621 1453 1688 1532 ejus

341 1545 393 1617 (de
417 1543 522 1625 quibus
547 1543 683 1622 sequenti
706 1561 772 1623 cap.
796 1541 944 1616 LXVII.)
968 1544 1086 1624 aliaque
1109 1543 1204 1604 muita
1217 1543 1437 1604 recensuisset:
1463 1541 1518 1602 hac
1533 1541 1688 1603 mentione

342 1632 595 1721 commonefactus
619 1631 655 1691 de
679 1631 735 1693 hoc
763 1631 885 1710 negotio
909 1643 960 1695 hoc
984 1633 1094 1714 inquit,
1118 1642 1314 1707 ammirabile,
1336 1641 1498 1696 latitudines
1519 1641 1578 1696 fleri
1599 1641 1688 1695 maxi·

339 1750 397 1789 mas
419 1738 484 1787 ante
505 1732 549 1786 vel
571 1739 635 1802 post
655 1731 842 1802 oppositiones
863 1749 923 1787 cunr
943 1732 1023 1786 Sole:
1062 1722 1146 1801 cujus
1179 1722 1221 1782 rei
1257 1720 1366 1782 mentio
1398 1721 1481 1781 faeta}
1512 1728 1561 1782 est
1596 1720 1689 1780 etiam

342 1831 433 1892 supra
456 1813 554 1892 capite
578 1811 651 1872 XV.

429 1900 562 1964 Causam
585 1899 704 1980 quidem
727 1898 770 1960 rei
795 1899 929 1961 continet
944 1919 1017 1960 vera
1035 1897 1211 1980 hypothesis
1227 1895 1394 1958 latitudinis
1415 1895 1568 1977 hacparte
1584 1897 1689 1978 quinta

342 1990 493 2064 stabilita:
531 1990 674 2051 terminos
706 2007 778 2050 vero
810 1989 1006 2049 maximarum
1040 1985 1229 2049 latitudinum
1261 1985 1340 2047 haud
1363 1986 1482 2048 facilins
1505 1986 1702 2066 geometrice·

341 2078 551 2160 inquisiveris,
605 2097 693 2159 quam
730 2077 910 2157 Apollonius
946 2078 1100 2156 Pergaeus
1136 2075 1290 2155 inquisivit
1330 2073 1474 2136 terminos
1511 2075 1686 2137 stationum.

343 2168 601 2240 Quemadmodum
625 2166 702 2227 enim
726 2166 755 2226 in
780 2167 835 2226 hoc
859 2166 980 2244 negotio
998 2167 1159 2226 stationum
1178 2173 1251 2226 nota
1265 2164 1410 2243 quaedam
1428 2173 1532 2244 potest
1547 2163 1687 2239 describi,

342 2277 400 2336 qua
423 2265 565 2318 noscatur
589 2256 671 2316 locus
696 2254 858 2318 stationum
883 2257 946 2325 (est
969 2262 1068 2315 autem
1092 2255 1161 2328 ista,
1186 2253 1303 2333 quando
1327 2252 1407 2314 linea
1422 2253 1546 2315 visionis
1567 2253 1686 2329 Martis,

344 2346 438 2406 Terra
470 2353 577 2418 eunte,
609 2343 771 2423 parallelos
803 2352 906 2402 manet
937 2343 993 2403 sibi
1027 2343 1116 2422 ipsi);
1155 2361 1191 2402 ex
1228 2350 1300 2404 nota
1328 2360 1400 2403 vero
1437 2341 1501 2403 sine
1529 2341 1687 2421 multiplici

344 2435 458 2495 calculo
482 2433 565 2493 locus
589 2431 729 2492 stationis
754 2451 772 2491 a
794 2429 886 2509 priori
905 2431 1102 2492 demonstrari
1117 2431 1227 2511 nequit,
1252 2429 1289 2491 oh
1305 2431 1508 2492 confusionem
1526 2431 1687 2494 inuitatum

345 2539 517 2582 causarum:
554 2519 597 2582 sic
621 2520 711 2580 etiam
742 2539 790 2600 res
821 2519 912 2579 lrabet
942 2520 970 2580 in
1001 2520 1157 2580 latitudine
1189 2519 1294 2600 quavis
1325 2519 1389 2580 vice
1421 2520 1560 2580 maxima.
1607 2521 1686 2582 Nam

343 2619 414 2672 tunc
437 2608 555 2688 quidem
579 2617 627 2668 est
650 2608 777 2669 latitudo
796 2607 941 2683 maxima,
970 2609 1088 2688 quando
1118 2609 1264 2670 distantia
1286 2609 1395 2668 Martis
1419 2630 1437 2670 a
1460 2611 1555 2671 Terra
1578 2609 1688 2669 crescit

343 2698 391 2759 vel
415 2696 563 2760 decrescit
586 2697 689 2757 eadem
713 2695 923 2776 proportione,
957 2716 1014 2776 qua
1042 2706 1180 2758 crescunt
1202 2697 1250 2760 vel
1273 2698 1451 2759 decrescunt
1475 2696 1571 2758 lineae
1595 2697 1685 2758 incli-

342 2788 496 2849 nationum
519 2785 648 2846 Martis:
674 2793 704 2846 et
727 2792 852 2865 augetur
876 2784 1014 2860 latitudo,
1039 2785 1156 2865 quando
1179 2786 1332 2867 proportio
1356 2785 1519 2848 distantiae
1542 2787 1609 2865 plus
1631 2787 1686 2848 de-

343 2877 469 2950 crescit,
493 2893 581 2956 qnam
603 2875 756 2954 proportio
780 2874 922 2936 linearum
948 2875 1167 2950 inclinationis,
1199 2883 1251 2936 ant
1274 2877 1391 2955 quando
1411 2876 1468 2937 illa
1490 2877 1684 2936 decrescente

342 2965 417 3028 haec
449 2973 555 3025 contra
587 2963 705 3026 crescit.
752 2963 894 3024 Vicissim
922 2963 1064 3026 minuitur
1086 2963 1229 3038 latitudo,
1260 2964 1308 3025 vel
1335 2962 1453 3044 quando
1485 2965 1553 3044 plus
1576 2965 1687 3026 crescit

342 3053 488 3116 distantia
503 3053 614 3114 Martis
630 3053 756 3113 aTerra
771 3071 859 3132 quam
874 3052 971 3117 lineae
985 3053 1197 3128 inclinationis,
1212 3053 1240 3114 in
1251 3053 1685 3134 suaquaelibetproportione,

342 3145 389 3210 vel
423 3142 541 3225 quando
574 3141 720 3203 distantia
751 3150 905 3202 crescente
937 3136 1008 3202 iliae
1040 3142 1218 3204 minuuntur.
1272 3141 1356 3204 Ilaec
1387 3151 1486 3204 autem
1517 3142 1685 3222 promiscuo

340 3235 414 3296 fiunt
432 3233 498 3313 jam
522 3231 551 3291 in
576 3229 779 3312 oppositione,
801 3231 865 3310 jam
888 3239 958 3291 ante
978 3231 1043 3310 jam
1065 3241 1151 3312 post;
1175 3239 1263 3310 prout
1286 3232 1435 3310 oppositio
1451 3232 1498 3292 vel
1513 3231 1544 3292 in
1558 3231 1684 3292 limitem

343 3322 495 3392 inciderit,
532 3320 582 3380 vel
614 3326 683 3380 ante
714 3326 767 3398 apt
789 3327 859 3399 post
882 3319 1014 3380 limitem.
1067 3321 1151 3382 Haec
1183 3319 1227 3380 ita
1249 3321 1333 3399 sequi
1357 3339 1394 3380 ex
1411 3321 1573 3402 hypothesi
1596 3320 1685 3400 huJ'us

344 3409 454 3492 operis,
478 3407 608 3490 probant
629 3427 714 3470 meae
728 3407 953 3488 Ephemesides.
991 3410 1081 3471 Anno
1100 3403 1191 3470 1604.
1216 3408 1296 3469 circa
1311 3407 1362 3472 25.
1378 3409 1450 3471 Feb.
1470 3410 1518 3470 vel
1534 3404 1563 3472 6.
1580 3407 1685 3470 Martii

346 3502 402 3562 tuit
424 3497 554 3558 maxima
578 3497 704 3560 latitudo
727 3497 834 3571 borea,
865 3517 931 3558 cunr
959 3497 1075 3578 integro
1098 3517 1198 3560 mense
1223 3505 1398 3578 sequeretur
1420 3499 1579 3578 oppositio.
1624 3497 1685 3560 Vi-

258 3619 262 3626 ·
344 3582 520 3652 01001027.
545 3583 629 3664 Sept.
655 3583 703 3646 vel
727 3583 756 3647 7.
782 3584 850 3648 Oct.
876 3586 932 3647 fuit
955 3587 1085 3648 maxima
1107 3585 1235 3648 latitudo
1259 3588 1403 3661 austrina,
1428 3607 1494 3649 cum
1508 3588 1593 3648 Mars
1607 3588 1686 3650 inter

347 3677 501 3759 quintilem
526 3681 557 3735 et
579 3674 717 3736 sextilem
734 3675 814 3738 Solis
838 3682 1017 3736 versaretur.
1063 3673 1193 3740 Rursum
1217 3675 1273 3736 fine
1297 3675 1366 3736 anni
1385 3671 1469 3738 1605
1485 3677 1541 3738 fuit
1555 3675 1686 3738 maxima

245 3786 253 3810 r
346 3766 474 3828 latitudo
503 3763 609 3836 borea,
639 3763 711 3826 Sole
742 3761 907 3842 a·quintili
937 3765 975 3824 ad
1006 3765 1182 3842 quadratum
1206 3765 1316 3826 Martis
1346 3774 1442 3827 eunte.
1487 3765 1529 3826 Et
1551 3765 1686 3828 vicissim

343 3874 420 3918 anno
451 3849 544 3917 1606.
572 3847 646 3913 Julii
668 3855 725 3914 fine
754 3852 885 3914 maxima
911 3851 967 3912 luit
994 3852 1121 3915 latitudo
1152 3854 1299 3931 austrina,
1323 3853 1395 3917 Sole
1418 3856 1448 3916 in
1476 3855 1553 3917 trino
1576 3854 1685 3916 Martis

343 3952 493 4007 versante.
539 3942 628 4002 Anno
660 3960 730 4003 vero
767 3937 849 4005 1607
882 3941 1013 4005 nmina
1045 3942 1137 4004 borsa
1165 3943 1294 4006 latitudo
1322 3943 1469 4025 contingit
1497 3943 1685 4026 paulopost

342 4033 580 4116 conjunctionem
597 4029 705 4093 Martis
728 4046 794 4092 000
818 4029 900 4093 Sole.

429 4137 540 4212 Causa,
565 4156 616 4198 cnr
640 4136 714 4197 haec
738 4137 767 4198 in
792 4137 886 4200 veteri
910 4137 1094 4198 astronomia
1117 4135 1192 4200 mira
1215 4138 1383 4212 videantur,
1405 4126 1608 4220 potissimam
1624 4141 1683 4207 hoc

344 4241 401 4308 est,
424 4228 501 4310 quod
524 4226 717 4287 Ptolemaeus
741 4227 890 4305 ceterique
913 4227 990 4288 hunc
1013 4225 1124 4288 imitati
1143 4233 1241 4290 motus
1257 4227 1683 4292 intricatissimosinclinatio-

339 4329 418 4393 num,
443 4315 653 4388 deviationum,
677 4314 870 4377 reflexicnum
893 4317 1106 4378 confinxerunt.
1145 4313 1222 4379 000
1245 4317 1321 4379 0010
1338 4318 1682 4382 haererctPtolemaens

340 4409 370 4471 in
394 4405 516 4490 epicycli
550 4403 782 4483 imaginatione,
820 4401 947 4484 primum
977 4413 1066 4484 atque
1090 4404 1181 4479 vidit,
1219 4405 1249 4468 in
1286 4406 1473 4488 oppositione
1506 4427 1570 4470 cum
1600 4408 1683 4480 Sole,

340 4499 457 4578 quando
490 4493 614 4577 planeta
644 4492 775 4565 videtur,
810 4493 891 4553 exire
919 4493 1001 4556 illum
1024 4493 1053 4554 in
1076 4493 1198 4574 plagam
1221 4514 1326 4556 unam:
1364 4496 1468 4558 statim
1492 4497 1682 4579 conjecturae
1796 4515 1800 4522 ·

339 4587 474 4661 indulsit,
498 4601 654 4656 asserens,
679 4581 708 4642 in
732 4579 937 4659 conjunctione
961 4601 1027 4644 000
1050 4581 1141 4658 Sole,
1166 4585 1283 4665 quando
1306 4602 1364 4645 non
1387 4583 1524 4659 videtur,
1547 4587 1629 4649 exire
1651 4585 1682 4648 in

338 4675 461 4758 plagam
484 4673 629 4745 alteram
652 4669 755 4732 autin
780 4670 949 4732 universum
972 4671 1153 4736 contrariom
1177 4673 1241 4753 ejus
1265 4673 1372 4746 facere,
1397 4673 1476 4752 qood
1499 4675 1577 4738 vidit
1596 4676 1683 4738 illum

343 4766 372 4825 in
405 4761 593 4844 oppositione
618 4761 736 4821 facere:
769 4759 887 4820 scilicet
916 4767 949 4820 ut
972 4761 1072 4840 aliqua
1095 4768 1179 4821 esset
1201 4760 1403 4840 cornpensatio
1426 4742 1459 4822 ‘et
1481 4763 1683 4826 restitutionis

341 4852 511 4932 aequalitas
534 4847 784 4929 cohaerentiaquc
807 4865 872 4910 com
896 4845 978 4910 Sole.
1024 4849 1188 4910 Hoc·varo
1220 4868 1278 4911 non
1301 4860 1349 4912 cst
1370 4849 1557 4914 observando
1580 4869 1684 4916 verum
