3552 5562
319 312 361 381 60
740 311 841 364 Literae
858 311 961 377 Kepleri
979 310 1130 392 aliorumque
1147 319 1248 366 mutuae

320 501 369 558 est
391 491 515 556 circiter
530 487 578 567 4⁰,
602 491 632 554 in
656 492 678 569 ii
700 489 791 572 piane
815 492 854 554 ad
878 488 926 554 8⁰.
963 492 1043 555 Nam
1066 491 1146 574 quod
1169 491 1264 554 minor
1287 491 1351 571 ejus
1375 465 1503 554 latitudo
1526 487 1670 564 maxima,

320 594 369 648 est
391 583 429 645 ob
450 581 630 663 parallaxin.
675 578 814 642 Omnino·
837 581 1021 644 levissimum
1045 590 1093 645 est
1121 581 1272 644 redditum
1302 580 1455 661 negotium
1486 578 1669 652 latitudinis,

321 673 398 756 qnod
422 669 587 734 nudissima
609 670 801 750 excerptione
825 689 863 732 ex
887 671 991 733 tabula
1017 671 1215 751 parallactioa
1241 689 1326 733 meae
1350 669 1477 750 Optices
1504 668 1669 750 perficitur.

409 759 471 824 Sed
493 759 614 834 tandem
636 760 714 822 vale.
762 756 792 824 5.
816 760 922 822 Martii
948 757 1041 825 1605.

906 851 984 913 Hon.
1009 851 1092 912 Tuae
1131 849 1253 930 gratiss.
1279 848 1444 930 discipulus

1395 937 1427 1002 J.
1451 933 1596 1020 Kepha·

347 1051 349 1058 ’
408 1043 607 1096 Maeotiinur
625 1045 714 1094 lterum
726 1043 857 1101 obmutuit,
877 1049 944 1095 certe
957 1044 1026 1094 nuda
1043 1055 1123 1109 neque
1141 1045 1168 1094 in
1180 1043 1308 1094 Hmsohio
1326 1055 1407 1109 neque
1423 1045 1488 1094 inter
1504 1041 1675 1106 manuscripts

322 1120 374 1182 siue
393 1124 475 1168 exstat
492 1117 625 1182 responsio,
645 1122 671 1166 et
687 1117 828 1185 proximas,
857 1130 921 1180 quse
939 1121 1071 1168 oooumunt
1088 1115 1191 1180 Keplerl
1216 1116 1305 1166 literae
1323 1114 1360 1178 (d.
1380 1115 1405 1166 d
1424 1111 1467 1164 31.
1487 1115 1573 1166 limiti
1593 1107 1673 1174 loos)

262 1197 266 1208 ’
320 1203 452 1260 testamur,
473 1197 506 1248 sd
522 1197 569 1248 linc
587 1203 744 1264 tempnsnon
762 1197 916 1262 respondisse
931 1197 1098 1256 Maestiinum.
1143 1187 1236 1269 Spem
1258 1187 1367 1262 fecisti,
1386 1197 1473 1262 inquit,
1495 1187 1543 1248 vir·
1565 1185 1674 1248 oleris·

321 1279 413 1353 sime,
436 1285 615 1359 praeceptor
638 1279 827 1354 honorande,
861 1287 892 1340 tc
917 1279 1102 1359 frequentius
1126 1277 1183 1340 hoo
1213 1277 1410 1368 epistolapnm
1433 1278 1492 1340 iter
1524 1277 1675 1338 trituram.

320 1368 358 1431 Iri
379 1367 509 1430 maxime
533 1365 635 1447 optavi
659 1368 770 1430 emissa
793 1368 924 1448 epistola
950 1367 1091 1448 ecliptica
1124 1375 1302 1449 (Epistola
1329 1379 1365 1433 sd
1392 1393 1485 1437 rernm
1515 1373 1675 1430 coelestium

230 1487 235 1496 ·
322 1465 460 1514 amatores
480 1458 514 1511 de
530 1457 607 1523 ¹Solia
627 1458 755 1531 deliquio,
777 1459 849 1530 quod
869 1476 941 1514 anno
965 1459 1050 1515 1605.
1072 1476 1166 1514 menso
1188 1458 1399 1530 ecs-comigit.
1440 1459 1552 1530 Prsgee
1578 1453 1676 1522 1605).

323 1535 457 1618 Cumque
481 1536 529 1599 bic
551 1536 626 1599 meis
659 1539 811 1600 sumtibus
837 1539 918 1600 adsit
947 1538 1147 1614 tabellarius,
1170 1538 1196 1600 is
1220 1557 1280 1601 non
1303 1537 1369 1600 sine
1394 1537 1491 1601 literis
1520 1534 1676 1598 discedere

318 1626 423 1706 jussus
447 1634 505 1688 est.
552 1627 639 1708 Rogo
663 1627 764 1709 itaque
783 1627 848 1709 jam
871 1627 980 1704 facias,
1012 1626 1093 1709 quod
1121 1627 1152 1690 in
1174 1627 1296 1710 publica
1319 1627 1451 1708 epistola
1474 1644 1557 1705 rogo,
1583 1640 1676 1703 neque

323 1715 460 1780 nuncium
484 1715 617 1778 differas.
789 1765 792 1776 .
1416 1787 1420 1798 ¹

327 1819 330 1826 ¹
411 1803 519 1869 Reliqua
536 1819 599 1870 quae
626 1805 711 1856 insunt
727 1804 765 1855 hir
791 1804 867 1854 literis
887 1804 919 1854 ad
942 1803 1063 1854 familiam
1081 1802 1186 1869 Kepleri
1212 1805 1339 1870 pertinent
1363 1801 1438 1870 (peut
1455 1817 1472 1854 a
1489 1801 1634 1858 Massiliae,
1652 1804 1679 1848 ut

324 1877 474 1926 sententiam
491 1887 563 1926 snam
581 1877 650 1926 dicat
668 1877 699 1926 de
717 1875 868 1942 'lubingensi
886 1876 1001 1940 quodam,
1022 1876 1063 1942 qni
1085 1877 1195 1935 „ambire
1214 1877 1303 1928 dicitur
1326 1891 1433 1928 somrem
1451 1867 1677 1940 Margaretham“),

325 1947 374 1996 allo
395 1949 449 2000 loeo
467 1947 608 1999 inserends.
645 1946 779 1999 Maestlino
798 1949 928 1999 etiamtum
946 1947 1043 2006 edente,
1062 1948 1135 2012 paulo
1154 1955 1211 2012 post
1229 1947 1354 2014 Keplerns
1371 1947 1436 1999 baec
1453 1946 1574 2012 poteritne
1594 1943 1677 1995 addit:

418 2108 593 2172 Liternus-te
612 2127 697 2170 meas
719 2109 882 2190 accepisse,
898 2109 1083 2188 Praeceptor
1101 2108 1283 2184 honoranda,
1308 2117 1407 2171 certus
1422 2127 1498 2170 snm.
1536 2104 1677 2184 Respon-

331 2197 441 2260 derunt
463 2197 541 2262 enim
564 2199 666 2276 ceteri,
691 2199 741 2280 qni
758 2200 865 2261 literas
888 2213 949 2259 uns
968 2205 1066 2260 tecnm
1090 2207 1278 2280 acceperunt.
1317 2197 1553 2260 Excusationem
1568 2191 1678 2257 silentii
1752 2205 1753 2210 ’

333 2289 397 2350 scio
420 2288 498 2350 hano
521 2287 634 2362 habes,
668 2288 748 2368 quod
777 2287 929 2367 ingratam
953 2297 984 2348 et
1006 2287 1205 2368 periculosam
1237 2288 1321 2354 dices
1353 2287 1511 2350 materiam
1533 2280 1679 2364 'responsi

330 2378 462 2440 intorem
484 2377 587 2439 inisse.
626 2375 704 2457 Age,
728 2386 759 2440 te
774 2377 868 2439 libero
892 2377 949 2438 hac
968 2377 1126 2440 molestia:
1153 2379 1253 2440 forsan
1269 2376 1347 2439 enim
1367 2377 1534 2459 jamporro
1557 2387 1678 2436 necesse

330 2487 389 2528 non
413 2474 470 2528 est
514 2459 561 2532 At
582 2465 657 2528 iilud
688 2467 779 2548 peto,
809 2475 844 2529 nt
873 2466 1056 2546 respondeas
1080 2467 1117 2528 de
1148 2465 1280 2548 eclipsi
1313 2465 1430 2543 Solis,
1464 2473 1496 2527 et
1519 2462 1546 2526 si
1574 2463 1622 2524 vis
1645 2459 1678 2519 de

332 2556 401 2619 aliis
432 2573 508 2636 qnae
539 2555 610 2619 olim
641 2556 793 2636 petebam.
839 2555 904 2635 Aut
935 2574 1017 2617 sume
1048 2557 1206 2618 materiam
1235 2575 1273 2618 ex
1300 2553 1419 2637 Opticis
1448 2553 1532 2616 meis.
1587 2548 1679 2614 Crede

332 2644 414 2719 mihi,
437 2663 497 2706 non
521 2663 573 2706 ero
597 2643 769 2718 insidiosus,
792 2644 904 2718 metuis
925 2651 958 2706 tu
982 2663 1160 2724 semperne
1185 2645 1363 2725 exagiteris,
1388 2644 1475 2726 qnasi
1497 2640 1681 2725 sycophanta

334 2734 401 2795 sim.
448 2735 532 2798 Inter
555 2733 651 2796 bonos
673 2735 749 2796 bene
774 2733 867 2814 agier.
914 2735 948 2796 ln
974 2733 1111 2814 epistolis
1134 2753 1193 2796 non
1216 2734 1378 2816 requiritur
1400 2733 1535 2816 ἀκριβιια
1563 2728 1679 2791 mathe-

333 2822 456 2899 matice,
481 2823 566 2904 cujus
589 2830 622 2885 tn
641 2823 760 2887 virtutis
784 2823 996 2885 anctoritatem
1018 2824 1154 2903 praefers
1178 2825 1315 2886 omnibus
1334 2823 1450 2904 gratiis,
1475 2829 1507 2884 et
1528 2837 1623 2901 usqne
1646 2813 1680 2875 ad

332 2913 487 2993 ingratum
509 2912 582 2975 mihi
606 2911 757 2976 silentium
779 2930 962 2993 propugnas.
1000 2915 1065 2974 Aut
1083 2913 1109 2975 si
1126 2921 1157 2975 te
1180 2914 1250 2995 quid
1274 2913 1399 2975 offendit
1419 2913 1451 2974 in
1465 2909 1541 2973 meis
1557 2905 1680 2990 Opticis,
1741 2913 1743 2918 ’

333 3021 400 3066 eam
424 3021 506 3064 some
530 2999 678 3074 scribendi
700 3002 868 3065 materiam.
1361 3001 1363 3006 ’

421 3091 492 3154 Jam
515 3109 605 3174 egam
627 3093 903 3172 tecum‘negotinm
928 3089 1088 3171 privatum.
1136 3087 1167 3171 ij,
1191 3090 1231 3166 ii,
1254 3099 1280 3163 <i
1304 3089 1436 3154 absoluti
1461 3096 1545 3164 sunt,
1570 3087 1682 3152 restant

334 3183 403 3245 duo.
450 3183 538 3244 Luna
560 3191 607 3244 ter
634 3182 701 3262 jam
724 3182 846 3244 variata
874 3179 1005 3256 tabulis,
1038 3189 1073 3242 ut
1095 3179 1136 3242 sit
1166 3181 1274 3244 electio
1299 3187 1387 3242 etot
1418 3178 1504 3242 labor
1526 3173 1681 3259 Sisyphios

335 3273 387 3335 ille
409 3271 564 3335 liberetur.
602 3270 700 3334 Moles
724 3271 795 3334 mihi
818 3270 988 3333 tabularum
1015 3269 1159 3332 incumbit
1181 3270 1241 3340 uni,
1266 3270 1408 3332 salarium
1431 3268 1608 3349 impeditum
1630 3266 1681 3322 osb

334 3363 439 3441 Nuper
462 3369 562 3424 tamen
587 3361 706 3424 vinculo
726 3360 914 3424 ordinantiee
930 3379 996 3421 sum
1015 3360 1054 3420 ad
1069 3361 1169 3422 aulum
1183 3353 1370 3435 adstrictus,'
1383 3357 1471 3420 rebus
1494 3352 1682 3438 pereuntibus

292 3473 295 3482 ·
337 3457 369 3512 et
400 3449 469 3512 navi
502 3449 635 3530 scopulis
667 3450 840 3513 imminente
851 3481 863 3524 ,·
890 3448 1027 3530 omnibus
1058 3450 1096 3511 ad
1130 3449 1311 3512 enatandum
1344 3447 1512 3510 discinctis.
1566 3448 1600 3509 ln
1631 3441 1682 3502 11³⁰

338 3539 466 3601 colluvie
496 3538 648 3618 indigeo
681 3537 877 3601 studiosis.
922 3537 1010 3616 Rogo
1033 3537 1073 3599 Η.
1098 3538 1133 3600 Τ.
1158 3545 1191 3600 ut
1222 3538 1363 3619 privatim
1387 3545 1419 3600 et
1441 3537 1467 3600 si
1494 3535 1558 3599 fieri
1587 3533 1684 3614 poteri

338 3629 417 3690 clam
440 3638 515 3707 agat
536 3647 602 3690 cnm
626 3627 778 3709 aliquibus·
805 3627 1022 3708 stipendiariis,
1054 3645 1128 3710 quos
1152 3627 1276 3691 idoneos
1306 3628 1369 3690 iore
1392 3634 1482 3707 putas
1505 3634 1537 3687 et
1560 3620 1682 3704 agilibus

342 3717 472 3798 ingeniis
498 3717 671 3797 praeditos;
699 3717 741 3780 nil
765 3718 867 3790 refert,
891 3717 949 3778 etsi
973 3716 1047 3778 nibil
1071 3725 1123 3778 ant
1145 3735 1251 3797 parum
1273 3717 1303 3781 in
1326 3717 1457 3778 mathesi
1488 3709 1681 3795 profecerinti

342 3807 438 3870 solam
462 3807 600 3870 desidero
624 3807 820 3886 cupiditatem
834 3806 978 3870 discendi.
1017 3804 1050 3868 Si
1066 3808 1102 3868 de
1117 3808 1172 3868 tali
1191 3806 1263 3868 mihi
1282 3815 1401 3871 constet
1424 3807 1545 3888 ejusque
1569 3811 1681 3866 manum

339 3896 481 3972 viderem,
507 3896 621 3959 adirem
643 3913 698 3976 per
721 3897 826 3958 literas
850 3896 949 3958 aulam
971 3894 1120 3975 Principis
1144 3895 1397 3978 Wimembergici,
1421 3913 1542 3974 rogans,
1566 3901 1605 3955 nc
1621 3900 1681 3950 eum

339 3987 376 4048 iis
400 3985 558 4060 sumtibus,
583 3986 632 4067 qni
655 3986 686 4046 in
709 3985 805 4065 ipsum
829 3984 1041 4066 impenduntur
1055 3983 1219 4064 Tubingae,
1245 3987 1325 4066 apud
1342 4007 1390 4049 me
1404 3985 1504 4046 vivere
1523 3985 1680 4064 pateretur·

338 4076 487 4150 Insciens,
514 4075 567 4138 sed
590 4075 818 4155 promissionem
842 4075 938 4136 habeo
963 4095 981 4134 a
1004 4069 1265 4154 magno'qnodam
1289 4075 1470 4139 consiliario.
1517 4071 1581 4135 Sed
1602 4061 1680 4145 cupi⁰

339 4165 422 4248 prins
445 4165 483 4227 de
506 4173 591 4228 certa
615 4166 744 4246 quadam
768 4183 899 4246 persona
922 4165 1042 4244 ejusque
1074 4163 1270 4243 qualitatibus
1294 4183 1361 4228 esse
1384 4173 1502 4238 certus,
1528 4177 1616 4244 quam
1637 4167 1680 4216 ¹⁰⁸

337 4257 439 4337 palam
461 4254 525 4317 fiat.
572 4253 668 4335 Spero
701 4275 738 4316 ea
770 4261 800 4316 te
833 4253 1021 4336 humanitate
1054 4273 1139 4327 esse,
1178 4262 1213 4317 ut
1242 4254 1280 4316 ad
1313 4255 1369 4317 hoc
1407 4253 1518 4316 saltem
1547 4253 1681 4333 punctum

338 4364 463 4408 censeas
486 4344 734 4426 respondendum.
781 4345 870 4407 Vale.
919 4340 970 4405 10.
994 4342 1076 4404 Junii
1102 4339 1197 4407 1606.

947 4431 985 4494 Η.
1034 4431 1068 4494 Τ.
1139 4431 1271 4496 Gratias.
1297 4431 1468 4512 Discipnlus

1393 4521 1425 4586 J.
1449 4517 1598 4605 Keppler.

427 4613 493 4668 Hinc
510 4613 568 4666 lude
586 4625 663 4680 nsque
681 4611 715 4662 sd
727 4606 993 4660 murmillonum
1011 4610 1116 4661 occurrit
1134 4611 1239 4675 epistole
1250 4609 1352 4676 Kepleri
1373 4617 1400 4661 et
1415 4610 1549 4671 Massilini,
1569 4615 1594 4660 et
1611 4615 1679 4670 quw·
1698 4613 1702 4624 “

341 4683 399 4738 dam
415 4683 517 4753 Kepleri
542 4685 685 4750 deperditae
712 4697 766 4734 esre
789 4681 918 4739 videnturr
950 4695 1015 4731 enno
1038 4697 1111 4747 quem
1137 4685 1241 4734 mximas
1266 4679 1342 4732 1610.
1368 4689 1476 4734 excmat-
1495 4698 1522 4732 se
1540 4676 1680 4754 Maecilium

342 4759 373 4808 ob
393 4759 526 4824 „prolixam
545 4757 687 4808 dilationem
705 4753 878 4820 epistolarumu
899 4766 979 4816 neque
998 4768 1058 4810 vero¹
1073 4755 1098 4803 ln
1111 4753 1148 4804 his
1166 4769 1246 4820 neque
1265 4756 1423 4820 sequentibus
1441 4753 1517 4806 literis
1535 4753 1609 4804 ullam
1626 4746 1681 4824 iamt

342 4827 431 4881 Martis
450 4829 559 4882 theoriae
577 4829 736 4885 mentionem,
755 4839 829 4893 quam
848 4823 918 4885 iorte,
937 4825 1029 4886 utipse
1048 4839 1122 4890 supra
1140 4827 1172 4877 ds
1190 4826 1266 4876 literis
1278 4825 1380 4890 Kepleri
1398 4831 1513 4886 testatm,
1532 4825 1605 4877 etiarn
1623 4825 1680 4882 lyi¹⁵

343 4903 489 4968 sumptam
505 4902 585 4952 minua
602 4898 730 4950 intellexit.
