3604 5534
815 315 855 370 De
873 315 981 369 blembos
1001 313 1093 368 Stellas
1111 314 1199 366 Martis

338 2741 405 2784 eum
428 2714 613 2797 temporibus
636 2683 901 2778 intercedentibus.
949 2718 1113 2783 Methodns
1135 2717 1223 2799 hujus
1247 2719 1361 2800 negotii
1385 2719 1415 2780 in
1438 2716 1620 2780 Ptolemaeo
1645 2715 1695 2778 iu-

337 2793 458 2871 veinn
481 2806 533 2868 nn.
557 2804 614 2866 ux.
651 2828 657 2854 ι

425 2898 502 2959 Esto
539 2895 605 2974 jam
642 2892 782 2954 confecta
817 2897 988 2974 pragmatia
1025 2904 1056 2959 et
1095 2897 1221 2978 prodeat
1267 2898 1347 2960 linea
1384 2895 1521 2977 apsidum
1560 2892 1694 2957 accentui

338 2989 467 3059 ΚΛΔΧ,
494 2988 683 3064 Apunetum
709 2983 930 3063 aequaturium‚
963 2995 1097 3050 centrum
1121 2987 1279 3049 eccentrici
1303 2986 1332 3048 in
1357 2987 1413 3048 hae
1435 2983 1514 3047 linea
1530 2989 1562 3044 et
1576 2989 1691 3061 puncto

337 3080 374 3153 A,
399 3085 432 3138 et
454 3073 639 3136 eccentrions
663 3075 737 3144 ΧΖ,
761 3081 792 3133 et
815 3075 998 3152 respondeat
1021 3077 1095 3137 haec
1118 3076 1294 3157 hypothesis
1319 3075 1455 3138 omuibus
1478 3073 1555 3135 loeis
1580 3071 1690 3132 ohser-

338 3167 419 3227 vatis
442 3165 497 3226 sub
521 3163 663 3226 articulos
687 3161 883 3240 oppositionis
906 3165 1047 3243 planetae
1076 3184 1142 3226 eum
1166 3163 1246 3227 Solis
1269 3167 1335 3226 loco
1361 3163 1471 3226 medio.

425 3253 484 3316 Hic
516 3272 592 3334 quae
626 3249 791 3334 Ooperqico
824 3251 921 3330 objeci
951 3253 987 3314 de
1018 3253 1219 3315 concinnitate
1244 3261 1342 3316 motus
1365 3250 1492 3336 physici,
1518 3267 1578 3311 uon
1598 3248 1693 3327 plane

339 3352 371 3404 et
393 3343 423 3403 iu
447 3342 653 3403 Ptolemaeum
677 3341 835 3420 quadrant.
881 3341 959 3427 Nam
984 3350 1119 3406 centrum
1142 3343 1260 3422 quidem
1289 3341 1432 3424 epieybli‚
1465 3339 1513 3420 qui
1538 3337 1694 3399 secundae

339 3431 437 3492 servit
465 3428 684 3512 inaequalitati,
720 3428 768 3490 hio
793 3448 885 3508 aeque
910 3449 946 3492 ao
969 3431 1052 3511 priua
1075 3432 1140 3512 ipse
1163 3430 1288 3511 planeta
1310 3432 1491 3494 transfertur
1515 3427 1614 3499 tarde,
1639 3445 1696 3486 ce-

341 3518 458 3592 leriter,
490 3536 544 3598 pro
577 3537 630 3578 suo
666 3517 704 3577 ad
727 3517 757 3578 K
781 3519 904 3580 Terram
932 3539 1056 3583 accessu
1084 3521 1132 3582 vel
1156 3539 1275 3583 recessu
1299 3522 1328 3582 iu
1353 3519 1462 3582 circulo
1488 3518 1566 3579 XZ:
1592 3515 1697 3576 inesse

340 3615 442 3668 autem
474 3606 505 3666 iu
528 3606 558 3667 K
581 3605 675 3666 Tarra
705 3606 753 3678 (ut
783 3608 865 3686 prius
896 3611 975 3689 apud
1013 3608 1212 3692 Copornicum
1253 3610 1284 3671 in
1315 3609 1404 3684 Sole,
1452 3605 1542 3668 eorde
1576 3604 1698 3673 muudi)

341 3696 400 3755 vim
430 3695 600 3767 matricem,
648 3712 725 3774 quae
766 3706 873 3760 centra
909 3699 1080 3778 hujusmodi
1127 3699 1328 3782 epicyclorum
1361 3694 1589 3776 circumagam,
1633 3693 1698 3754 ab·

340 3784 460 3846 surdum
489 3792 520 3846 et
549 3791 750 3846 monstrosum
778 3794 825 3848 est
855 3795 1001 3850 statuere.
1049 3789 1121 3850 Alia
1144 3807 1214 3852 vero
1241 3789 1290 3851 via
1313 3785 1482 3868 impugnari
1506 3801 1545 3844 ex
1565 3782 1699 3864 physica

339 3881 442 3951 potest
465 3874 540 3934 haec
573 3872 758 3954 hypothesis.
804 3875 864 3938 Est
893 3877 970 3939 euim
995 3877 1062 3940 huic
1085 3879 1200 3940 formae
1225 3877 1445 3961 quodammodo
1470 3872 1592 3953 propria
1614 3868 1696 3934 soli-

340 3959 419 4022 dlissi
443 3963 567 4038 urbium,
592 3981 651 4042 (11¹²
675 3965 742 4042 (per
761 3963 911 4046 Typhonis
930 3967 1030 4030 Brahe
1047 3967 1275 4029 observationes
1301 3964 1500 4038 cometamm)
1525 3963 1698 4034 destructa,

340 4049 415 4112 haee
447 4068 500 4129 per
532 4069 601 4112 sesa
631 4051 847 4130 quodammodo
881 4058 989 4119 cadere
1024 4057 1142 4120 videtur
1175 4055 1372 4138 hypothesis3
1405 4058 1591 4116 statueretur
1613 4050 1698 4112 euim

339 4139 387 4201 vis
409 4140 519 4203 motrix
542 4139 571 4201 in
595 4144 698 4201 centro
726 4141 851 4222 epioyoli
879 4145 924 4218 (in
947 4165 1004 4208 noo
1030 4165 1152 4225 corpore
1177 4147 1231 4208 sed
1253 4153 1364 4228 puncto
1386 4140 1618 4213 mathematico)
1643 4159 1699 4201 re-

341 4229 442 4292 sidere
470 4238 502 4292 et
533 4229 649 4308 agitare
680 4247 713 4288 se
735 4227 832 4307 ipsam
857 4233 893 4294 de
916 4234 982 4296 loco
1005 4234 1035 4296 in
1060 4236 1157 4297 locum
1181 4235 1379 4310 transeundo,
1403 4233 1492 4313 idque
1517 4229 1699 4309 aequalibus

341 4319 526 4401 temporibus
548 4316 767 4398 inaequaliter3
799 4319 887 4384 simul
910 4341 981 4385 vero
1006 4333 1039 4385 et
1062 4343 1164 4387 secum
1186 4325 1357 4387 attraheret
1380 4323 1533 4403 planetam
1556 4318 1595 4380 ad
1619 4337 1698 4397 pro-

341 4409 544 4490 pinquitatem
576 4405 715 4468 diametri
744 4407 869 4487 epioyoli
898 4411 1036 4494 illumque
1060 4413 1150 4476 simul
1173 4412 1254 4476 circa
1276 4433 1344 4474 sese
1369 4417 1493 4494 gyraret
1516 4407 1699 4490 aequalibus

342 4496 527 4578 temporibus
569 4495 742 4578 aequaliter.
807 4497 890 4560 Haec
926 4507 1016 4564 tauta
1042 4502 1175 4564 varietas
1206 4501 1237 4564 in
1266 4521 1357 4564 unam
1380 4498 1539 4563 motrioom
1561 4504 1700 4560 mentem

342 4588 451 4650 cadere
484 4606 542 4648 110ss
566 4593 683 4664 P⁰i0⁸i2
711 4583 769 4646 nisi
792 4584 875 4649 Deus
898 4589 956 4665 sit,
981 4591 1164 4672 suffragante
1188 4591 1355 4654 Aristotele
1379 4590 1429 4652 lib.
1454 4591 1477 4652 L
1500 4585 1699 4667 metaphysi-

342 4693 443 4738 ⁰0l1¹m
474 4695 540 4756 0³9·
565 4673 606 4748 9,
639 4673 685 4736 eui
713 4673 824 4754 placet,
850 4677 975 4757 siugulis
1005 4681 1136 4743 motibus
1167 4679 1386 4762 aequalissimis
1416 4688 1448 4740 et
1471 4674 1699 4755 simplicissime

343 4765 539 4828 circularibus
563 4763 698 4844 singulas
722 4765 895 4843 praesidere
918 4775 1051 4832 mantes:
1076 4777 1243 4849 praeterea,
1269 4769 1318 4849 qui
1339 4768 1437 4832 virtus
1456 4765 1559 4846 aliqua
1575 4763 1700 4827 sedebit

342 4853 374 4914 iu
408 4873 465 4914 uon
495 4871 632 4932 corpore,
666 4854 770 4916 effluet
799 4873 836 4916 ox
864 4873 921 4918 uon
945 4877 1068 4942 corpore
1092 4859 1121 4921 iu
1145 4857 1326 4939 planetam?
1372 4855 1488 4940 Quodsi
1517 4853 1613 4918 etiam
1647 4854 1699 4916 di-
