3552 5562
6 389 8 425 ἱ
512 305 543 362 de
561 304 749 364 dennestede
766 311 797 364 de
815 318 890 364 nictu·
902 313 990 366 sullae
1007 310 1104 368 Martis.
1386 361 1388 366 ,
1433 305 1478 384 39

9 489 10 493 ’
98 478 339 562 mendicitate,
370 487 528 572 idque.in
550 489 752 571 suspicionem
773 490 855 554 traxi
878 491 1033 555 falsitatis.
1078 493 1124 558 At
1151 511 1189 556 ex
1218 493 1336 557 theoria
1363 493 1477 559 Martis
1596 559 1600 568 ,

99 571 412 640 idlnculentissime
437 578 561 660 probari
581 587 702 660 potest,
726 579 829 643 Solem
851 581 917 655 (vel
938 581 971 643 in
985 580 1151 663 Gopernico
1166 585 1315 659 Terram),
1338 603 1406 648 cum
1430 575 1478 648 est

101 661 309 744 inapogaeo,
344 685 415 730 non
442 668 491 730 ita
513 669 575 730 alte
598 670 777 743 ascendere,
810 669 856 731 nti
878 668 1010 732 maxima
1033 671 1099 752 ejus
1122 672 1262 753 aequatio
1283 691 1339 754 per
1362 691 1477 755 suppo-

106 751 232 814 sitionem
260 755 434 838 simplicis
458 757 695 822 eccentricitatis
716 757 858 840 requirit,
891 758 944 822 sed
975 761 1102 824 delicere
1124 769 1242 842 partem
1269 757 1479 842 ejuscircitsr

108 841 222 917 tertiam,
250 861 318 925 per
335 845 529 927 positionem
543 845 702 930 sequentis
718 847 905 911 salvandam.
943 847 1152 931 Aequationee
1166 856 1267 914 tamen
1283 851 1334 913 ubi
1347 853 1477 914 maxime

110 931 248 1008 dierunt,
272 933 309 996 in
327 936 491 998 anomalia
507 933 596 1013 135⁰,
612 937 753 1017 scrupulo
766 955 825 998 nno
841 955 908 1000 cnm
923 946 1011 1000 sexta
1027 946 1116 1020 parte
1130 938 1280 1016 differunt,
1297 937 1371 1003 nihil
1384 941 1476 1003 ultra

179 1021 317 1085 Eodem
344 1025 496 1107 incapite
511 1043 619 1099 moneo
642 1025 679 1086 de
698 1026 843 1106 peculiari
863 1027 1079 1110 inaequalitate
1107 1028 1327 1092 revolutionum
1348 1029 1480 1095 Veneris

108 1119 133 1171 rt
149 1111 329 1188 Mercurii,
362 1115 446 1196 quod
470 1113 655 1196 Gopernicus
678 1115 723 1177 ait
753 1123 858 1177 centra
878 1119 1085 1180 eccentrom‘m
1106 1117 1222 1182 revolvi
1245 1117 1276 1181 in
1297 1137 1393 1200 parvo
1416 1120 1479 1182 cir·
1552 1149 1556 1160 ·

107 1201 186 1275 cello,
210 1202 354 1284 fierique
379 1211 516 1266 connum
538 1203 700 1278 eccentrici
718 1204 858 1281 Veneris,
882 1223 949 1268 cum
972 1205 1003 1268 in
1025 1221 1161 1289 apogaeo
1184 1207 1233 1268 vel
1255 1208 1396 1290 perigaeo
1420 1217 1476 1286 eet,

107 1299 205 1352 muno
230 1291 327 1354 orbis
352 1293 445 1355 annm
467 1293 601 1374 propius,
624 1292 736 1355 cumin
760 1291 836 1356 locis
856 1295 1043 1377 intermediis
1064 1305 1122 1371 est,
1145 1296 1300 1372 remotius,
1325 1305 1478 1360 eteccen-

106 1379 278 1443 tricitatem
301 1381 470 1462 majorem3
501 1389 608 1444 contra
623 1381 774 1444 ⁴Mercurii
796 1383 828 1446 in
851 1401 985 1465 apogaeo
1015 1391 1047 1446 et
1073 1386 1215 1466 opposito
1235 1385 1304 1448 loco
1326 1387 1479 1449 ecoeutri-

109 1468 235 1531 mtern
251 1489 330 1532 esse
345 1463 502 1552 majorem,
517 1471 547 1534 in
562 1471 780 1554 quadrantibus
794 1471 949 1535 minorem
980 1465 1058 1549 Hae,
1072 1475 1204 1557 inquam,
1221 1493 1316 1538 novas
1332 1475 1482 1558 indeque-⁴

110 1557 308 1622 litatea¹non
334 1561 461 1623 obscure
484 1561 517 1623 in
540 1560 661 1624 dubium
683 1560 800 1623 vocavi.
842 1562 878 1624 Id
902 1569 1003 1624 autem
1025 1565 1113 1645 quale
1137 1564 1233 1636 nitet
1253 1565 1332 1626 unde
1355 1566 1412 1628 hae
1431 1566 1480 1628 in-

109 1646 325 1729 aequalitates
349 1649 542 1720 inferioribus
564 1649 665 1712 inesse
688 1649 857 1727 videantur,
879 1652 938 1714 hoc
959 1651 1029 1732 ipso
1043 1661 1177 1734 tempore
1197 1653 1398 1735 deprehendo,
1422 1673 1481 1745 quo

107 1735 215 1816 Praga
230 1738 346 1800 absum
359 1739 389 1818 ln
405 1738 511 1822 Styria
531 1737 731 1802 haereditatis
753 1759 847 1802 cansa
868 1744 959 1813 (camp
973 1748 1029 1806 Tot
1043 1749 1064 1808 1,
1076 1765 1100 1814 pr
1114 1746 1198 1818 tta),
1222 1743 1279 1806 nisi
1296 1743 1376 1826 quod
1390 1744 1479 1806 libris

107 1826 286 1890 destitutus
310 1847 452 1892 numeros
478 1827 634 1909 ,applicare
660 1847 785 1910 nequeo.
832 1830 878 1891 Tu
908 1847 981 1892 vero
995 1851 1000 1862 ·
1014 1831 1041 1892 si
1061 1831 1191 1893 schema
1214 1832 1322 1894 feceris
1346 1833 1385 1894 ad
1407 1831 1479 1894 imi-

106 1916 268 1978 tationem
285 1916 457 1998 (loperuici,
480 1926 512 1978 et
529 1935 665 1999 apogaea
681 1917 773 1994 Solis,
798 1917 928 1980 Veneris
943 1927 974 1980 et
988 1919 1134 1982 Mercurii
1151 1921 1349 1997 ordinaveris,
1373 1921 1482 1984 simid-

107 2025 167 2088 que
193 2006 357 2088 dnmpm
382 2009 477 2070 Terra
499 2007 628 2070 circulos
651 2008 783 2082 umeris,
807 2005 937 2068 alterum
959 2025 1014 2088 pro
1036 2009 1089 2070 via
1105 2010 1218 2072 Terrae
1240 2011 1386 2073 hactenus
1409 2031 1480 2073 cre·-

108 2097 194 2173 dita,
225 2094 360 2158 alterum
388 2115 427 2158 ex
449 2096 517 2160 Soli
543 2097 682 2177 propiore
706 2101 814 2159 centro
832 2114 887 2177 pro
909 2095 960 2158 ris
984 2099 1098 2160 Terrae
1119 2098 1295 2174 verissima,
1328 2099 1375 2162 cui
1397 2101 1481 2182 prior

107 2187 162 2247 ille
189 2187 264 2248 loco
288 2185 447 2268 aequantia
470 2185 649 2248 Ptolemaiei
671 2185 820 2248 inserviat
851 2187 936 2258 (nam
968 2187 1167 2250 universalem
1198 2187 1382 2274 theomarum
1415 2189 1481 2250 sive

107 2277 301 2338 circulorum
324 2273 560 2355 planetariorum
582 2275 804 2338 ordinationem
823 2275 904 2336 facio
927 2275 967 2336 ad
989 2275 1190 2338 imitationem
1214 2273 1374 2358 Copernici
1400 2277 1484 2340 circa

107 2364 224 2427 Solem
255 2363 457 2439 immobilem,
489 2363 715 2446 particulariter
745 2383 817 2426 vcro
846 2363 983 2427 theorias
1011 2365 1147 2445 singulas
1174 2383 1260 2428 more
1282 2365 1481 2443 Ptolemaiou,

107 2473 181 2516 cum
198 2453 430 2535 aequipolleant
442 2454 640 2536 hypotheses,
661 2453 850 2528 administro,
871 2454 938 2517 selo
953 2455 1088 2536 epicyclo
1108 2463 1244 2536 excepto,
1267 2453 1448 2537 qui'tollitur
1463 2477 1482 2516 a

108 2543 291 2607 mobilitate
313 2544 459 2618 Tlerrae);
484 2543 572 2618 haec,
595 2543 731 2624 inquam,
765 2542 790 2604 si
814 2541 860 2604 ita
883 2542 1083 2625 disposueris,
1105 2543 1205 2606 'facile
1231 2545 1288 2606 tibi
1311 2546 1479 2625 apparebit,

108 2633 172 2696 has
198 2631 398 2694 existimatae
418 2629 653 2714 inaequalitates
675 2632 854 2694 inferiorum·
871 2631 947 2694 nihil
969 2623 1051 2694 aliud
1075 2649 1161 2708 esse,
1185 2653 1273 2714 quarn
1309 2633 1502 2715 parallaxiu

71 2732 77 2744 ·
111 2742 152 2784 ex
166 2729 268 2797 motu,
293 2721 342 2782 rel
361 2739 486 2784 accessu
509 2729 542 2784 et
552 2739 675 2783 recessu
689 2722 803 2785 Terrae
825 2721 864 2782 ad
880 2722 983 2784 orbem
998 2721 1127 2784 Veneris
1149 2723 1300 2802 hacteuus
1320 2741 1379 2784 non
1402 2723 1481 2808 setis

111 2812 242 2892 cognito
268 2811 475 2873 resultantem.
520 2811 601 2873 Nam
629 2811 699 2892 qaia
730 2828 866 2892 apogaea
889 2811 973 2874 Solis
1004 2818 1036 2872 et
1057 2809 1189 2874 Veneris
1221 2812 1383 2892 conjuncta
1415 2813 1479 2874 sere

112 2910 191 2964 sunt
213 2901 344 2983 ideoque
359 2903 454 2963 Terra
469 2919 489 2961 a
503 2897 576 2964 Sole
593 2900 767 2981 longissime
781 2907 908 2975 remota,
933 2919 998 2964 cum
1018 2908 1142 2980 putetur
1156 2908 1220 2964 tam
1243 2903 1331 2982 longe
1354 2910 1481 2977 remota,

111 2999 268 3072 quantum
289 2989 427 3071 postulat
450 2987 533 3054 Solis
556 2989 696 3070 aequatio
719 2989 904 3053 maxima‘in
928 2989 1152 3064 eccentricitate
1176 2991 1315 3072 simplici,
1344 2991 1386 3053 eit
1407 3009 1482 3054 vero

112 3081 148 3142 in
172 3081 221 3142 rei
243 3078 376 3142 veritate
401 3077 527 3160 propior
548 3078 629 3153 Soli,
661 3077 785 3160 propior
814 3079 908 3141 etiam
937 3079 996 3140 erit
1017 3078 1083 3141 orbi
1106 3079 1237 3142 Veneris
1261 3080 1328 3143 Soli
1352 3081 1483 3144 circum·-

111 3171 237 3250 pos'do:
262 3169 367 3250 itaque
390 3166 522 3230 Venerei
545 3167 627 3232 orbis
649 3175 786 3231 cendum
808 3169 847 3231 ad
865 3169 996 3230 ¹Terram
1024 3167 1192 3232 accessisse
1222 3176 1254 3229 et
1281 3169 1313 3230 iu
1341 3169 1482 3249 opposito

111 3261 235 3322 Terrae
261 3258 324 3320 situ
345 3257 383 3320 ab
406 3270 447 3319 et
465 3256 631 3320 recessisse
659 3257 824 3338 putabitur.
870 3259 921 3320 lta
942 3258 1021 3339 quod
1050 3255 1132 3319 inest
1160 3257 1251 3338 globo
1274 3259 1386 3320 Terrae
1417 3255 1481 3331 (vel

113 3348 200 3423 Soli,
224 3347 277 3429 qni
292 3345 423 3408 Veneris
448 3346 550 3408 orbem
573 3352 676 3427 gestat
698 3347 861 3410 secundum
874 3345 1073 3428 Tychouem),
1096 3346 1128 3408 id
1151 3339 1361 3418 orbisVenaris
1379 3345 1482 3409 inesse

111 3445 274 3520 putatum¹
301 3436 484 3498 commanem
506 3435 618 3498 accidit
639 3436 808 3512 Mercurio,
838 3453 908 3498 nam
936 3435 1001 3517 ejus
1031 3448 1198 3517 apogaeum
1224 3435 1366 3517 perigaeo
1398 3435 1481 3500 Solis

112 3527 251 3608 propius
283 3532 346 3600 est,
380 3543 484 3606 quam,
500 3543 645 3606 apogaeo.
698 3526 796 3588 Pareo
825 3525 943 3601 verbis,
975 3543 1042 3587 cum
1071 3527 1120 3588 vel
1148 3525 1294 3590 hactenus
1322 3523 1484 3598 verborum

112 3617 249 3679 nimium
271 3631 383 3678 coram
398 3613 596 3694 sagacissimo
619 3613 739 3676 homine
763 3613 895 3678 fecerim.
935 3614 1012 3678 Cum
1029 3613 1122 3695 igitur
1137 3615 1193 3678 hoc
1208 3613 1252 3676 its
1267 3614 1379 3678 habeat
1401 3615 1483 3677 eirca

114 3706 297 3780 interiores,
321 3703 352 3767 iu
375 3720 485 3784 magua
506 3702 694 3766 dubitatione
717 3723 792 3779 snm,
816 3723 856 3766 an
877 3721 983 3766 rerum
998 3703 1039 3792 sit
1053 3703 1089 3765 de
1104 3703 1264 3779 Mercurio,
1287 3703 1368 3786 quod
1383 3704 1481 3784 gemi-

112 3815 193 3858 num
215 3795 395 3875 pcrigaeum
414 3793 528 3856 >lrabeat
550 3795 631 3856 circa
652 3793 790 3856 trientes
826 3793 873 3856 ‘Si
896 3792 1130 3874 schemaquale
1153 3792 1217 3855 dixi
1240 3793 1365 3872 leceris,
1382 3811 1481 3874 appa-

113 3885 202 3948 rebit
222 3881 457 3959 demonstratio,
480 3901 540 3966 qua
562 3883 585 3962 d
604 3883 636 3945 in
651 3883 748 3964 primo
763 3882 874 3950 triente
889 3881 927 3944 ab
943 3899 1086 3963 apogaeo
1097 3881 1241 3970 majorem
1261 3881 1479 3962 digressionem

114 3977 224 4038 lacere
248 3971 497 4054 deprehenditur,
530 3991 620 4054 quam
651 3971 683 4034 in
713 3971 871 4052 porigam,
903 3968 934 4034 iu
957 3971 1053 4034 altero
1076 3990 1149 4052 uero
1180 3970 1290 4033 triente
1322 3971 1483 4060 minorem,-

113 4067 213 4128 eune
237 4063 270 4126 in
292 4061 348 4124 illo
371 4061 468 4126 altero
492 4081 552 4123 non
574 4061 610 4126 lit
631 4060 811 4142 conspicuus
834 4068 889 4124 aut
910 4061 973 4123 non
993 4067 1116 4123 exstant
1131 4060 1235 4126 forsan
1257 4061 1288 4123 iu
1304 4061 1484 4148 Ptolemaeo

115 4155 250 4218 alterins
272 4150 395 4216 mieutir
418 4149 660 4228 observationes;
684 4169 760 4232 quae
779 4151 872 4213 iacile
894 4151 1068 4231 perquires,
1101 4168 1158 4230 ego
1182 4149 1247 4230 jam
1270 4149 1356 4211 libris
1380 4165 1477 4210 careo.

115 4243 248 4308 Memini
270 4249 385 4314 tamen,
407 4241 618 4304 Ptolemaeum
636 4239 705 4320 ino
723 4257 762 4301 ex
777 4238 893 4302 ‹hrabue
911 4238 1173 4316 observationibus
1191 4240 1280 4319 louge
1302 4236 1479 4300 distantium
1593 4281 1596 4288 ,

117 4349 268 4399 annornm
291 4349 384 4394 unam
407 4330 478 4392 anui
500 4329 669 4412 intermedii
685 4329 857 4404 effluxisse,
889 4347 948 4411 qua
975 4329 1128 4391 commode
1150 4335 1293 4391 uteretur.
1302 4323 1334 4402 ‘J'
1372 4329 1480 4406 Itaque

117 4425 190 4488 mihi
213 4439 326 4506 parum
348 4427 452 4482 metuo
474 4439 495 4480 a
515 4419 690 4482 Ptolemaeo
712 4419 744 4480 in
766 4419 825 4482 hoc
845 4417 977 4499 negotio.
1023 4418 1130 4494 Adde,
1154 4417 1233 4500 quod
1255 4433 1396 4495 maguum
1418 4414 1478 4475 ali-

120 4513 190 4597 quid
212 4514 307 4577 infert
329 4508 492 4574 inclinatio
514 4507 596 4590 pleni
614 4507 805 4574 Mercurialis
823 4507 1004 4588 adplenum
1026 4506 1193 4587 eclipticae,
1217 4524 1305 4586 quam
1327 4503 1359 4565 in
1382 4503 1483 4568 foma

121 4602 332 4686 hypothesium
357 4595 521 4679 Ceperuici
542 4594 644 4662 iuveni
665 4597 810 4678 maiorem
831 4596 955 4672 Lucan,
980 4607 1023 4659 ec.
1047 4591 1086 4659 7⁰
1106 4585 1162 4660 le
1184 4615 1221 4670 c,
1244 4591 1382 4674 quamvis
1405 4583 1481 4654 leiti-e

120 4695 188 4758 mdo
209 4695 280 4759 vin
300 4705 466 4770 nquam
488 4691 574 4748 tanta
593 4687 657 4748 liat
702 4687 808 4769 Itaque
841 4686 868 4749 si
889 4681 951 4750 45⁰
972 4705 992 4747 a
1013 4685 1092 4747 nodo
1118 4685 1150 4748 in
1181 4684 1310 4746 alterum
1338 4681 1484 4744 trientem

120 4784 156 4848 ab
174 4801 315 4870 apogaeo
337 4774 475 4848 incidit,
508 4771 558 4836 ἰδ’
580 4775 731 4837 alteratur¹
754 4783 896 4857 punctum
927 4773 1083 4855 eclipticae
1112 4771 1299 4855 respondeus
1328 4780 1480 4852 apuncto

119 4875 192 4944 orbi,
212 4866 440 4943 uaoeialia,
462 4862 551 4927 lineis
572 4881 610 4926 ex
625 4863 698 4930 Sole
720 4865 848 4940 eductis,
870 4883 946 4946 qnae
969 4861 1156 4926 differentiae
1178 4859 1292 4946 aliquid
1313 4861 1425 4926 inferre
1438 4867 1481 4926 et
