3680 5538
643 295 704 346 Parc
723 294 827 358 Quarta
864 292 945 360 Caput
961 293 1025 346 ur.

705 564 824 663 Caput
859 561 958 638 LIX.

157 727 413 802 Demonstratio,
437 725 520 806 quod
542 725 645 788 orbita
667 724 794 798 Martie,
818 721 929 788 librati
949 725 984 788 in
1007 725 1160 788 diametro
1184 721 1329 806 epicycli‚
1350 725 1408 802 piat
1427 743 1502 804 per-

158 819 243 888 fecta
265 815 403 901 ellipsis:
426 823 458 879 et
476 814 560 897 quod
583 835 660 878 crea
683 812 796 876 circuli
817 814 964 876 medetur
986 834 1141 878 summam
1163 813 1388 877 distantiarum
1410 811 1523 897 ellip-'

536 904 618 968 ticae
641 903 911 988 circumferentiae
928 906 1127 988 punitorum.

673 1043 993 1108 Prothecremata.

248 1170 274 1231 I.
320 1169 355 1234 Si
377 1169 457 1236 intra
479 1169 620 1232 circulum
643 1169 830 1232 describatur
852 1169 985 1250 ellipsis,
1017 1159 1145 1249 tangens
1175 1165 1338 1232 verticibus
1362 1169 1504 1234 circulum

159 1263 191 1324 in
213 1258 333 1340 punctis
357 1259 513 1340 oppositis,
538 1266 569 1321 et
590 1277 644 1340 per
662 1266 795 1320 centrum
814 1265 845 1322 et
866 1267 978 1340 puncta
991 1267 1182 1322 contactuum
1205 1259 1330 1321 ducatur
1349 1259 1502 1336 diameter,
1597 1255 1604 1268 '

159 1349 267 1412 deinde
299 1368 318 1409 a
346 1349 466 1428 punctis
499 1348 567 1412 aliis
597 1348 851 1410 circumferentiae
875 1348 979 1412 circuli
1007 1349 1153 1410 ducantur
1181 1347 1443 1428 perpendiculares
1475 1350 1506 1412 in

159 1441 238 1502 hanc
260 1437 452 1500 diametrum:
477 1457 531 1500 eae
555 1457 656 1500 omnes
672 1458 690 1500 a
704 1435 1104 1518 circumferentiaellipseos
1129 1437 1310 1500 secabuntur
1332 1436 1362 1499 in
1382 1439 1506 1502 eandem

159 1526 391 1609 proportionem.

248 1615 305 1680 Ea
334 1615 416 1680 libro
437 1616 467 1680 1.
499 1611 701 1698 Apollonii
733 1615 959 1680 danicorum
991 1636 1067 1699 pap.
1091 1613 1144 1678 21.
1178 1614 1370 1680 demorrstrat
1403 1614 1507 1680 Corn-

160 1705 367 1770 mundinae
388 1707 423 1770 in
446 1705 668 1768 commentario
690 1725 786 1787 cuper
814 1705 849 1769 V.
875 1705 1114 1788 Sphaeroideon
1135 1703 1346 1768 Archimedis.

249 1793 302 1858 Sit
324 1796 407 1860 enim
429 1793 568 1858 circulus
589 1790 690 1867 ΑΕΟ,
713 1797 750 1858 in
771 1815 805 1856 eo
828 1792 949 1878 ellipsis
970 1793 1055 1858 ABG
1214 1845 1243 1894 ri
1288 1841 1339 1895 ΗΘ

158 1895 289 1968 tenpene
318 1883 471 1948 cire-ndum
492 1886 527 1947 in
548 1883 588 1958 A,
613 1879 648 1956 O,
679 1891 708 1947 et
737 1885 873 1948 ducatur
904 1884 1057 1948 diameter
1243 1859 1267 1912 κ’
1341 1882 1347 1895 ’

154 1997 217 2060 per
237 1973 278 2049 A,
303 1971 466 2057 Cpuncta
494 1979 691 2038 contactuum
720 1982 749 2036 et
772 1993 833 2054 per
854 1973 884 2034 Η
907 1982 1053 2040 centrum
1130 1949 1151 2010 P
1282 2045 1291 2053 ,

158 2064 292 2128 Deinde
314 2081 354 2126 en
369 2065 498 2147 punctio
524 2064 792 2146 circumferentiae
813 2063 853 2138 K,
875 2061 902 2124 Ε
925 2063 1054 2127 descen
1180 2067 1184 2090 '

158 2154 240 2216 daret
267 2151 546 2236 perpendiculares
576 2151 647 2228 KL,
670 2151 737 2227 ΕΗ,
768 2160 870 2216 aeetae
897 2154 933 2216 in
962 2154 1003 2226 M,
1027 2155 1054 2216 B

159 2263 181 2304 a
204 2243 458 2325 eirmmsacntia
488 2240 641 2322 ellipseos.
686 2242 764 2306 Erit
791 2249 826 2304 ut
847 2241 904 2304 BH
930 2243 975 2304 ad
997 2241 1054 2305 ΗΕ
1137 2308 1139 2319 ,

158 2333 206 2396 cic
219 2331 282 2394 ML
296 2331 341 2394 ad
354 2330 421 2406 LK,
445 2339 475 2394 et
486 2333 534 2394 aie
549 2351 653 2394 omnes
667 2329 753 2396 aliae
765 2328 1053 2414 perpendiculares.

247 2421 288 2483 11.
333 2421 417 2483 Area
456 2419 569 2501 ellipsis
597 2420 641 2482 sic
675 2419 836 2500 inscriptae
869 2420 979 2483 circulo
1016 2420 1055 2482 ad
1096 2452 1118 2504 1
1164 2462 1168 2496 ;

1305 2466 1318 2501 r:

159 2529 262 2574 aream
294 2508 397 2572 circuli
672 2509 678 2523 '
930 2557 938 2583 ‚
1133 2506 1151 2527 “
1343 2564 1347 2569 κ

159 2600 259 2662 dictae
283 2597 390 2660 lineae.
1123 2661 1127 2678 ,
1153 2505 1303 2679 Q
1330 2654 1332 2661 .

253 2688 294 2752 Ut
316 2689 399 2752 eadm
412 2687 468 2750 BH
491 2687 537 2750 ad
550 2685 616 2760 HE,
639 2685 686 2750 eie
708 2705 786 2750 arec
808 2685 953 2771 ellipeeoa
971 2685 1056 2752 ABG

160 2779 205 2842 ad
227 2797 337 2840 aream
355 2775 468 2842 circuli
480 2773 574 2840 Aac.
605 2775 666 2857 aa
688 2779 801 2860 quinta
819 2776 1058 2861 Spiaeroideon

158 2867 416 2932 Archimedis.
1101 2845 1244 2907 sum*
1371 2861 1479 2874 .......

247 2956 303 3018 111.
348 2955 423 3018 Sia
445 2961 528 3016 certo
550 2959 660 3033 puncto
683 2953 822 3017 diametri
845 2955 1007 3017 educantur
1030 2957 1128 3029 lineae
1150 2970 1180 3030 in
1205 2973 1355 3035 sectiones
1369 2972 1503 3052 ejusdem

158 3044 415 3128 perpendicularis
439 3063 505 3106 cum
519 3041 623 3104 circuli
643 3051 674 3105 et
696 3042 838 3123 ellipseos
861 3043 1109 3131 circumferentia,
1133 3060 1233 3139 spatia
1255 3062 1349 3123 abiis
1372 3062 1504 3124 rescissa

158 3155 276 3199 rursum
299 3141 387 3196 erunt
408 3133 439 3196 in
461 3131 652 3216 proportione
675 3141 776 3196 sectae
798 3131 1063 3214 perpendicularis.

248 3223 342 3290 san
359 3231 511 3307 punctum
533 3221 691 3298 diametri,
706 3231 736 3286 et
750 3221 840 3282 KML
856 3225 1155 3308 perpendendam·
1176 3243 1397 3302 concoctarum·
1410 3238 1441 3300 ei

157 3315 198 3390 K,
221 3315 257 3376 M
279 3333 350 3376 nem
370 3311 409 3376 N.
454 3313 557 3386 Dico,
580 3319 617 3375 ut
638 3312 700 3374 ML
722 3312 767 3376 ad
789 3311 846 3384 LK
876 3333 933 3375 eeu
961 3309 1035 3397 (per
1055 3317 1104 3398 I.)
1485 3365 1502 3378 .

158 3404 312 3468 diameter
334 3401 454 3466 breuior
476 3401 521 3464 ad
542 3397 722 3484 temptarem,
745 3401 792 3464 eie
815 3421 881 3463 eree
903 3421 1012 3468 aream
1033 3409 1098 3472 AM
1143 3412 1188 3474 ad
1202 3413 1300 3489 ΜΝ,
1336 3417 1399 3480 Eat
1421 3419 1503 3480 enim

157 3491 251 3557 AML
273 3512 351 3556 area
373 3491 418 3554 ad
441 3490 527 3552 AKL
549 3510 658 3554 aream
684 3499 720 3555 ut
742 3490 802 3552 ML
824 3491 869 3554 ad
890 3489 958 3566 LK,
983 3516 1043 3576 per
1065 3509 1209 3580 'munuc
1235 3505 1436 3570 Arelinudr'a
1458 3507 1502 3570 ad

154 3604 206 3667 pr.
237 3579 272 3644 V.
311 3580 557 3663 Spiaeroideon,
581 3600 660 3661 qum
680 3579 927 3644 Oommandr'nue
948 3585 983 3646 in
1005 3591 1235 3656 commentariis
1256 3593 1301 3656 od
1322 3597 1403 3658 hone
1422 3616 1502 3676 pro·

153 3671 343 3756 positionem
373 3669 475 3734 literis
504 3667 543 3743 C,
567 3669 596 3730 D
628 3670 828 3734 denunstrat.
877 3669 1124 3756 liinripulorum
1151 3701 1221 3744 uero
1248 3684 1501 3766 rectanpulorum

156 3759 258 3836 NLM,
281 3760 370 3822 NLK
392 3758 528 3824 altitudo
550 3759 608 3820 NL
629 3768 674 3822 eet
695 3758 813 3832 eadern,
837 3767 866 3822 et
887 3761 977 3826 bases
991 3765 1059 3840 LM,
1075 3767 1132 3830 LK
1139 3788 1149 3842 ;
1171 3772 1271 3853 ipitrrr
1293 3781 1322 3837 et
1343 3773 1501 3838 MLNad

155 3849 244 3912 KLN
267 3855 315 3912 ur
333 3856 370 3914 ut
391 3849 452 3911 ML
474 3848 519 3911 ad
540 3847 606 3909 LK.
642 3847 721 3910 Per
747 3851 997 3931 compositionem
1025 3857 1123 3936 taur
1148 3867 1216 3923 tota
1242 3883 1321 3926 area
1343 3862 1435 3925 ΛΜΝ
1457 3863 1502 3926 ad

155 3945 256 4003 totam
278 3937 368 4000 ΑΚΝ
389 3945 435 4000 eet
456 3944 491 4000 ut
512 3936 574 3998 ML
596 3938 641 4000 ad
662 3936 729 3999 LK.
779 3938 872 4019 Quod
893 3948 962 4004 erat
983 3943 1270 4014 denwnetrandmn.

247 4027 302 4090 IV.
350 4025 470 4090 Circulo
501 4045 555 4107 per
585 4025 755 4106 hujusmodi
785 4029 1046 4110 perpendiculares
1080 4045 1265 4122 quotcunque
1296 4040 1327 4102 in
1359 4039 1500 4120 aequales
1542 4101 1546 4110 ,

157 4135 247 4180 arcus
262 4114 371 4191 diviso,
394 4115 510 4197 ellipsis
533 4116 563 4177 in
581 4134 668 4178 arcus
684 4117 856 4198 inaequales
870 4118 1028 4197 dividitur;
1053 4131 1083 4186 et
1105 4127 1154 4207 qui
1177 4137 1247 4192 sunt
1261 4129 1337 4212 apud
1361 4129 1500 4205 vertices,

156 4206 291 4270 maxima
312 4213 435 4268 utuntur
456 4204 666 4287 proportione;
690 4205 740 4288 qui
762 4205 837 4269 locis
860 4207 977 4286 mediis,
1000 4212 1131 4276 minima

246 4295 333 4358 Nom
355 4297 442 4359 circa
467 4296 596 4359 vertices
621 4315 755 4360 arcumn
782 4299 945 4380 proportio
967 4305 1120 4384 promeae
1140 4313 1187 4368 ert
1209 4308 1410 4390 proportioni
1431 4326 1499 4370 eec-

157 4393 263 4450 unca
294 4381 627 4468 perpendiculariter,
662 4385 776 4469 quina
806 4405 872 4450 aere
894 4391 1040 4471 proairne
1061 4395 1295 4458 accommodant
1332 4396 1502 4458 secundum

157 4473 401 4558 lonpitndr'nem,
428 4476 533 4538 aanor
553 4481 665 4538 temera.
706 4474 802 4538 Oirca
823 4473 907 4540 loom
929 4479 1049 4544 nudior
1064 4485 1212 4566 proniore
1225 4483 1312 4566 fiunt
1333 4483 1502 4564 aequales:

156 4567 262 4628 aanor
283 4571 388 4630 tamar
409 4585 504 4628 arnor
525 4559 690 4649 ellrpticrm
714 4566 792 4647 quia
812 4567 917 4632 adnue
938 4577 1083 4635 mance
1099 4591 1195 4655 φιιιιι
1217 4571 1393 4636 circularis.
1433 4575 1502 4638 Per

157 4675 193 4718 ee
208 4661 308 4738 patet.

253 4743 290 4806 V.
338 4743 417 4804 Tota
446 4741 581 4823 elliptica
612 4741 850 4805 cncumlerentia
882 4752 929 4807 est
958 4747 1092 4828 proxime
1122 4749 1251 4810 medium
1284 4748 1503 4818 arithmeticum

164 4833 243 4896 inter
266 4831 410 4896 circulum
433 4832 570 4896 diametri
592 4832 737 4914 longioris
759 4840 791 4898 ct
812 4831 953 4907 circulum
975 4836 1114 4900 diametri
1135 4837 1291 4900 brevioris.

241 4935 330 4988 ιψιαι
343 4935 420 4986 cmm
441 4937 477 4980 ιιι.
1258 4939 1293 4994 26
