3606 5562
316 321 384 394 670
755 260 760 272 ‘
915 317 956 376 De
977 313 1057 378 huna

316 525 375 587 qua
396 504 588 568 Ptolemaeus
612 510 659 566 est
681 524 761 578 usus,
786 503 1020 568 demonstranda
1043 504 1108 583 ejus
1132 503 1181 564 vel
1204 501 1336 583 pericula
1359 502 1407 564 vel
1431 501 1595 583 dispendia
1617 505 1672 566 vel

315 613 451 658 errores:
477 593 684 674 subjungenda
708 612 821 655 summa
844 594 987 667 methodi,
1013 612 1101 674 quam
1123 611 1178 654 noe
1202 609 1368 672 sequemur.

402 683 567 764 Postquam
589 683 781 746 Ptolemaeus
803 682 854 744 lib.
870 684 894 744 l.
918 693 949 744 et
971 684 1011 746 Π.
1036 683 1161 762 primurn
1185 675 1305 759 motum,
1331 680 1383 744 lib.
1408 681 1464 743 111.
1489 690 1605 744 motum
1624 679 1669 760 Θ

314 773 567 849 demonstrasset,
600 791 724 854 quorum
753 771 884 852 cognitio
914 773 1003 852 plane
1035 769 1256 852 praemittenda
1283 769 1357 843 huit,
1382 769 1432 831 lib.
1458 770 1514 847 IV,
1542 773 1581 846 V,
1608 773 1668 836 Vl.

315 863 375 941 jam
400 864 536 926 Lunares
559 873 658 924 motus
682 861 843 941 subjungit,
868 869 900 922 et
923 861 975 924 lib.
1000 861 1056 923 IV.
1081 859 1207 940 primum
1237 859 1358 941 inquirit
1380 867 1480 922 motus
1508 861 1668 941 aequales,

314 952 536 1031 comparatione
560 950 1098 1032 antiquissimarum,observationum
1120 969 1186 1011 cum
1206 948 1278 1010 suis.
1316 948 1455 1015 Secundo
1480 950 1668 1012 anomaliam

314 1041 340 1112 J>
366 1040 508 1120 primam,
541 1039 744 1120 suppositione
768 1059 838 1100 usus
871 1039 997 1120 epicycli
1025 1039 1055 1101 in
1079 1037 1284 1123 concentrico,
1317 1037 1514 1100 demonstrat.
1563 1036 1667 1109 Quam

314 1129 352 1191 ad
366 1149 430 1192 rem
444 1148 519 1209 opus
537 1128 595 1209 ipsi
613 1127 668 1189 luit
683 1126 852 1208 cognition'e
868 1127 1038 1209 aequalium
1056 1135 1187 1190 motuum
1211 1127 1387 1207 praemissa,
1413 1127 1667 1206 quemadmodum

315 1218 465 1280 anomalia
487 1219 563 1279 haec
582 1217 620 1278 ad
639 1225 812 1298 sequentem
835 1217 1097 1297 investigationem
1120 1215 1300 1278 vertentium
1325 1216 1544 1279 noviluniornm
1571 1217 1667 1297 plane

314 1307 486 1370 necessaria
508 1313 565 1368 est.
608 1304 817 1372 Rursumoon
842 1306 983 1369 deliciunt
1005 1299 1118 1367 lumina
1139 1305 1171 1367 in
1194 1305 1272 1366 omni
1297 1304 1375 1366 coitu
1399 1305 1448 1366 vel
1472 1305 1693 1386 oppositione·

313 1403 467 1471 vertente,
500 1396 553 1456 sed
576 1403 697 1456 tuentur
720 1403 832 1457 certum
855 1396 976 1467 orbem,
1010 1413 1067 1475 quo
1099 1393 1278 1456 circumacto
1311 1393 1414 1455 eodem
1447 1395 1666 1474 propemodum

128 1538 131 1550 .
211 1489 212 1492 ’
314 1483 417 1548 ordine
449 1485 584 1560 redeunt.
629 1484 703 1564 Ejus
733 1483 812 1546 orbis
842 1483 1038 1564 investigatio
1071 1484 1176 1544 eadem
1200 1489 1247 1544 est
1270 1501 1336 1544 curn
1368 1491 1451 1545 motu
1481 1483 1663 1546 latitudinis.

314 1575 399 1636 Hunc
418 1592 490 1654 ergo
506 1574 558 1634 lat.
573 1579 684 1634 motum
698 1573 890 1636 Ptolemaeus
911 1575 960 1636 via
978 1573 1094 1635 directa
1108 1573 1190 1653 prius
1212 1571 1461 1653 investigaverat,
1487 1591 1524 1634 ea
1544 1591 1663 1654 nempe,

314 1682 401 1744 quam
426 1673 457 1725 et
480 1661 668 1742 Hipparchus
690 1661 828 1743 praeivit.
861 1663 969 1744 ,Cujus
994 1661 1155 1742 explicatio
1179 1661 1237 1723 etsi
1261 1679 1319 1722 uon
1342 1669 1408 1722 tota
1431 1661 1461 1723 in
1484 1662 1664 1724 Ptolemaeo

313 1759 425 1825 exstat,
450 1771 542 1814 ausus
565 1760 665 1813 minen
689 1770 754 1814 sum
777 1770 843 1813 earn
867 1753 973 1827 exiis,
998 1769 1074 1832 quae
1098 1768 1153 1830 ego
1178 1759 1333 1812 secuturus
1357 1769 1434 1824 sum,
1463 1751 1664 1830 problematis

313 1841 471 1920 conjicere,
495 1841 573 1920 quod
597 1839 668 1902 talis
692 1838 789 1902 luerit.
827 1841 916 1904 Initio
931 1841 1034 1903 Lunae
1058 1839 1216 1902 dimetiens
1240 1838 1415 1920 capiebatur
1436 1859 1490 1920 per
1509 1840 1663 1920 dioptrnn,

313 1936 455 2010 quotnam
478 1941 561 1991 esset
588 1930 802 2008 scrupulomm.
849 1932 914 1993 Hoc
941 1929 1057 1990 initium
1079 1936 1112 1990 et
1134 1928 1237 1990 'l‘heon
1262 1929 1292 1990 in
1315 1926 1547 1992 Commentariis
1570 1949 1664 2010 super

312 2020 370 2102 hoc
402 2026 494 2100 caput
525 2018 610 2099 nobis
643 2024 801 2080 monstrat.
846 2019 963 2081 Deinde
982 2037 1025 2079 ex
1053 2025 1123 2080 ante
1153 2017 1367 2080 demonstratis
1396 2018 1533 2080 horarius
1555 2019 1662 2080 Lunae

313 2107 517 2188 inquirebatur
540 2109 579 2170 ad
602 2107 785 2188 propositum
815 2114 933 2190 tempus
962 2106 1119 2188 eclipseos.
1166 2103 1308 2186 Sequitur
1338 2115 1438 2170 autem
1461 2107 1599 2170 horarius
1623 2127 1663 2168 ex

313 2197 476 2279 hypothesi
498 2195 744 2278 inaequalitatem
769 2196 1001 2260 demonstrante.

400 2287 471 2349 Jam
494 2293 581 2348 erant
603 2285 633 2346 in
656 2293 773 2366 promtu
795 2283 907 2348 multae
935 2285 1064 2366 eclipses
1088 2284 1222 2346 Lunares
1246 2303 1312 2346 cum
1335 2305 1434 2359 mura,
1454 2285 1661 2366 eligebantur,

313 2393 389 2456 quae
413 2374 581 2437 diutissime
604 2374 796 2436 duraverant.
842 2375 890 2437 Ex
912 2382 1046 2454 ternpore
1070 2390 1141 2453 ergo
1165 2373 1347 2449 durationis,
1378 2381 1460 2438 motu
1483 2373 1605 2438 horario
1628 2383 1663 2436 et

314 2461 462 2526 diametro
477 2465 516 2537 3³,
540 2463 589 2524 vel
608 2461 700 2524 etiam
714 2462 778 2526 sine
797 2463 902 2526 horum
917 2464 1074 2534 alterutro,
1098 2461 1314 2542 colligebantur
1328 2464 1538 2546 proportiones
1562 2463 1662 2526 dime-

313 2550 452 2612 tientiurn
474 2551 578 2613 Lunae
602 2557 633 2611 et
654 2551 784 2614 umbrae.
831 2553 879 2615 Ac
912 2551 1034 2631 cognita
1055 2549 1160 2613 Lunae
1191 2551 1366 2614 dimetiente
1397 2555 1429 2617 in
1456 2553 1601 2634 gradibus
1629 2561 1661 2614 et

313 2639 471 2720 scrupulis,
495 2640 734 2718 cognoscebatur
756 2649 787 2702 et
809 2640 967 2703 dimetiens
989 2640 1112 2702 umbrae
1136 2641 1165 2703 in
1190 2642 1293 2704 eadem
1317 2661 1466 2706 mensura.
1658 2718 1662 2726 Ι

400 2729 451 2790 Ad
473 2729 548 2789 haec
571 2727 610 2789 ab
632 2727 804 2808 Hipparcho
828 2731 1037 2792 demonstrata
1050 2729 1242 2798 Ptolemaeus
1264 2731 1402 2810 adjunxit
1424 2731 1577 2811 angulum,
1601 2750 1659 2812 quo

312 2817 416 2880 Lunae
440 2816 521 2880 orbis
544 2817 583 2878 ad
606 2809 776 2898 eclipticam
803 2819 979 2892 inclinatur,
1004 2817 1039 2879 de
1064 2839 1122 2901 quo
1146 2839 1216 2881 mos
1243 2821 1386 2884 dicemus.
1432 2823 1516 2884 Haec
1540 2820 1660 2901 siquis

313 2906 352 2968 ad
373 2906 498 2970 duarum
519 2907 675 2988 eclipsium
698 2909 872 2987 partialium
893 2907 1166 2970 considerationem
1189 2909 1308 2984 afferat,
1334 2911 1485 2986 inveniet,
1515 2919 1660 2990 quantum

313 3003 437 3078 utraque
461 3018 480 3057 a
501 2995 601 3058 vicina
624 2995 837 3059 intersectione
861 2997 976 3060 orbium
1004 2996 1165 3072 distiterit,
1199 3017 1234 3060 ac
1257 2996 1381 3078 proinde
1404 3007 1534 3082 quantus
1558 3006 1660 3060 motus

220 3109 224 3119 ·
313 3083 482 3149 latitudinis
506 3085 632 3166 tempori
655 3085 734 3147 inter
756 3087 886 3168 eclipses
910 3085 1069 3166 interiecto
1093 3087 1248 3150 deb'eatur.

1140 3174 1189 3238 Sit
1210 3179 1240 3238 A
1271 3185 1406 3240 centrum
1437 3176 1560 3239 umbrae
1592 3175 1659 3251 ΒΟ,

1052 3265 1111 3328 An
1134 3265 1283 3344 ecliptica,
1307 3285 1394 3348 quam
1415 3274 1499 3330 senet
1518 3264 1592 3330 in'D
1609 3267 1661 3328 via

1049 3355 1154 3417 Lunae
1184 3353 1240 3416 DE
1270 3356 1326 3418 suh
1358 3364 1441 3419 certo
1474 3364 1506 3418 et
1534 3355 1658 3436 cognito

1051 3444 1161 3523 angulo
1187 3443 1284 3509 ΕΒΑ.
1330 3445 1373 3508 Et
1404 3465 1442 3507 ex
1463 3446 1493 3508 A
1524 3463 1655 3527 perpen-

1051 3533 1193 3595 dicularis
1216 3534 1247 3597 in
1268 3534 1326 3598 DE
1349 3536 1490 3610 ducatur,
1515 3553 1593 3616 quae
1617 3537 1658 3596 sit

1050 3622 1117 3684 ΑΕ.
1170 3621 1303 3706 Cumque
1336 3624 1466 3687 omnium
1498 3644 1535 3687 ex
1567 3625 1598 3687 A
1629 3625 1658 3685 in

1050 3711 1106 3773 DE
1128 3710 1307 3786 brevissima
1325 3715 1367 3776 sit
1380 3713 1448 3788 ΑΕ,
1471 3722 1615 3797 punctum
1631 3711 1657 3773 E

1052 3800 1143 3863 situm
1166 3804 1306 3864 ostendet
1328 3802 1431 3865 Lunae
1454 3802 1485 3866 in
1509 3803 1657 3870 ohscura-

1050 3887 1131 3951 tione
1155 3891 1293 3966 maxima,
1319 3911 1393 3972 quae
1418 3901 1466 3955 est
1487 3894 1570 3956 circa
1592 3913 1657 3955 me-

1051 3977 1132 4052 diam
1153 3980 1350 4045 durationem.
1379 3981 1536 4046 Scribatur
1553 3991 1656 4045 centm

1050 4067 1095 4142 Ε,
1132 4068 1280 4134 distantia
1314 4071 1386 4147 EF,
1430 4092 1505 4154 qnae
1543 4080 1657 4136 certam

932 4163 936 4172 ’
1050 4157 1161 4221 habeat
1190 4161 1410 4242 proportionem
1441 4162 1481 4224 ad
1513 4161 1570 4224 AB
1603 4165 1657 4236 (ex

1050 4247 1214 4328 Hipparchi
1239 4249 1398 4312 traditione
1427 4245 1459 4336 Ἶ,
1488 4251 1570 4332 ejus)
1594 4252 1657 4314 cir-

311 4330 396 4396 culus
419 4329 525 4394 Lunae
545 4327 611 4406 PG,
636 4351 743 4394 secans
767 4333 908 4396 circulum
933 4335 1065 4408 umbrae,
1089 4347 1125 4398 ut
1147 4338 1269 4419 eclipsis
1291 4340 1345 4401 fiat
1366 4340 1515 4419 partialis,
1539 4341 1655 4421 produ·

309 4427 397 4484 catur
418 4417 475 4482 ΔΕ
498 4419 527 4480 in
552 4417 592 4493 G,
616 4439 723 4484 secans
746 4421 887 4486 circulum
912 4425 1033 4487 umbrae
1056 4423 1085 4485 in
1109 4425 1136 4487 B
1144 4445 1153 4500 ;
1178 4435 1209 4489 et
1233 4427 1274 4490 sit
1296 4429 1433 4510 cognitus
1456 4429 1593 4492 deiectus
1619 4447 1656 4492 ea

309 4507 522 4570 observatione
554 4509 583 4570 in
614 4510 733 4591 digitis,
769 4511 798 4574 h.
823 4532 849 4574 e.
874 4513 1055 4578 duodecimis
1086 4517 1223 4594 partibus
1256 4517 1395 4580 diametri
1418 4519 1541 4594 Lunae,
1574 4527 1607 4580 nt
1630 4519 1655 4580 si

308 4595 369 4660 BG
400 4615 471 4678 pars
502 4597 624 4660 residua
653 4599 690 4660 de
723 4593 869 4662 dianietro
893 4601 996 4664 Lunae
1027 4604 1068 4666 sit
1091 4601 1112 4665 2
1134 4605 1304 4686 digitorum.
1352 4606 1428 4670 Cum
1459 4625 1532 4687 ergo
1567 4608 1656 4670 detur

309 4686 465 4766 proportio
487 4683 546 4746 EG
569 4687 608 4748 ad
632 4685 688 4749 ΘΒ
712 4697 744 4750 et
765 4689 917 4751 residuam
940 4692 1008 4767 ΒΕ,
1038 4695 1189 4773 proportio
1213 4695 1284 4758 item
1305 4695 1365 4758 EG
1388 4699 1427 4759 ad
1442 4698 1498 4760 AB
1523 4697 1653 4768 dabitur,

310 4782 351 4836 et.
365 4773 519 4855 proportio
541 4775 595 4837 BE
619 4777 659 4838 ad
682 4777 738 4839 AB
770 4786 802 4840 et
823 4778 974 4842 residuam
1001 4781 1075 4856 ΕΑ,
1105 4801 1181 4862 quae
1205 4793 1254 4848 est
1275 4786 1370 4847 centri
1392 4789 1419 4858 h
1445 4786 1593 4877 distqntis
1616 4785 1654 4846 ab

986 3853 1007 3894 Ι

310 4861 461 4942 ecliptica.
499 4860 561 4924 Sed
583 4867 737 4946 proportio
753 4865 813 4930 EG
835 4867 874 4930 ad
892 4863 975 4932 360⁰
996 4871 1085 4934 datur
1104 4890 1143 4933 ex
1158 4873 1366 4938 observatione
1390 4877 1538 4956 dioptrae,
1562 4893 1654 4957 quare
