3678 5532
659 267 722 364 rm
741 309 840 373 0000
871 309 952 376 emsa
967 309 1054 364 nrm.
1222 283 1229 294 '
1461 305 1525 382 430

183 487 372 552 autumnali?
399 489 468 551 cum
500 487 654 568 ingressus
677 486 760 550 Solis
781 489 812 551 iu
837 487 984 552 Cancrum
1007 489 1190 554 insensibilis
1213 492 1302 573 plane
1326 493 1375 556 010.
1420 493 1524 576 Neque

184 597 258 642 sane
287 579 462 658 persuaderi
494 597 633 658 possum,
662 579 866 658 Hipparchum
897 587 927 641 et
949 580 1156 642 Ptolemaeum
1181 582 1212 642 in
1241 583 1337 664 ipsum
1365 582 1453 661 hujus
1475 585 1524 646 in-

181 686 305 747 gressus
328 673 510 730 momentum
532 667 710 747 respexisse,
734 668 880 758 neglectis
902 669 1020 746 punctis
1044 669 1240 731 intermediis.
1279 670 1377 734 Credo
1395 671 1521 749 facilius,
1544 693 1549 706 ·

181 757 303 820 sedulos
327 756 421 818 fuisse
443 776 497 837 per
519 764 616 818 totam
639 765 786 818 aestatem
810 759 840 818 in
854 759 993 820 notandis
1012 757 1093 822 80110
1109 759 1367 834 declinationibus,
1391 780 1524 841 semper-

182 864 239 929 que
263 845 338 908 duas
354 845 503 926 aequales,
530 865 566 906 ex
582 854 706 926 utroque
723 847 816 908 latere
841 846 975 922 solstitii,
1000 867 1190 928 comparasse
1208 848 1343 925 invicem,
1368 857 1522 930 ettempns

181 936 262 998 inter
285 935 452 1016 aequalium
477 935 883 998 declinationummomenta
904 937 1111 1000 intermedium
1133 957 1187 1017 pro
1203 956 1273 1000 vero
1289 939 1427 1018 ingressu
1440 939 1522 1003 Solis

180 1025 212 1087 in
237 1023 384 1088 Cancrum
416 1025 575 1098 sumsisse,
603 1043 661 1104 quo
689 1032 794 1106 pacto,
822 1025 848 1087 01
877 1026 985 1088 0101010
1008 1026 1139 1089 001001οἰ0
1162 1027 1237 1088 10010
1260 1029 1443 1108 comparatio
1467 1029 1523 1092 init

182 1113 334 1187 instituta,
357 1132 462 1193 pamm
486 1113 604 1194 quidem
628 1115 748 1190 erroris,
772 1123 888 1176 tantum
902 1107 1010 1178 'tamen
1034 1117 1179 1178 committi
1198 1117 1305 1196 potuit,
1330 1125 1458 1199 quantus
1475 1125 1523 1180 000

182 1202 268 1266 00100
292 1201 351 1264 diei
374 1203 543 1283 quadrans,
566 1203 597 1264 in
620 1222 677 1284 qno
701 1204 812 1265 abeunt
837 1201 888 1267 15‘
912 1205 948 1266 de
972 1213 1055 1267 motu
1077 1204 1169 1268 Solis.
1215 1205 1310 1285 Igitur
1332 1206 1390 1268 0001
1413 1207 1522 1269 certis-

181 1293 257 1355 sima
279 1300 382 1354 essent
404 1291 603 1372 aequinoctia,
627 1299 729 1372 potest
742 1301 843 1354 tamen
857 1293 938 1356 circa
953 1295 1085 1357 solstitia
1102 1293 1133 1354 in
1149 1301 1252 1374 partes
1268 1293 1400 1357 alternas
1415 1294 1521 1359 deesse

180 1381 230 1443 vel
252 1381 404 1444 abundare
426 1381 455 1442 in
479 1381 545 1443 loco
569 1379 651 1443 Solis
675 1389 783 1462 quarta
804 1402 876 1463 0000
899 1384 1026 1462 gradus,
1051 1391 1081 1446 et
1104 1403 1268 1463 apogaeum
1290 1391 1361 1446 tnnc
1376 1382 1415 1448 8⁰
1430 1392 1519 1448 0000-

179 1471 242 1534 rius
264 1471 313 1533 vel
335 1470 486 1551 posterius
509 1469 649 1532 incidere.
696 1471 850 1536 Hactenus
874 1472 910 1534 de
934 1481 1016 1536 motu
1039 1472 1130 1535 Solis.

268 1561 306 1623 V.
329 1559 400 1622 Jam
423 1559 501 1640 quod
516 1559 625 1623 Martis
648 1560 743 1640 ipsius
767 1561 991 1627 ohservationes
1010 1563 1129 1634 attinet,
1153 1561 1210 1623 etsi
1226 1561 1340 1633 demus,
1354 1563 1518 1626 astrolabio

180 1648 347 1712 certissime
371 1649 541 1710 collimasse
565 1649 769 1712 Ptolemaeum
792 1651 830 1711 ad
853 1651 946 1712 fixas:
972 1661 1072 1714 tamen
1087 1645 1184 1714 adhuc
1202 1669 1261 1713 uon
1279 1653 1518 1716 constatcertins

179 1740 216 1801 da
239 1739 305 1800 loco
329 1739 438 1820 Martis
461 1737 490 1798 10
514 1738 637 1800 zodiaco
661 1739 709 1811 (ut
732 1739 761 1800 in
786 1759 842 1821 qno
865 1741 947 1819 prins
971 1742 1121 1803 stlocum
1144 1738 1227 1802 80110
1250 1741 1519 1816 consideravimus)

179 1847 267 1910 quam
290 1829 327 1888 010
350 1828 482 1908 ipsamm
505 1827 628 1889 fixarum
652 1827 745 1889 locis:
769 1838 800 1890 00
823 1829 848 1890 01
873 1830 1021 1893 commisit
1043 1831 1236 1893 Ptolemaeus
1259 1849 1387 1892 errorem
1410 1830 1441 1892 10
1464 1851 1517 1892 as-

178 1917 324 1997 signando
347 1918 425 1979 lixae
448 1917 541 1996 grado
565 1916 764 1996 elongationis
786 1938 805 1978 0
828 1927 936 2000 000000
960 1919 1147 2000 aequinoctii,
1171 1919 1248 1981 idem
1271 1938 1355 1982 error
1378 1920 1515 1982 commit-

178 2013 258 2070 tetur
287 2005 318 2068 in
344 2005 568 2086 pronunciando
598 2006 709 2082 Martis
745 2006 822 2068 loco.
877 2009 970 2089 Atqui
1002 2029 1039 2070 00
1066 2010 1190 2070 lixarum
1220 2008 1339 2088 quidem
1368 2009 1518 2089 elongatio

179 2093 292 2158 aSole
323 2095 371 2169 (et
402 2095 445 2157 sic
473 2102 622 2175 0000000
646 2095 780 2170 Arietis,
818 2116 916 2178 aquo
945 2099 1038 2161 scitur
1060 2097 1142 2162 80110
1174 2097 1324 2178 elongatio
1345 2115 1399 2177 par
1422 2099 1517 2160 decli-

93 2185 99 2202 *
177 2185 347 2256 nationem)
369 2193 453 2247 caret
475 2184 644 2264 suspicione
668 2185 786 2247 erroris.
831 2187 910 2248 Ecce
934 2188 1012 2249 enim
1036 2187 1207 2250 atmodum
1229 2186 1393 2267 inquirendi
1417 2196 1448 2250 00
1465 2206 1517 2249 ar-

177 2281 347 2352 gumentum
371 2273 488 2336 erroris.
530 2275 619 2336 Auno
643 2274 684 2336 11.
700 2275 847 2337 Antonini
869 2277 1023 2357 inquisivit
1040 2277 1122 2342 illam
1139 2277 1329 2338 Ptolemaeus
1339 2295 1392 2356 per
1401 2275 1516 2340 Lunam

178 2361 379 2425 dichotomon.
426 2364 529 2426 Lunae
554 2363 630 2424 enim
654 2383 672 2424 0
695 2362 777 2439 8010,
802 2365 901 2427 0000110
924 2366 1034 2428 Leonis
1058 2367 1176 2428 aLuna
1197 2365 1414 2446 elongationem
1437 2365 1517 2446 00010

180 2452 356 2514 astrolabio.
408 2453 491 2513 Data
519 2451 609 2532 igitur
635 2452 718 2516 Solis
748 2455 937 2533 elongatione
965 2464 1117 2534 apuncto
1141 2453 1334 2536 aequinoctii,
1373 2453 1461 2516 datur
1484 2462 1516 2517 et
1633 2509 1640 2524 .

175 2542 254 2603 fixae
278 2540 316 2602 ab
339 2541 443 2602 eodem
467 2541 617 2620 elongatio
628 2541 672 2616 Ι0).
720 2541 789 2604 Jam
822 2544 851 2605 in
885 2544 1066 2607 dimetienda
1089 2543 1276 2624 elongatione
1291 2543 1394 2606 Lunae
1409 2563 1428 2604 a
1443 2541 1515 2607 Sole

176 2649 258 2692 error
289 2629 407 2692 videtur
443 2632 620 2694 commissus
652 2631 765 2693 dimidii
795 2633 916 2710 gradus.
961 2633 1040 2698 Nam
1064 2631 1135 2696 8010
1163 2633 1315 2695 0001010000
1340 2633 1397 2694 1010
1426 2639 1517 2714 capta

177 2739 328 2783 mensura.
375 2718 428 2782 801
460 2737 531 2782 vero
555 2719 694 2783 occidens
716 2739 771 2802 per
792 2723 1002 2785 refractionem
1024 2723 1143 2786 videtur
1165 2722 1255 2784 altior
1273 2721 1370 2800 justo,
1394 2721 1514 2784 dimidio

175 2809 296 2872 circiter
318 2810 423 2889 gradu.
461 2810 561 2871 Minor
584 2828 655 2888 ergo
670 2811 752 2890 justo
767 2821 893 2892 apparet
907 2812 1057 2891 elongatio
1072 2814 1186 2887 Lunae,
1210 2819 1242 2872 00
1255 2810 1297 2873 010
1312 2811 1403 2873 etiam
1418 2812 1515 2874 cordis

175 2900 286 2961 Leonis
319 2921 339 2960 a
368 2897 439 2960 8010
470 2917 545 2978 aque
576 2899 772 2980 aequinoctio.
826 2900 954 2963 Videtur
981 2902 1072 2979 igitur
1103 2901 1256 2962 addendus
1290 2899 1363 2961 locis
1391 2900 1515 2962 fixarum

173 2997 308 3069 tempore
321 2987 488 3050 Ptolemaei
511 2987 650 3050 dimidius
665 2989 787 3067 gradus.
815 2989 896 3068 Ergo
916 2990 1033 3070 quando
1049 2990 1240 3051 Ptolemaeus
1253 2988 1373 3069 putavit
1385 2989 1515 3079 Martem

175 3079 256 3150 (cum
283 3077 351 3138 lixis
381 3077 566 3140 observando
595 3079 774 3150 connexum)
803 3097 870 3140 0000
899 3079 929 3139 10
959 3079 1097 3158 00000100
1124 3076 1213 3140 medii
1244 3076 1302 3138 loci
1326 3073 1423 3152 Solis,
1448 3077 1514 3156 jam

173 3185 244 3228 vere
267 3166 377 3228 1010000
398 3165 520 3228 dimidio
544 3165 640 3246 gradu
662 3167 742 3229 ultra
764 3166 841 3228 hunc
864 3168 1041 3248 oppositum.
1089 3167 1164 3231 Gom
1186 3165 1278 3246 igitur
1300 3183 1318 3225 a
1340 3164 1514 3227 Ptolemaeo

176 3263 302 3335 quatuor
325 3255 488 3318 observata
511 3256 577 3318 loca
592 3256 703 3318 Martis
718 3264 984 3319 commemorentur
998 3257 1074 3319 ista:
1100 3251 1160 3319 210
1181 3252 1213 3319 0‘
1236 3259 1281 3328 Π,
1312 3248 1372 3316 280
1399 3250 1453 3317 500
1476 3259 1514 3329 il,

177 3341 217 3407 2⁰
240 3340 292 3406 34⁴
316 3351 354 3418 ,0,
383 3342 418 3404 10
440 3340 505 3408 3600
528 3349 567 3419 ,0,
591 3345 677 3406 nobis
692 3345 872 3408 assumenda
886 3353 990 3408 000000
1003 3347 1079 3408 ista:
1103 3341 1164 3407 210
1186 3341 1239 3407 300
1262 3347 1303 3418 Π,
1327 3337 1453 3406 290200
1476 3349 1511 3420 il,

175 3429 214 3497 30
231 3429 264 3497 40
278 3439 317 3509 52¹,
332 3429 371 3496 2⁰
386 3428 417 3496 6‘
432 3439 469 3507 ,A
498 3434 593 3514 Atqui
609 3441 713 3496 contra
726 3435 803 3496 hanc
817 3435 972 3497 audaciam
988 3436 1177 3497 Ptolemaeus
1192 3453 1226 3494 se
1240 3431 1336 3495 munit
1348 3431 1511 3508 affirmans,

175 3542 208 3586 se
224 3522 343 3604 0000100
357 3541 446 3584 unam
456 3530 487 3584 00
497 3523 620 3585 eandem
635 3541 707 3599 rem,
723 3523 847 3586 fixarum
861 3543 903 3588 sc.
914 3525 1133 3606 elongationem
1147 3523 1272 3597 aLuna,
1287 3523 1388 3584 Lunae
1403 3519 1511 3597 08010,

175 3619 206 3674 00
230 3613 274 3675 010
294 3612 418 3674 marum
437 3631 455 3672 0
474 3611 545 3675 8010
567 3621 598 3676 00
617 3614 655 3675 01)
676 3613 862 3694 aequinoctio
883 3613 1074 3695 inquisivisse
1096 3611 1279 3688 distantiam,
1302 3611 1510 3691 inventamque

175 3722 242 3764 0000
256 3709 400 3781 perpetuo
423 3701 557 3764 eandem.
588 3703 683 3784 Igitur
706 3704 765 3765 0001
787 3723 875 3766 unam
891 3704 1099 3786 solemprodit
1113 3701 1361 3776 observationem,
1386 3701 1510 3763 demon·
1609 3709 1616 3718 “

174 3791 317 3852 amandae
334 3791 465 3852 methodi
488 3811 599 3855 causa:
624 3801 725 3856 tamen
743 3793 824 3856 aredi
838 3800 948 3873 000000,
961 3794 1069 3874 ’pluras
1085 3790 1308 3856 observationes
1331 3790 1510 3870 respexisse,

174 3887 236 3942 tam
259 3879 372 3942 oriente
396 3899 485 3960 quam
506 3881 661 3945 occidente
680 3880 751 3944 8010
774 3883 823 3943 vel
839 3883 933 3957 Luna,
958 3892 989 3945 00
1005 3884 1131 3965 deniqne
1149 3881 1180 3943 id
1196 3887 1315 3942 secutus
1332 3899 1408 3957 esse,
1433 3880 1510 3961 quod

173 3969 250 4031 vidit
271 3967 350 4031 inter
372 3970 481 4032 multas
506 3972 704 4053 operationes,
728 3971 849 4034 diversa
870 3972 937 4034 1000
958 3973 1128 4054 prodentes,
1153 3967 1370 4034 intermedium.

411 4091 490 4100 -—--—-

260 4143 289 4218 *)
309 4154 336 4203 Δ
355 4155 485 4220 punctum
510 4148 676 4220 aequinoctii
705 4167 828 4212 00000000
858 4149 959 4212 Β801,
1169 4147 1224 4213 rig.
1244 4141 1304 4196 132.

174 4231 311 4294 GLuna,
332 4231 358 4284 D
378 4232 444 4296 lixa,
471 4230 607 4294 risibilia;
637 4232 686 4285 ΒΕ
712 4230 859 4286 (1001100010
879 4230 958 4286 Solis.
1348 4273 1365 4322 (⁴

173 4312 223 4366 AB
242 4312 362 4366 habetur
385 4328 435 4381 per
465 4312 683 4367 observationem
711 4311 797 4382 ipsius
816 4311 865 4364 BE
891 4317 959 4366 tem-

172 4408 240 4463 pore
269 4391 417 4446 meridiano
451 4391 670 4456 commodissime,
690 4391 736 4446 ΒΟ
765 4392 883 4445 habetur
910 4407 961 4461 per
1277 4367 1295 4416 0

174 4471 356 4528 instrumenta
375 4474 409 4526 de
438 4472 494 4536 die,
525 4473 572 4526 CI)
598 4485 649 4543 per
676 4473 859 4526 instrumento
878 4477 908 4526 00
927 4473 959 4525 010
1060 4499 1079 4545 g

174 4559 262 4606 nocte.
304 4553 465 4624 Compositis
494 4552 581 4624 igitur
599 4553 661 4617 AB,
683 4553 741 4616 Bc,
764 4552 820 4616 CD,
850 4553 960 4607 tandem

172 4631 292 4687 habetur
311 4633 363 4687 AD
389 4631 531 4706 elongatio
560 4633 634 4688 lixae
655 4633 691 4686 ab
711 4635 749 4696 A,
779 4647 860 4685 caeco
884 4632 959 4704 prius
1288 4629 1307 4674 Γ*

173 4717 283 4782 puncto,
305 4715 376 4785 quad
393 4712 452 4782 jam
472 4715 583 4769 tandem
606 4714 740 4782 patescit,
761 4719 907 4782 postquam
927 4715 961 4767 ad

176 4794 202 4847 D
221 4794 304 4848 ham
326 4799 371 4846 000
390 4793 545 4864 alligatum.
585 4795 688 4848 Postea
714 4793 847 4864 planetae
877 4795 1046 4852 observando
1073 4796 1107 4848 ad
1131 4793 1202 4848 fixas
1229 4791 1398 4866 alligantur,
1429 4799 1458 4850 00
1478 4793 1517 4854 ric

175 4872 259 4929 scitur
279 4889 374 4928 sorum
393 4873 535 4945 elongatio
555 4876 591 4930 ab
612 4879 638 4930 A
657 4873 789 4948 principio
810 4873 923 4954 00011001.

226 4968 316 5022 1001001
330 4967 406 5021 Oport-
427 4968 462 5008 111.
1271 4965 1305 5028 2ss
