3552 5562
507 297 539 349 de
557 297 743 354 Commentariis
762 301 794 354 de
811 307 880 354 mutu
898 303 985 355 sense
1002 301 1099 354 lintis
1436 297 1474 370 61

191 563 350 617 Derides
370 567 552 620 Fabricius
566 567 656 634 (comp.
670 569 691 626 1.
707 565 769 629 301)
786 583 934 636 quamquam
952 569 1100 636 astrologiae
1118 585 1212 622 mmmo
1231 571 1311 623 studio
1325 572 1439 625 addictus
1451 580 1478 628 et

116 638 293 703 superstitionis
311 639 409 704 plenus
428 647 532 706 samque
551 643 581 692 ob
599 657 651 692 rem
669 642 777 707 Kepiero
796 641 925 706 plurimam
943 643 1036 706 negotiu
1054 641 1179 692 facessens
1203 645 1336 695 innumeris
1354 645 1433 697 dubiis
1452 653 1478 698 et

117 711 307 776 quaestionibus.
320 712 508 764 versatissimus
521 721 575 763 erut
586 714 612 764 iu
626 714 783 765 observandis
795 714 912 764 sideribus
926 719 951 764 et
963 713 1085 764 indefesso
1099 715 1187 772 studio,
1201 731 1251 766 non
1262 723 1361 767 tantum
1373 718 1476 768 astrolo-

119 785 173 850 giam
181 782 229 832 aed
239 783 323 834 etiam
335 786 517 834 astronomiam
527 786 656 836 excolendi
663 787 720 836 etin
730 785 943 837 meliusvertendi.
957 785 1038 846 Quam
1048 787 1140 836 obrem
1149 787 1279 851 Keplerns‚
1290 789 1373 855 magni
1382 789 1477 856 habam

119 859 153 906 riri
169 855 327 905 industriam
341 862 369 906 et
381 857 408 906 iu
422 857 755 920 observando'habilitatem,
774 871 839 924 quae
857 859 935 922 ipsum
947 857 1098 920 'praesertim
1112 857 1142 907 ob
1162 859 1286 909 oculorum
1302 860 1477 912 hebetudinem
1587 881 1590 892 ·

122 926 263 982 deiciebat.
283 942 336 976 non
356 933 458 977 tantum
476 928 581 979 libenter
605 931 702 994 aceepit
720 945 764 988 ea,
792 943 856 994 quae
873 929 1000 979 Fabricius
1018 929 1048 979 de
1068 928 1136 980 coelo
1154 931 1307 992 nunciabat,
1336 931 1379 982 sed
1398 934 1430 983 ab
1448 948 1477 983 eo

122 1003 187 1050 dam
218 1005 300 1064 atque
326 1000 406 1050 etiam
434 1002 573 1066 requirebat
580 1012 596 1060 ς’
616 1017 680 1066 quae
707 1016 773 1053 nova
798 1003 824 1052 iu
849 1001 918 1052 coeio
946 1001 1105 1052 observasset.
1140 999 1186 1050 (iui
1214 1001 1332 1053 desiderio
1351 1003 1477 1054 Fabricius

121 1070 238 1122 satisledt
262 1071 316 1120 otio
348 1071 487 1122 abundanti
514 1087 586 1130 usus,
614 1073 680 1138 quod
712 1079 836 1123 testantur
869 1073 956 1123 literae
989 1072 1058 1123 haud
1084 1074 1153 1136 parvi
1181 1075 1275 1123 numeri
1302 1080 1327 1125 et
1350 1089 1380 1125 ex
1406 1081 1477 1140 parte

122 1143 216 1208 quidem
236 1143 304 1192 satis
321 1157 441 1208 magnae,
462 1157 522 1208 quas
536 1143 634 1196 exhibet
646 1143 701 1196 Vol.
716 1143 746 1195 X.
772 1145 994 1208 Mannecriptorum
1006 1143 1252 1208 Petropoiitauoruuu.
1267 1140 1301 1208 ¹⁰)
1315 1169 1359 1214 *.
1368 1145 1480 1208 Quarum

120 1215 245 1266 itanum
273 1227 372 1279 magua
389 1229 447 1279 pars
475 1215 528 1280 agit
553 1217 583 1266 de
601 1215 705 1268 Marte
728 1219 829 1280 ejusque
854 1217 959 1266 motibus
978 1222 1004 1266 et
1026 1216 1137 1274 theona,
1165 1221 1191 1265 et
1208 1231 1283 1280 quum
1301 1217 1360 1268 illae
1377 1233 1477 1284 respon·

121 1299 250 1350 eunome
270 1285 377 1350 Kepleri
396 1287 506 1349 scriptae
523 1289 573 1337 sint
591 1289 655 1340 inter
674 1303 752 1338 annos
772 1287 848 1337 1602.
869 1295 895 1338 et
908 1285 985 1345 1609,
1004 1289 1132 1353 perspicue
1152 1287 1267 1338 exhibent
1284 1291 1405 1340 rationem
1423 1291 1478 1354 pio·

121 1357 224 1410 mdeudi
236 1357 346 1422 Kapieri
360 1359 387 1408 in
401 1357 605 1417 „Commentariis
618 1359 721 1411 Martis*
742 1360 862 1411 etlumen
881 1359 988 1410 afferunt
1006 1360 1040 1408 ad
1051 1359 1178 1410 historiam
1195 1359 1364 1410 inventionum
1375 1360 1480 1426 Kepleri
1551 1383 1564 1407 ι

121 1431 362 1487 astronomicarum,
387 1439 450 1494 quas
469 1430 566 1480 exhibet
590 1431 637 1482 hoc
664 1446 732 1495 opus.
768 1431 822 1481 Nisi
845 1433 897 1495 ipse
915 1431 1038 1496 Keplerus
1056 1431 1083 1480 in
1100 1431 1256 1496 praefatione
1274 1432 1307 1482 ad
1324 1432 1387 1484 haec
1406 1431 1479 1482 (iom-
1566 1483 1574 1498 ,

120 1501 246 1552 mmtaria
265 1507 294 1550 et
312 1501 375 1565 Cap.
394 1499 453 1551 VII.
477 1502 625 1562 affirmaret,
653 1517 680 1553 se
697 1503 731 1553 ad
748 1501 837 1553 Martis
859 1509 940 1553 motus
966 1503 1123 1567 inquirendos
1150 1503 1293 1567 perductum
1321 1519 1375 1553 esse
1401 1507 1479 1568 prium

120 1583 230 1636 tempore
250 1587 301 1636 quo
321 1573 355 1623 ad
373 1571 515 1634 Tyohousm
533 1573 641 1640 Pragam
659 1575 799 1624 transiisset
816 1573 894 1635 (anno
909 1571 998 1635 1600),
1009 1574 1165 1637 ·Tyohonicis
1183 1574 1208 1623 iu
1227 1575 1309 1625 Marte
1327 1575 1478 1626 observando

118 1645 250 1709 occupatis
271 1641 326 1704 („si
344 1643 420 1694 diurn
437 1645 565 1709 planetam
576 1651 724 1702 'hartmuot
743 1648 769 1696 iu
781 1647 887 1698 eundem
900 1653 926 1697 et
938 1661 983 1712 ego
996 1642 1178 1706 incidissem“)‚
1195 1645 1310 1711 idemque
1328 1652 1480 1698 testarentur

120 1717 210 1766 literae
224 1715 259 1766 ad
273 1715 405 1781 Maginum
419 1721 445 1766 et
456 1716 615 1770 Maestiinum
632 1719 793 1783 praemissae,
813 1719 918 1782 suspicio
930 1733 980 1768 non
993 1723 1059 1768 esset
1071 1717 1175 1778 absona
1191 1717 1326 1782 Keplerum
1339 1731 1356 1768 a
1367 1719 1480 1769 Fabricio

120 1791 223 1854 simque
242 1787 432 1852 quaestionibus
450 1795 544 1838 motum
561 1787 649 1840 Martis
667 1789 788 1840 theoriam
806 1789 988 1840 emendandam
1005 1789 1152 1853 suscepisse.

207 1876 391 1927 Fabricius
409 1877 433 1927 d.
455 1873 541 1940 testi.
561 1877 635 1928 Mart.
658 1875 734 1928 1002.
755 1875 846 1942 (comp.
866 1873 922 1928 Vol.
935 1877 970 1934 11,
988 1891 1012 1942 p.
1026 1874 1090 1939 131)
1108 1877 1172 1928 haec
1191 1877 1396 1942 deditKeplero:
1415 1876 1480 1929 Vide

118 1949 152 1998 uni
170 1949 323 1998 suavissime
340 1948 465 2012 Keplere,
484 1955 513 1998 ut
530 1950 707 2013 exspectationi
725 1949 758 2000 D.
778 1949 916 2013 Tychonis‚
942 1955 970 2000 ut
987 1949 1194 2000 commendationi
1212 1949 1299 1998 horum
1316 1947 1480 2000 Uranicorum

116 2020 245 2085 hospitum
274 2019 402 2070 hancisci
430 2017 618 2086 (Tengnsgelii)
645 2028 672 2071 et
689 2021 793 2072 Joanuis
812 2017 952 2084 (Erimon),
976 2015 1013 2071 'ao
1049 2021 1154 2085 denique
1190 2021 1243 2084 spei
1270 2026 1369 2070 amhae
1397 2021 1428 2071 de
1454 2027 1479 2072 te
1559 2019 1561 2027 ’

117 2093 214 2142 dudum
232 2105 329 2156 magno
347 2105 431 2142 amore
449 2097 586 2156 conceptae
603 2093 749 2144 satisiaoere
768 2093 888 2144 annitaris
907 2099 933 2143 et
945 2093 1070 2156 inceptam
1088 2105 1185 2142 cursum
1202 2107 1245 2156 pro
1262 2091 1324 2140 virili
1342 2093 1480 2150 continues.

117 2163 247 2226 relaturus
261 2163 322 2212 inde
333 2161 400 2214 haud
414 2163 487 2213 dubio
505 2163 667 2215 immortalem
684 2165 798 2230 gloriam.
821 2165 955 2227 Adjuvato,
971 2177 1071 2228 quaeso,
1084 2163 1219 2213 Herculeos
1231 2161 1294 2212 Nob.
1308 2161 1341 2212 D.
1355 2163 1481 2213 Francisci

84 2245 88 2254 “
116 2241 237 2292 cautus.
257 2249 374 2298 promere
392 2249 521 2286 commune
538 2235 629 2285 bobum
647 2242 673 2286 et
690 2236 810 2287 Uraniam
829 2235 925 2286 exulem
944 2235 1018 2286 armis
1036 2234 1202 2298 Tyohonianis
1219 2235 1245 2283 in
1264 2235 1356 2284 avitum
1374 2249 1477 2300 regnum

115 2306 242 2357 mnaso
282 2305 337 2372 Ego
354 2321 451 2371 quoque
470 2321 513 2370 pro
530 2305 626 2358 Urania
648 2308 805 2358 fraternitate
822 2314 893 2372 peto,
917 2313 946 2356 ut
963 2312 1020 2356 tuas
1046 2307 1208 2372 cogitationes
1227 2305 1258 2355 de
1275 2305 1389 2356 Uranicls
1406 2307 1480 2357 rebus

114 2393 219 2429 mecum
238 2378 341 2441 saepius
359 2391 404 2442 par
421 2377 505 2427 literas
523 2379 705 2429 communicare
723 2395 773 2428 non
791 2377 939 2444 dedigneris.

210 2448 269 2514 Ego
288 2447 387 2513 quidem
404 2463 471 2499 nune
488 2451 592 2514 primum
611 2445 641 2500 'ex
656 2453 716 2500 meis
735 2451 868 2500 observatis
887 2463 1018 2516 aggressus
1036 2463 1090 2499 sum
1102 2447 1190 2498 Martis
1208 2453 1310 2506 motum,
1329 2453 1358 2497 nt
1375 2448 1480 2513 ipsemet

115 2521 264 2586 perspicere
283 2520 383 2584 possim,
402 2519 488 2584 quain
502 2535 528 2571 re
545 2519 625 2579 lateat
643 2523 778 2586 scrupulus,
798 2536 830 2572 an
844 2536 873 2571 ex
885 2521 985 2572 diversis
1004 2519 1157 2583 acrouychiis
1174 2517 1227 2569 nna
1245 2523 1270 2569 et
1282 2519 1371 2569 eadem
1390 2535 1479 2571 eccen-

116 2593 219 2643 tricitas
238 2605 286 2655 per
303 2591 426 2642 calculum
444 2590 562 2654 prodeat.
587 2607 619 2642 an
639 2594 671 2644 ad
689 2593 796 2644 medium
814 2593 853 2644 vel
877 2607 961 2643 verum
984 2597 1077 2658 motum
1096 2590 1159 2642 Solis
1177 2589 1246 2640 Mars
1265 2605 1361 2640 cursum
1380 2591 1479 2658 dirigat,

119 2671 146 2713 st
163 2676 233 2728 quae
253 2662 361 2727 denique
380 2675 459 2712 causa
476 2665 516 2720 sit,
536 2663 601 2729 quod
621 2665 765 2716 latitudines
789 2663 953 2727 acronychiae
971 2662 1061 2713 Martis
1078 2678 1129 2712 non
1151 2663 1244 2712 sintin
1263 2662 1350 2712 eodem
1368 2657 1482 2715 cirumoi

117 2733 221 2786 &selu
248 2733 311 2794 mihi
329 2733 362 2783 1).
380 2733 437 2784 Joiu
457 2734 585 2792 Eriohsen,
612 2734 720 2787 tee13
740 2737 840 2785 diversis
867 2737 927 2786 locis
950 2735 989 2786 vel
1013 2733 1181 2799 parallaxibus
1198 2733 1286 2783 Martis
1306 2734 1339 2783 ad
1361 2740 1482 2786 unumst

117 2807 188 2857 idem
207 2811 331 2870 punctum
358 2803 491 2856 ecceutrici
517 2807 600 2856 relatis
626 2809 748 2871 inquirere
775 2807 851 2858 annui
879 2807 942 2856 orbis
967 2805 1163 2872 magnitudinem
1181 2811 1206 2854 et
1223 2805 1391 2856 insinuantem
1417 2807 1481 2856 orbis

120 2877 343 2942 inaequalitatem.
369 2875 497 2938 Quomodo
516 2892 572 2927 vero
592 2892 624 2929 ea
643 2879 767 2944 inquisitio
779 2894 823 2943 per
836 2878 957 2929 calculum
974 2877 1127 2934 instituatur,
1146 2891 1193 2927 nec
1211 2877 1264 2941 ipse
1276 2875 1335 2926 mihi
1354 2877 1482 2928 declarare

120 2963 169 2999 uec
189 2963 239 3014 ago
258 2948 383 3010 conjicere
400 2949 478 3012 potui.
514 2949 555 2998 Ad
572 2951 753 3014 proportionem
772 2952 837 3004 enim
860 2949 1038 3000 instituendam
1062 2955 1160 3012 praeter
1182 2949 1231 2998 tria
1248 2948 1305 2998 loca
1322 2949 1376 2998 visa
1392 2947 1481 2999 Martis

122 3021 204 3070 etiam
222 3019 277 3069 alia
294 3020 345 3069 tria
369 3019 587 3084 cmrespondeutia
608 3023 777 3086 requiruntur,
806 3023 878 3072 docti
896 3023 922 3070 iu
941 3020 1128 3071 ecceutricitate
1154 3019 1309 3083 planetarum
1336 3020 1483 3083 inquirenda

122 3089 316 3153 dauronychia
333 3090 390 3141 loca
407 3097 434 3141 et
451 3092 499 3142 tria
516 3093 600 3143 media
626 3094 788 3158 requiruntur.
827 3093 910 3154 Quare
933 3107 1007 3158 rogo,
1034 3098 1063 3142 ut
1080 3091 1178 3142 modum
1201 3091 1276 3140 istrum
1304 3091 1413 3156 exemplo
1431 3105 1481 3142 uno

121 3161 216 3213 saitem
234 3161 365 3212 declares·
788 3183 789 3186 ¹
887 3153 892 3168 '

215 3233 329 3298 cognovi
347 3245 378 3284 ex
396 3233 490 3290 eodem,
509 3239 534 3285 te
553 3233 636 3286 Solem
653 3237 790 3300 propiorem
807 3235 888 3287 Terris
911 3229 1068 3284 constituere.
1105 3233 1198 3284 Verum
1216 3231 1336 3298 quomodo
1354 3232 1401 3284 hoc
1421 3247 1480 3284 con-

122 3307 214 3356 veniat
231 3305 365 3368 eclipsibus
384 3311 410 3355 et
426 3305 592 3370 parallaxibus
611 3305 675 3356 Solis
693 3306 836 3367 observatis,
854 3321 904 3357 nou
916 3307 995 3356 video.
1013 3303 1130 3355 'Videtur
1147 3304 1215 3360 mihi,
1233 3303 1299 3370 quod
1315 3304 1482 3373 inaequalitas

122 3379 169 3428 ilia
188 3377 322 3426 insinuans
339 3378 415 3426 annui
434 3377 498 3427 orbis
515 3377 603 3428 Martis
622 3394 671 3428 nou
690 3385 805 3430 causetur
824 3395 853 3428 ex
871 3379 979 3428 viciniori
998 3376 1060 3428 Solis
1082 3377 1115 3428 ad
1132 3375 1233 3425 Tenem
1253 3373 1380 3426 distantia.
1416 3376 1484 3427 ron

122 3449 192 3500 ratio
210 3447 386 3512 hypothedum
404 3446 468 3498 Solis
487 3454 513 3498 et
531 3449 712 3500 observationes
739 3452 807 3500 circa
823 3445 873 3498 tu⁰
900 3450 931 3499 ab
958 3461 1070 3514 apogeeo
1096 3447 1242 3498 reclamant.
1279 3445 1330 3498 Sed
1356 3447 1418 3498 iorte
1437 3463 1483 3498 nos

124 3529 202 3570 tuam
227 3524 340 3568 mentem
365 3532 414 3568 uon
442 3526 483 3570 sat
508 3523 617 3571 aneceti
641 3535 732 3572 sumus.
770 3521 846 3585 Cupio
870 3521 960 3572 idcirco
986 3519 1100 3570 latiorem
1127 3517 1315 3583 explicationem
1342 3533 1481 3570 causarum.

125 3593 184 3658 Ego
205 3605 237 3640 ex
256 3591 320 3639 meis
338 3589 473 3640 observatis
491 3593 601 3657 cognovi,
615 3591 698 3644 Solem
710 3597 822 3644 centum
834 3593 897 3642 orbis
916 3591 1048 3644 ecceutrici
1059 3589 1149 3641 Martis
1167 3603 1323 3654 nequaqnam
1336 3603 1389 3640 esse
1402 3594 1481 3654 p'osse.

219 3662 259 3712 Ex
276 3661 384 3712 Domino
403 3661 519 3724 Tpohone
548 3661 748 3730 (Tengnaglio‘i)
776 3661 898 3720 intellexi,
916 3670 941 3713 te
961 3667 1041 3712 moins
1067 3662 1223 3726 planetarum
1249 3675 1298 3710 non
1317 3660 1351 3712 ad
1368 3677 1484 3728 apogaea

122 3749 222 3790 eornm,
240 3731 287 3783 sed
306 3732 340 3782 ad
357 3732 456 3796 aphelia
475 3733 537 3785 Solis
555 3735 654 3785 reierre.
692 3733 785 3786 Verum
802 3734 1034 3800 prosthapbaereses
1053 3733 1217 3796 acrouychiae
1234 3731 1295 3783 iocis
1318 3747 1482 3799 apogaeomm

121 3807 228 3870 propius
258 3805 418 3860 consentiunt
444 3818 517 3870 qnam
539 3805 600 3856 locis
626 3805 790 3870 apheliorum‚
819 3814 845 3857 et
862 3813 921 3872 puto
940 3807 1054 3867 omnino,
1081 3811 1162 3856 motus
1179 3820 1229 3855 non
1247 3804 1281 3854 ad
1298 3819 1369 3854 veras
1386 3805 1431 3856 sed
1449 3804 1482 3855 ad

121 3877 222 3927 medias
243 3876 410 3940 oppositiones
430 3874 492 3927 Solis
511 3883 536 3928 et
554 3877 709 3942 planetarum
734 3878 875 3930 referendos
894 3893 956 3928 esse.
994 3875 1089 3928 Crescit
1106 3876 1204 3942 quidem
1225 3875 1331 3928 latitudo
1349 3875 1437 3926 Martis
1456 3877 1483 3926 in

121 3948 254 3998 nonnullis
272 3947 333 3997 locis
352 3949 429 3998 etiam
447 3953 502 4012 post
520 3949 628 4000 mediam
646 3951 832 4014 oppositionem,
852 3955 879 4000 at
895 3951 922 4000 iu
940 3949 1051 4000 omuibus
1069 3949 1129 3999 locis
1141 3947 1200 3998 iilud
1218 3961 1374 4012 nequaqnam
1393 3947 1421 3996 iit
1438 3952 1483 3996 ant

123 4021 181 4071 tisri
200 4025 295 4084 potest
332 4017 405 4070 Circa
423 4033 561 4086 apogaeum
579 4027 605 4072 et
621 4023 764 4088 perigueum
783 4021 845 4072 Solis
864 4021 1014 4072 solummodo
1032 4021 1085 4070 deri
1102 4033 1174 4085 posse
1193 4019 1351 4083 deprehendi,
1370 4033 1399 4069 eo
1418 4018 1483 4083 qnod

127 4093 269 4142 &muas
283 4089 347 4142 Solis
366 4091 472 4142 aTerra
490 4093 557 4145 circa
575 4105 606 4143 ea
623 4092 679 4143 loca
696 4107 783 4157 parum
801 4085 940 4158 dseiepesr
957 4088 995 4141 vei
1007 4093 1103 4142 varient
1120 4093 1145 4141 in
1165 4090 1248 4141 diebus
1264 4105 1307 4140 ser
1319 4090 1357 4140 vel
1375 4097 1482 4140 octo.-

215 4162 249 4213 ln
266 4161 345 4213 literis
363 4163 403 4213 die
421 4159 465 4212 28.
478 4165 537 4227 Apr.
558 4160 595 4224 (a.
608 4161 683 4228 Maii)
702 4163 767 4215 datis
783 4164 847 4215 baec
865 4163 1084 4228 deprehendimus:
1103 4163 1132 4214 lu
1151 4162 1375 4224 ecceutricitatibus
1392 4159 1481 4210 Martis

128 4235 247 4286 eruendis
274 4235 348 4298 Juxta
365 4235 464 4284 modum
484 4233 612 4298 (ioperuici
639 4236 768 4300 plurimum
795 4237 880 4286 sudavi
899 4241 925 4286 et
941 4235 1013 4286 valde
1032 4235 1145 4284 turbatus
1171 4248 1240 4294 sum,
1264 4233 1328 4298 qnod
1345 4232 1413 4281 locus
1431 4232 1482 4280 veri

128 4307 238 4374 apogaei
257 4303 311 4371 (qui
331 4319 361 4356 ex
374 4306 524 4368 acronyohio
543 4306 602 4356 anui
616 4305 683 4357 1585
701 4307 775 4358 facile
789 4302 899 4368 constat)
918 4313 1067 4372 supputatae
1086 4304 1265 4356 ecceutricitati
1284 4308 1415 4354 utcontra
1432 4315 1482 4351 non

129 4377 291 4443 respondeat,
320 4377 365 4428 sed
384 4377 418 4427 ad
439 4375 454 4425 2
474 4383 518 4427 aut
537 4373 552 4424 3
570 4377 661 4444 gradm
691 4380 794 4430 aberret.
831 4377 944 4429 Tandem
971 4378 1085 4443 cognovi.
1110 4375 1158 4426 boc
1176 4385 1206 4427 ax
1223 4373 1482 4440 prosthaphaeresibus

131 4451 264 4502 observatis
282 4449 430 4514 simpliciter
448 4449 563 4498 assumtis
581 4464 707 4514 nunquam
724 4452 776 4501 deri
795 4465 879 4514 posse,
908 4465 937 4500 eo
955 4449 1020 4514 quod
1038 4449 1135 4499 diversa
1155 4461 1184 4498 er
1202 4447 1302 4498 disemis
1329 4443 1482 4518 aurouychiis

131 4523 233 4586 prodat
252 4523 448 4576 ecceutrieitas,
475 4520 538 4584 quod
556 4531 595 4571 me
613 4520 733 4572 hactenus
751 4523 832 4572 latuit.
853 4521 912 4570 liii
929 4521 1002 4578 boni,
1026 4534 1100 4586 quam
1118 4519 1217 4585 egregie
1234 4523 1330 4568 veteres
1347 4517 1481 4566 astronomi

135 4599 158 4642 et
174 4593 324 4659 Cugernicus
343 4606 445 4659 quoqne
463 4591 520 4641 falsi
538 4599 602 4650 sunt.
622 4595 664 4658 qui
677 4609 707 4644 ex
725 4594 801 4644 tribus
820 4591 973 4656 aoronychiis
991 4592 1130 4656 simpliciter
1150 4589 1263 4638 msumtis
1283 4587 1481 4640 eucenhicitates
1524 4621 1526 4630 ,

137 4669 159 4713 st
173 4679 286 4732 apogm
304 4663 466 4731 inquisivere.
503 4662 580 4714 Miror
596 4679 700 4731 quoque,
719 4665 784 4730 quod
802 4663 834 4713 D.
854 4663 937 4727 'Pytho
955 4664 978 4713 b.
998 4678 1031 4713 m.
1051 4661 1261 4728 ecceutrieitatem
1278 4657 1367 4710 Martis
1386 4671 1479 4712 usum·

135 4739 185 4790 serit
201 4735 297 4800 torto,
319 4753 380 4789 cum
401 4748 437 4786 ea
448 4747 497 4784 nec
515 4737 637 4786 maximae
655 4751 702 4787 nec
713 4737 829 4786 minimae
848 4735 1029 4799 ecceutricitati
1048 4730 1195 4795 respondeat
1213 4736 1239 4780 et
1250 4731 1352 4800 proinde
1370 4731 1481 4781 omnibus

133 4823 158 4862 ex
174 4825 250 4882 aequo
267 4827 321 4865 non
340 4806 497 4861 satisfaciat
513 4807 674 4872 acronychiis‚
697 4814 741 4858 aut
756 4820 811 4857 meo
833 4805 924 4870 judicio
942 4807 1018 4856 etiam
1034 4801 1180 4866 respondere
1197 4802 1236 4850 vix
1253 4803 1338 4866 possit,
1355 4801 1420 4867 quod
1435 4801 1482 4852 tibi

128 4881 301 4942 mm
321 4882 458 4946 musque,
478 4877 536 4941 quia
552 4885 581 4930 tu
598 4879 624 4930 in
641 4879 710 4931 hisce
728 4877 1051 4931 exercitationibus'diutiua
1068 4877 1179 4925 versam
1197 4887 1231 4923 es.
1256 4873 1310 4964 iigo
1327 4887 1393 4927 nuno
1405 4874 1483 4958 ‚quusi
