3604 5534
605 275 978 390 mmmm

683 555 803 655 Caput
833 554 897 630 IV.

115 721 162 784 De
183 717 442 803 aequipollentia
463 717 645 801 imperfecto
667 716 751 780 inter
773 713 932 800 duplicem
954 709 1128 797 epiqqclum
1148 713 1184 776 in
1203 711 1397 776 comanam
1419 703 1467 772 cel

219 823 222 830 ’
329 805 624 890 eccnurepicyclum
646 813 676 870 et
696 807 780 870 later
802 811 988 888 aponum
1009 806 1044 868 in
1066 801 1246 866 eccmhtco.
1519 817 1523 824 ·

200 947 255 1012 Sic
284 949 382 1030 igitur
404 968 454 1011 res
476 948 617 1022 haberet,
655 947 681 1010 si
704 949 788 1010 locus
810 955 893 1009 esset
915 945 1075 1030 hypothesi
1099 943 1227 1025 simplici
1250 940 1359 1022 capitis
1382 937 1481 1002 tertii'
1508 1011 1515 1018 ‚

116 1041 142 1102 in
164 1039 317 1101 salvanda
342 1039 525 1118 superiorum
548 1039 737 1117 planetarum
759 1036 977 1116 inaequalitate
1000 1036 1106 1116 prima.
1143 1035 1259 1096 Verum
1269 1031 1467 1094 Ptolemaeus

116 1129 150 1190 ad
176 1130 374 1209 planetarum
396 1128 523 1208 primaru
546 1133 578 1188 et
601 1127 769 1207 simplicem
791 1125 1041 1208 inaequalitatem
1068 1121 1334 1188 demonstrandam
1357 1137 1467 1200 opero-

114 1219 181 1280 siori
205 1217 302 1280 utitur
325 1216 496 1300 hypothesi.

202 1305 319 1380 (term
343 1307 369 1366 B
392 1308 551 1370 scribatur
580 1307 769 1370 eccentrtcue
791 1303 863 1380 DE,
897 1303 986 1390 cujus
1012 1303 1227 1370 eocnuricdoa
1291 1299 1344 1364 rig.
1365 1293 1409 1347 ⁵¹²·

112 1395 158 1458 aa't'
174 1395 245 1470 BA,
270 1403 308 1458 ut
328 1395 359 1458 A
382 1397 424 1460 eit
445 1394 533 1459 moue
561 1395 654 1459 cauli.
700 1395 784 1458 Actu
815 1391 901 1458 lineo
918 1415 980 1476 per
1001 1391 1058 1456 BA
1086 1392 1225 1456 osunen

110 1488 145 1548 in
167 1485 198 1546 D
229 1503 421 1568 aponoculus,
451 1487 488 1548 in
509 1486 535 1546 F
553 1485 749 1568 pertqceum.
799 1483 841 1546 In
868 1484 928 1552 hoo
959 1481 1044 1546 lineo
1074 1481 1224 1564 suproB

112 1573 257 1656 spatium
288 1571 383 1636 alind
410 1573 464 1636 ΒΟ
497 1575 683 1638 attendatur·
713 1571 844 1656 cequde
878 1572 944 1656 ipsi
971 1571 1038 1633 BA.
1091 1571 1168 1637 loru
1200 1567 1225 1631 G

109 1671 266 1748 punctum
302 1665 486 1746 aequante,
519 1671 671 1747 punctum
705 1683 828 1748 nernpe,
867 1663 956 1744 opud
985 1662 1069 1744 qraod
1094 1661 1227 1745 planeta

112 1751 305 1834 oeqcualibam
332 1754 522 1834 temporibus
558 1752 682 1836 conficit
717 1751 867 1836 aequales
901 1751 1050 1836 amulae,
1085 1753 1227 1833 waninc
1444 1771 1463 1816 t

113 1841 274 1906 arontam
294 1861 357 1904 nore
379 1842 466 1906 circo
489 1841 515 1905 O
538 1842 594 1904 ced
617 1843 705 1906 circo
726 1841 753 1903 B
776 1841 909 1905 cutim.

204 1929 391 2012 Oopernicus
427 1932 506 1993 hano
541 1931 720 2014 hypothesin
764 1932 846 2011 (cap.
880 1926 911 1993 4.
952 1928 1004 1990 lib.
1041 1929 1082 1992 V.
1121 1937 1155 1993 ut
1196 1937 1228 1993 et

112 2039 181 2102 cap.
210 2021 240 2084 7.
274 2019 324 2082 lib.
354 2020 427 2094 IV.)
459 2019 538 2082 inter
578 2027 680 2083 cetera
719 2020 776 2083 hoc
816 2038 931 2101 quoqne
970 2017 1087 2082 nomine
1128 2026 1226 2095 notat,

113 2111 192 2192 qnod
226 2123 334 2190 peccet
364 2109 395 2172 in
424 2107 572 2191 principia
607 2109 748 2192 physica,
789 2117 928 2172 statuens
960 2116 1060 2170 motus
1098 2111 1248 2174 coelorum
1283 2113 1472 2194 inaequales.

112 2201 259 2280 Eligatur
282 2197 361 2260 enim
383 2198 411 2260 Ε
434 2207 578 2279 punctum
600 2198 630 2261 in
654 2199 779 2274 cuculo,
805 2217 890 2280 quem
913 2198 1038 2278 planeta
1065 2216 1189 2278 corpore
1212 2209 1372 2283 peragrat,
1396 2223 1472 2266 con·

114 2297 318 2368 sectaturque
341 2306 407 2349 oum
432 2286 468 2362 O,
483 2289 521 2363 B,
541 2287 591 2350 A:
616 2294 648 2350 et
671 2289 712 2350 sit
731 2287 795 2368 jam
819 2285 903 2352 DGE
927 2293 1036 2360 rectus,
1061 2294 1095 2349 ut
1118 2297 1149 2350 et
1170 2287 1261 2355 EOF.
1301 2291 1472 2373 Oum'ergn

112 2381 169 2441 siut
199 2377 304 2458 anguli
327 2375 357 2438 hi
380 2378 544 2457 aequales,
574 2377 733 2440 constituti
765 2395 871 2457 nempe
904 2375 1078 2456 aequalibus
1109 2379 1309 2457 temporibus,
1335 2387 1366 2444 et
1388 2379 1474 2445 DCE

112 2467 251 2530 exterior
274 2474 384 2546 aequet
398 2465 489 2542 OBE,
507 2466 587 2531 CEB
610 2466 789 2529 interiores:
814 2484 884 2547 ergo
908 2471 995 2546 parte
1011 2461 1092 2527 OEB
1116 2465 1221 2530 ablata
1239 2469 1375 2534 residuus
1392 2469 1473 2534 GBE

112 2559 158 2619 rel
181 2555 276 2618 ΗΒΕ
298 2555 395 2617 minor
418 2556 474 2618 erit
499 2575 587 2637 quam
610 2552 713 2631 DOE;
737 2555 839 2637 itaque
862 2555 941 2617 FBE
964 2555 1060 2636 major
1088 2575 1177 2636 quam
1200 2557 1284 2622 DCE
1307 2559 1358 2621 val
1380 2556 1473 2622 FGE.

114 2645 173 2708 Sed
194 2643 262 2720 DE
286 2661 374 2706 arcus
397 2646 526 2708 metitur·
542 2643 626 2707 ΗΒΕ
649 2645 803 2725 angulum,
835 2641 1052 2706 eruentus
1085 2647 1226 2726 angulum
1248 2647 1348 2724 EBF3
1380 2648 1476 2711 minor
1533 2701 1537 2715 .

117 2755 186 2815 ergo
212 2733 277 2796 DE
302 2751 389 2814 qnam
404 2734 477 2810 ΕΠ
502 2742 533 2796 et
556 2733 668 2796 transit
690 2734 814 2814 planeta
831 2753 884 2816 per
899 2753 950 2818 eos
975 2733 1150 2814 aequalibus
1173 2737 1367 2819 temporibus.
1393 2737 1476 2816 Ergo

115 2825 191 2886 idem
218 2822 308 2886 orbis
330 2823 444 2886 solidus
468 2827 558 2904 (quos
583 2823 721 2904 opinatur
738 2823 937 2904 Ooperuions)
961 2823 990 2884 in
1006 2841 1063 2904 quo
1082 2823 1189 2887 haeret
1210 2825 1346 2906 planeta,
1370 2826 1477 2890 tardus

115 2923 170 2986 est,
194 2931 272 2974 cum
295 2913 419 2993 planeta
442 2913 514 2975 orbe
536 2919 642 2974 vectus
665 2913 779 2974 incedit
800 2912 884 2974 exD
907 2913 937 2974 in
953 2911 998 2988 E3
1021 2912 1120 2990 velox,
1144 2934 1210 2977 oum
1234 2915 1260 2978 it
1283 2935 1320 2976 ex
1341 2914 1369 2977 E
1391 2915 1423 2977 iu
1441 2917 1475 2978 F.

113 3003 209 3067 'lotus
237 3019 314 3081 ergo
338 3002 420 3064 orbis
443 3002 556 3065 solidus
577 3001 642 3082 jam
665 3002 768 3076 velox,
792 3002 859 3083 jam
882 3001 987 3062 tardus
1016 3007 1073 3065 est.
1121 2999 1210 3076 Quod
1234 3001 1420 3084 Oopernicns
1443 3013 1478 3066 ut

114 3091 283 3156 amandum
306 3091 411 3170 rejicit.

202 3179 329 3253 Quodsi
352 3179 447 3242 virtus
470 3197 594 3241 movens
617 3177 805 3260 praesideret
828 3177 892 3240 orbi
916 3178 1012 3240 solido
1028 3178 1217 3262 undiquaque
1232 3179 1390 3263 aequabili,
1414 3199 1475 3243 uon

114 3289 184 3333 vero
219 3269 308 3332 nudo
336 3269 493 3350 planetae,
523 3269 629 3331 merito
662 3268 737 3330 haec
765 3275 800 3331 ut
828 3268 959 3330 absurda
989 3276 1021 3329 et
1048 3287 1104 3350 ego
1127 3268 1291 3350 rejicerem.
1337 3268 1383 3331 At
1406 3269 1477 3352 quia

115 3359 205 3422 solidi
226 3358 326 3420 'orbes
350 3358 422 3420 nulli
447 3365 525 3434 snut,
549 3358 617 3420 vide
642 3377 718 3420 nuno
733 3357 966 3419 concinnitatem
983 3357 1140 3440 physicam
1154 3357 1242 3439 hujus
1261 3357 1476 3442 hypotheseos,

113 3451 138 3510 si
159 3447 356 3530 paucissima
386 3455 558 3517 mutentur,
589 3448 626 3509 de
659 3446 766 3530 quibus
788 3447 877 3526 inira.
922 3433 1044 3514 Etenim
1067 3446 1178 3510 statuit
1199 3447 1275 3510 haec
1297 3447 1477 3531 hypothesis

114 3537 275 3620 (quamvls
302 3535 406 3615 ignaro
430 3535 619 3610 Ptolemaeo)
643 3537 718 3599 duas
740 3535 869 3598 virtutes
894 3535 1050 3610 matrices,
1075 3535 1180 3616 quibus
1203 3538 1329 3618 planeta
1351 3537 1478 3618 quilibet

114 3629 254 3690 vehatur.
306 3625 422 3687 Harum
445 3627 571 3688 alteram
594 3625 679 3706 ponit
701 3626 731 3688 in
756 3623 785 3686 A
809 3643 946 3705 corpore·
964 3625 1057 3707 (quod
1080 3625 1119 3688 iu.
1135 3625 1349 3689 reformatione
1372 3633 1477 3689 astro-

114 3719 236 3780 nomiae
262 3713 439 3794 ipsissimus
463 3713 516 3778 Sol
534 3715 607 3789 erit)
631 3733 756 3796 eamque
780 3715 824 3777 ait
846 3715 916 3791 niti,
951 3723 986 3777 ut
1008 3715 1161 3796 planetam
1185 3715 1373 3796 circumagat
1395 3716 1477 3778 circa

114 3825 156 3882 se,
196 3805 257 3869 sed
298 3803 411 3884 gradus
442 3803 553 3868 habere
585 3803 716 3866 infinitos
739 3823 792 3886 pro
816 3803 939 3866 infinitis
963 3804 1082 3884 punctis
1107 3804 1271 3867 distantiae
1295 3805 1334 3867 ab
1357 3803 1407 3868 A:
1431 3812 1475 3881 ut,

114 3897 192 3959 sicut
216 3900 272 3957 est
295 3893 362 3954 AD
386 3893 569 3974 longissima,
593 3893 649 3955 AF
670 3893 858 3970 brevissima,
884 3895 928 3956 sic
950 3895 1075 3974 planeta
1098 3912 1214 3975 quoqne
1238 3893 1333 3956 sitin
1356 3895 1384 3956 D
1408 3901 1476 3958 tar·

114 3985 279 4059 dissimnS,
311 3981 342 4042 in
366 3981 392 4043 F
413 3982 640 4068 velocissimus:
674 3982 757 4044 etin
780 3985 969 4058 uuiversum,
995 3990 1029 4045 ut
1051 3983 1110 4045 AD
1134 3983 1173 4046 ad
1196 3981 1253 4045 AB
1277 3981 1321 4046 sic
1344 3985 1477 4048 tarditas

115 4075 193 4155 apud
217 4074 250 4136 D
279 4069 321 4131 ad
344 4069 518 4134 tarditatem
543 4071 622 4152 apud
644 4069 682 4147 Ε,
706 4079 740 4133 nt
761 4071 840 4134 infra
862 4072 977 4154 prolixe
1001 4072 1256 4136 demonstrabitur
1269 4079 1358 4154 parte
1374 4073 1475 4136 tertia.

115 4165 260 4226 Alteram
288 4157 430 4221 virtutem
452 4161 609 4223 motricem
631 4159 736 4222 tribuit
758 4161 933 4244 hypothesis
957 4161 1017 4224 ista
1038 4163 1181 4242 planetae
1196 4159 1264 4244 ipsi,
1289 4163 1335 4223 cui
1353 4161 1475 4236 sufficit,

116 4260 149 4314 nt
168 4254 221 4316 vel
249 4247 433 4314 fortitudine
457 4251 631 4331 angulorum
656 4251 703 4312 vel
735 4249 843 4313 intuitu
866 4251 1031 4315 crescentis
1055 4259 1087 4313 et
1110 4249 1313 4314 decrescentis
1337 4249 1476 4314 diametri

117 4340 196 4404 Solis
225 4357 309 4404 suos
343 4339 482 4403 'accessus
511 4339 560 4402 vel
587 4357 725 4401 recessus
754 4339 867 4403 aSole
896 4340 1066 4403 moderetur
1099 4340 1251 4421 iaciatque
1275 4340 1476 4403 differentiam

118 4431 233 4493 mediae
275 4425 446 4489 distantiae
483 4427 706 4508 alongissima
728 4436 761 4492 et
782 4429 962 4492 brevissima
993 4430 1150 4511 aequalem
1172 4429 1232 4509 ipsi
1257 4416 1323 4490 AB.
1369 4429 1477 4510 Itaque

117 4529 260 4600 punctum
288 4512 317 4578 C
350 4517 506 4597 aequastis
530 4517 603 4581 nihil
631 4518 713 4580 aliud
741 4526 789 4582 est
811 4539 899 4602 qnam
922 4517 1131 4601 compendium
1154 4515 1368 4598 geometricum
1393 4537 1493 4580 comm

119 4609 244 4688 putandi
270 4606 473 4684 aequationes
497 4627 534 4669 ex
556 4606 716 4690 hypothesi
739 4608 828 4690 plane
851 4607 988 4691 physica.
1047 4606 1165 4678 Quodsi
1194 4613 1296 4668 tamen
1329 4607 1380 4668 via
1407 4607 1477 4687 pla-

119 4707 205 4765 netae
230 4699 278 4760 sit
301 4694 459 4776 perlectus
481 4695 617 4771 circulus,
641 4693 684 4757 uti
708 4697 827 4778 quidem
849 4697 1023 4760 Ptolemaeo
1043 4694 1167 4778 placuit,
1191 4700 1311 4775 oportet
1324 4696 1479 4777 planetam

120 4787 241 4870 insuper
272 4793 308 4849 et
344 4801 465 4849 sensnm
491 4785 619 4868 aliquem
650 4785 761 4872 habere
791 4787 856 4867 ejus
880 4787 1047 4849 celeritatis
1070 4792 1102 4847 et
1125 4781 1297 4858 tarditatis,
1332 4804 1390 4865 qua
1413 4785 1478 4867 ipse

119 4879 300 4959 prorelritur
325 4871 366 4934 ab
391 4873 489 4936 altera
510 4883 635 4938 externa
655 4871 781 4954 virmw,
810 4883 844 4939 ut
865 4877 905 4940 ad
925 4875 1013 4958 hujus
1027 4875 1217 4958 praescripta
1230 4870 1325 4937 etism
1339 4892 1410 4937 suos
1425 4892 1480 4936 ac-

1274 1623 1295 1670 l
1442 1623 1458 1668 d
