3680 5538
732 284 814 346 stes
831 285 946 348 saca
1440 284 1509 368 ,455
1541 258 1544 267 '

169 467 267 530 iecisti.
308 467 433 530 histrum
461 463 548 544 igitur
574 470 692 543 partiunt
720 471 788 538 erit,
810 473 967 530 occasiones
988 476 1058 530 bene
1079 475 1254 532 collocmlae
1275 465 1357 548 buius
1377 467 1509 554 d‘lissagn.

167 556 228 610 Tua
257 553 323 610 mibi
352 554 517 624 impetratae
545 553 755 608 benevolentiae
775 553 988 624 circumspicere.
1030 559 1146 626 (Spectat
1169 562 1207 612 bis
1232 563 1267 614 K
1293 567 1419 616 comitiam
1445 569 1508 618 iler-

167 644 237 694 verti
257 642 287 691 de
305 639 395 692 salario
413 656 457 690 mo
474 636 648 706 impetrando).
689 634 789 690 Altera
816 633 937 706 epistola
961 637 987 692 d.
1011 631 1055 690 16.
1080 635 1164 704 hrrjus
1189 636 1249 706 jam
1279 639 1395 709 scripta,
1416 641 1510 713 Praga

167 715 232 770 mibi
253 713 424 770 Braudisium
444 720 489 768 est
507 713 677 768 transmissa.
718 714 778 776 Quo
798 714 885 769 minus
906 715 998 770 mirari
1019 716 1101 769 debes
1123 721 1231 786 turpem
1250 720 1424 774 amanuensis
1450 738 1509 775 rus·

169 795 253 852 ticoni
274 809 392 850 mannm.
434 794 570 850 Misissem
589 809 677 848 meam
697 803 817 858 manum
839 794 891 848 nisi
912 795 1024 850 contuse
1044 797 1186 850 mnodum
1207 805 1281 850 esset
1301 799 1435 868 disposita
1453 819 1510 856 res·

168 875 273 947 ponsio.
295 904 335 914 —
353 875 397 929 De
417 880 478 928 arte
497 875 647 946 navigandi
668 873 801 928 sollicitus
823 875 956 929 hactonus
978 893 1031 930 non
1052 876 1103 940 rui,
1133 876 1232 946 quippe
1253 877 1404 933 latissimae
1425 883 1509 935 conti-

168 955 259 1010 nentis
280 955 419 1016 alumnum
448 969 481 1008 ac
501 972 537 1008 ne
557 955 672 1008 Nonium
693 954 798 1024 quidem
829 955 900 1026 legi,
932 954 977 1026 qui
1002 955 1108 1026 quidem
1129 958 1265 1011 exstabat
1287 957 1316 1012 in
1343 959 1512 1015 bibliotheca

169 1035 315 1107 Tychonis.
357 1035 454 1090 Incidit
479 1041 586 1098 tamem
617 1034 749 1105 prodiisse
780 1052 834 1089 non
860 1036 902 1088 ita
931 1035 1034 1106 pridem
1055 1037 1089 1091 Η.
1112 1036 1200 1090 Grotii
1229 1037 1507 1100 ,Limenheuretica.“

167 1119 212 1172 De
231 1114 368 1188 magnetis
388 1131 454 1168 vero
475 1121 577 1170 natura
597 1115 780 1170 Gilbertus
802 1114 955 1170 doctissime
977 1116 1093 1186 scripsit.
1136 1117 1179 1170 De
1200 1117 1415 1188 longitudinibus
1437 1121 1509 1174 loco·

169 1213 228 1252 rum
248 1194 379 1251 beneflcio
392 1196 529 1266 magnetis
544 1195 572 1250 in
586 1194 679 1249 mediis
693 1195 771 1248 undis
786 1195 954 1249 addiscendis
970 1195 1002 1252 G.
1024 1196 1242 1251 Nautonnier
1262 1197 1340 1252 Sieur
1355 1200 1387 1253 de
1403 1201 1508 1254 Castel-

169 1277 246 1332 iranc
266 1293 301 1329 en
321 1275 489 1348 Languedoc
509 1273 738 1346 splendidissimas
758 1275 887 1346 proponit
907 1275 1118 1346 speculationes.
1159 1282 1198 1331 st
1227 1295 1261 1330 ne
1291 1277 1368 1334 irrite
1398 1281 1512 1335 consilia

170 1357 226 1412 sint
251 1356 468 1428 gubernaculum
495 1371 577 1409 manu
600 1355 782 1419 versantibus,
814 1355 895 1410 valde
925 1373 1029 1410 vereor.
1071 1357 1172 1412 Vocem
1201 1357 1287 1422 enim,
1309 1377 1324 1411 e
1346 1349 1509 1414 continentis

168 1435 320 1494 meditullio
340 1435 499 1508 longissime
513 1435 671 1505 profectam,
692 1434 811 1506 palinuri
832 1435 932 1490 medios
953 1436 1024 1490 inter
1044 1438 1141 1492 fluctus
1156 1437 1251 1491 oceani
1273 1457 1326 1492 uon
1348 1439 1427 1492 facile
1448 1458 1509 1510 per·

170 1518 283 1590 cipiunt,
304 1523 336 1570 at
350 1518 385 1571 ad
406 1531 466 1570 eam
487 1533 548 1570 sese
563 1532 723 1586 componere
743 1515 857 1586 possint.
892 1515 954 1570 Vidi
974 1525 1004 1570 et
1018 1517 1182 1571 Germanum
1196 1519 1321 1589 aliquem,
1344 1519 1429 1590 quiin
1444 1521 1509 1574 folio

170 1597 270 1671 regali,
291 1597 395 1651 chumis
415 1612 488 1651 mere
502 1597 619 1650 nauticis
640 1595 750 1650 nautico
764 1612 838 1649 more
859 1604 1002 1660 exornato,
1021 1595 1233 1671 descriptionem
1247 1599 1374 1653 exhibuit
1395 1601 1510 1654 omnium

170 1679 281 1734 litorum
311 1675 392 1732 maris
412 1675 515 1731 Baltici
543 1683 574 1731 et
602 1675 697 1730 oceani
718 1675 879 1740 Germanici,
908 1677 1078 1748 aquitanici,
1101 1677 1271 1743 Cantabria,
1302 1696 1387 1750 usquo
1410 1681 1509 1735 Gades.

170 1759 203 1814 ln
224 1776 257 1813 eo
277 1757 368 1812 fluxus
388 1764 418 1813 et
437 1757 559 1812 refluxus
586 1755 668 1812 maris
694 1763 824 1811 accurata
844 1757 998 1812 continetur
1019 1757 1168 1828 explicatio
1190 1763 1395 1830 ceterorumque
1417 1759 1511 1816 oceani

170 1847 299 1895 motuum.
339 1839 444 1894 Nomen
463 1837 583 1893 secaris
603 1836 713 1892 excidit.

260 1927 476 1999 Aliquammulta
500 1929 532 1980 de
554 1927 606 1981 bac
625 1943 656 1980 re
676 1927 704 1981 in
723 1925 768 1981 Fr,
790 1924 946 1981 Patricio
966 1925 1153 1980 inveniuntur:
1181 1929 1301 1998 quamvis
1323 1929 1346 1984 is
1367 1947 1510 2002 perperam

171 2009 277 2064 Lunam
299 2004 337 2077 (si
355 2007 426 2062 bene
447 2002 568 2074 memini)
588 2006 735 2061 excludere
760 2013 876 2062 conatm
905 2024 922 2061 a
952 2007 1168 2062 consideratione
1199 2023 1350 2066 causarum.
1391 2011 1435 2066 Ex
1464 2012 1512 2066 illo

172 2089 309 2144 Germano
324 2095 436 2143 auctore
450 2093 519 2143 nata
543 2085 608 2142 mibi
622 2093 665 2140 est
686 2085 756 2142 baec
770 2087 934 2156 speculatio:
956 2103 975 2141 a
986 2087 1066 2141 Luna
1080 2087 1167 2141 maria
1180 2087 1219 2142 sic
1233 2089 1346 2154 attrahi,
1367 2096 1400 2143 ut
1413 2091 1513 2163 gravia

172 2169 263 2224 omnia
283 2168 397 2239 ipsaque
411 2167 500 2223 maria
512 2165 690 2222 attrahuntur
710 2184 729 2223 a
748 2167 841 2222 Terra
876 2169 961 2222 Terra
976 2167 1082 2238 quidem
1102 2167 1199 2222 fortius
1216 2169 1342 2234 attrahit,
1363 2180 1512 2241 propterca

173 2249 261 2304 maria
280 2265 335 2302 non
355 2255 472 2321 surgant
492 2247 520 2302 in
540 2253 633 2302 aerem
653 2247 809 2302 deserentia
828 2247 954 2311 Terram,
987 2249 1034 2302 sed
1055 2250 1241 2303 tantummodo
1267 2249 1391 2306 feruutur
1411 2253 1513 2308 Terrae

173 2329 359 2385 incumbentia
379 2345 398 2384 a
417 2329 552 2384 lateribus
573 2328 695 2384 omnibus
716 2343 810 2382 versus
840 2327 983 2392 torridam,
1013 2334 1045 2382 ut
1064 2328 1103 2382 ibi
1123 2327 1238 2399 ejusque
1259 2345 1295 2383 ea
1314 2339 1411 2400 parte,
1442 2348 1512 2402 quae
1553 2367 1555 2382 .

172 2411 269 2464 Lunae
299 2409 396 2463 subest
424 2408 702 2480 perpendiculariter,
733 2426 766 2464 eo
787 2415 921 2463 momento
942 2407 1098 2478 superficies
1120 2407 1215 2464 oceani
1243 2410 1294 2464 fiat
1323 2411 1413 2467 altior.
1454 2413 1513 2466 Hoc

173 2491 248 2545 lacto
274 2492 411 2544 nudantur
429 2489 577 2560 Europaeo
596 2488 693 2554 litora,
724 2489 788 2560 quia
808 2490 842 2542 ad
862 2489 938 2544 latus
959 2488 1058 2558 posita.
1097 2489 1178 2544 Luna
1198 2489 1325 2554 abeunte,
1347 2508 1407 2546 cum
1427 2493 1514 2548 maria

173 2573 208 2624 ob
238 2570 397 2624 tarditatem
417 2576 447 2624 et
467 2569 604 2639 objectum
632 2569 742 2625 litorum
760 2569 904 2624 amedeis
925 2568 1002 2641 sequi
1023 2585 1077 2624 nou
1096 2567 1217 2639 possint,
1249 2587 1396 2641 suspensus
1427 2579 1516 2626 tumor

173 2663 307 2722 aquaram
328 2649 392 2704 sidit
411 2650 462 2704 sub
483 2649 585 2704 torrida
605 2657 811 2721 sequanturque
831 2649 988 2719 superficies
1008 2649 1135 2713 marium,
1167 2657 1300 2724 teguntur
1319 2658 1349 2706 et
1370 2653 1516 2722 implentur

174 2733 274 2785 iterum
293 2731 423 2801 Europae
443 2729 535 2788 litora
568 2728 719 2800 Implentur
739 2737 832 2784 autem
852 2746 905 2784 non
921 2731 956 2784 ad
977 2729 1167 2800 aequilibrium
1188 2747 1246 2784 cum
1261 2748 1363 2789 oceano
1384 2732 1513 2798 torridae,

174 2811 223 2865 sed
244 2809 327 2864 altius
348 2812 384 2865 ob
403 2809 534 2881 impetum
552 2811 655 2864 ruentis
676 2811 808 2865 undarum
828 2810 905 2865 molis
927 2803 1041 2880 (wegen
1060 2811 1108 2863 des
1128 2805 1311 2882 Sohwungs),
1331 2821 1364 2864 ut
1383 2813 1411 2866 in
1431 2803 1516 2868 situla

175 2908 226 2946 seu
247 2889 327 2945 labro
355 2907 428 2964 aqua
451 2891 536 2945 semel
562 2897 652 2954 mota,
682 2891 729 2944 ubi
758 2891 888 2960 impetum
917 2889 1026 2959 accepit
1046 2889 1195 2944 diutissime
1224 2890 1378 2960 reciprocat
1405 2892 1512 2958 fluctus,

175 2971 312 3044 paulatim
333 2971 464 3036 minores,
495 2971 580 3025 donec
609 2969 724 3040 denique
751 2970 884 3042 quiescat.
924 2971 1021 3040 ltaque
1040 2969 1121 3023 Luna
1149 2969 1303 3034 occidente,
1334 2989 1393 3026 cum
1421 2975 1513 3028 oceani

176 3051 262 3106 moles
283 3049 387 3122 impetu
400 3051 535 3106 subvecta
548 3049 647 3105 nostris
669 3051 809 3104 incumbat
822 3049 956 3113 litoribus,
977 3047 1030 3103 etsi
1046 3049 1108 3117 jam
1127 3048 1206 3102 nulla
1226 3065 1298 3103 nova
1312 3067 1398 3104 causa
1411 3053 1514 3106 coeles·

176 3133 213 3185 tis
233 3137 347 3186 revocat
368 3147 455 3203 squas
476 3133 527 3186 sub
547 3131 691 3186 torridam:
719 3129 797 3201 ipsae
822 3137 915 3184 tamen
941 3146 971 3182 ss
1000 3129 1066 3199 ipsis
1087 3134 1117 3181 et
1136 3133 1235 3198 suopte
1255 3130 1388 3198 pondere,
1420 3138 1515 3202 utpote

176 3213 254 3266 ultra
268 3211 459 3282 aequilibrium
479 3211 582 3282 impetu
602 3210 751 3266 subrectae
764 3217 908 3265 recummt
928 3209 979 3262 sub
994 3209 1124 3262 torridam
1144 3207 1235 3279 ibique
1256 3225 1355 3263 norum
1375 3219 1515 3284 tumorem,

176 3294 252 3362 apud
272 3309 320 3346 uos
349 3308 416 3346 vero
436 3293 545 3347 litorum
567 3291 718 3345 nuditatem
746 3288 862 3345 absente
882 3289 964 3343 Luna
983 3294 1144 3352 causantur,
1174 3287 1330 3358 impetuque
1352 3301 1517 3345 vanescente

175 3387 282 3426 rursum
303 3379 447 3427 recurrunt
468 3389 486 3428 a
505 3371 619 3444 fastigio
640 3371 689 3425 illo
707 3371 875 3442 implensque
896 3375 992 3425 nostra
1011 3368 1108 3432 litora,
1129 3367 1209 3422 Luna
1229 3367 1336 3423 interim
1364 3369 1467 3425 oriente
1489 3380 1518 3426 et

175 3468 276 3507 noram
296 3453 489 3508 attractionem
509 3452 583 3508 boris
604 3447 636 3517 6,
657 3451 753 3523 quibus
779 3452 809 3506 in
828 3451 997 3505 ucendendo
1018 3455 1160 3514 versatur,
1182 3455 1322 3504 causante.
1363 3451 1424 3504 lam
1453 3469 1517 3506 sero
1542 3455 1544 3460 '

175 3533 261 3587 litora
274 3536 369 3588 nostra
388 3549 443 3587 nou
457 3533 547 3588 omnia
560 3533 655 3587 iisdem
667 3532 741 3587 horis
762 3532 918 3601 implentur,
939 3530 988 3584 sed
1001 3527 1115 3584 subinde
1129 3527 1215 3584 serius
1236 3527 1294 3594 illa,
1317 3547 1387 3602 quae
1407 3532 1517 3606 longius

175 3613 252 3667 intra
271 3613 454 3667 continentem
474 3620 539 3669 sunt
558 3612 655 3668 abdita
674 3619 704 3666 et
723 3629 775 3684 qno
797 3609 942 3684 angustior
955 3617 999 3664 est
1018 3608 1138 3664 maribus
1160 3607 1250 3664 aditus
1272 3608 1384 3688 odilla
1419 3613 1515 3686 ltaque

174 3692 338 3748 Britanniae
368 3699 398 3748 et
416 3693 582 3768 Norwegiae
603 3693 740 3748 contraria
764 3692 849 3747 litora
867 3691 961 3745 iisdem
982 3691 1128 3762 implentur
1155 3689 1237 3746 boris.
1278 3693 1319 3744 Ao
1340 3709 1400 3746 cum
1420 3693 1515 3748 alveus

176 3773 252 3828 inter
271 3772 378 3827 Gallias
398 3779 427 3828 ct
447 3773 606 3829 Britannias
628 3774 664 3828 sit
684 3781 835 3845 angustus,
866 3787 983 3826 oceaum
1004 3787 1070 3824 vero
1097 3769 1196 3824 circum
1218 3770 1336 3824 Orcades
1357 3771 1515 3836 latissimus,

175 3852 230 3906 etsi
251 3853 360 3925 longior
378 3853 424 3908 bic
443 3854 647 3920 circumductus,
669 3853 748 3908 citius
769 3861 861 3908 amen
875 3851 921 3906 hio
940 3849 1058 3906 sentitur
1077 3856 1172 3903 aestus
1187 3866 1269 3920 quam
1288 3849 1414 3906 orientali
1435 3861 1517 3923 parte

176 3933 260 3988 alvei
294 3934 364 3988 Hinc
385 3933 468 3990 etiam
482 3951 567 3990 causa
585 3941 667 4006 patet
681 3949 825 3989 arenarum
845 3933 917 3987 inter
929 3931 1057 4004 Belgium
1071 3937 1100 3984 et
1112 3929 1279 3996 Britannias,
1300 3932 1426 4002 quicquid,
1445 3934 1514 3987 enim
1565 3957 1568 3965 ·

177 4029 322 4068 menarum
343 4015 486 4071 devehitur
513 4032 619 4071 senex
640 4015 787 4070 Germanis
812 4020 843 4068 et
863 4011 960 4066 Galliis
982 4028 1031 4066 seu
1051 4028 1088 4064 ex
1108 4009 1267 4076 Britannia,
1289 4010 1316 4066 id
1335 4011 1373 4065 ibi
1394 4003 1516 4068 accumu-

170 4091 261 4160 latur,
281 4093 328 4148 ubi
343 4101 437 4150 aestus
458 4095 510 4150 sibi
530 4102 623 4152 mutuo
644 4101 797 4160 occurrunt,
819 4094 892 4148 alter
912 4093 948 4146 ab
969 4091 1107 4146 occidente
1128 4091 1220 4146 altera
1239 4091 1433 4162 septentrione.

266 4193 367 4246 Verum
380 4191 433 4248 boo
451 4200 563 4249 nonest
577 4193 736 4265 catalogum
750 4191 869 4248 scribere
883 4205 984 4254 eorum,
1007 4187 1052 4260 qui
1065 4189 1099 4241 de
1119 4204 1149 4242 re
1164 4188 1276 4244 nautica
1288 4188 1463 4257 scripserunt.
1478 4219 1517 4230 —

177 4269 282 4338 Quales
302 4271 393 4348 lineae
407 4273 504 4345 quibus
524 4274 614 4328 vestm
634 4273 809 4345 navigentur,
829 4271 910 4328 hodie
924 4270 1032 4325 abunda
1046 4269 1145 4322 docent
1158 4285 1251 4336 omnes
1267 4269 1352 4340 globi,
1373 4271 1518 4340 globorum
1544 4339 1552 4356 ·

176 4355 335 4426 fragmenta
348 4357 378 4407 et
391 4353 514 4418 chartae,
534 4353 652 4410 maxim
672 4352 814 4419 Boudii,
836 4351 882 4424 qui
901 4351 940 4404 sic
960 4352 1078 4405 adornat
1097 4364 1162 4404 ansa
1176 4349 1298 4414 chartas,
1318 4355 1351 4405 ut
1364 4366 1434 4420 quae
1454 4360 1518 4408 sunt

177 4435 206 4490 in
224 4434 310 4508 globo
331 4430 449 4504 spitales
469 4433 567 4498 lineae,
588 4432 648 4505 ipse
669 4434 751 4490 rectis
772 4431 970 4503 perfectissime
990 4428 1078 4500 possit
1098 4429 1260 4500 exprimere.

264 4531 349 4586 Edita
360 4536 405 4586 est
418 4546 489 4586 anno
506 4531 583 4588 1584
595 4531 774 4601 antwerpiae
789 4529 1006 4601 Cosmographia
1025 4525 1158 4599 Apiani
1178 4541 1238 4580 cunr
1258 4525 1409 4581 Gammae
1430 4529 1517 4598 patris
1617 4543 1621 4552 ·

177 4611 277 4668 attilii
298 4611 490 4668 additionibus.
531 4612 571 4668 lbi
601 4611 719 4682 plurima
747 4613 782 4666 ad
803 4611 941 4666 nauticam
969 4608 1150 4679 pertinentia:
1180 4613 1213 4658 ut
1241 4605 1362 4660 inventio
1392 4610 1517 4678 quadrati

175 4691 289 4758 nsotici,
309 4690 358 4747 nbi
371 4707 409 4746 ax
427 4699 510 4746 vento
523 4699 554 4746 et
574 4691 763 4747 altitudinibus
784 4691 841 4762 poli
860 4693 972 4745 duorum
993 4691 1112 4744 locorum
1126 4686 1245 4740 babetur
1257 4685 1410 4741 differentia
1430 4689 1518 4761 longi·

175 4773 285 4838 tudinis,
301 4772 368 4827 item
381 4770 451 4826 idern
464 4789 502 4826 ox
515 4771 706 4826 observatione
719 4772 824 4828 Lunae.
838 4799 877 4809 -
890 4771 977 4824 Plura
995 4787 1049 4824 non
1068 4765 1183 4830 memini,
1204 4765 1275 4820 liber
1294 4765 1359 4820 mibi
1372 4767 1445 4822 furto
1459 4787 1518 4824 snr-

173 4861 271 4931 reptns
285 4859 340 4912 ert.
369 4853 585 4908 Acoommc'dsbo
598 4857 629 4906 ct
641 4867 697 4925 ogo
704 4851 766 4908 Deo
779 4852 889 4906 volente
903 4845 1149 4924 „Parisllucticasnu
1166 4860 1254 4900 neam
1267 4841 1312 4907 (rc
1325 4854 1434 4907 abdam
1445 4871 1518 4924 qaam
