3680 5538
639 319 700 373 rm
718 319 822 384 om
856 319 937 390 eapse
953 319 1031 374 nvn
1284 383 1286 390 ,
1443 303 1508 380 397

166 493 249 562 Solis
263 496 348 578 eique
362 495 540 577 conjunctae
557 498 754 582 magnetioae,
776 501 885 564 insitae
903 501 962 583 ipsi
980 503 1130 584 planetae,
1153 502 1292 579 utsupra
1314 492 1508 576 explicatum.

166 586 201 652 Si
224 604 296 666 ergo
319 603 374 667 per
396 605 464 649 seso
487 587 616 652 officinm
648 590 762 652 faciunt
789 591 915 653 virtutes
946 589 1152 671 magnetieae,
1176 588 1246 669 quid
1274 605 1348 668 opus
1375 583 1437 647 illis
1461 590 1509 646 est

165 674 277 738 mentis
308 675 490 739 directorio?
525 677 573 740 Ae
602 678 661 740 etsi
693 679 731 741 de
759 680 931 760 magnetica
952 681 998 756 vi,
1029 678 1104 761 ipsis
1136 674 1309 758 corporibus
1331 671 1508 755 planetariis

165 764 266 839 insita,
289 765 395 828 incerti
412 765 575 830 mansimus
598 769 849 848 contemplatione
867 770 934 833 axis
948 768 1089 844 Telluris,
1113 767 1162 852 qni
1179 766 1315 829 diversus
1333 769 1383 824 est
1397 761 1511 824 alinea

166 852 304 936 apsidum
327 852 427 917 Solis:
457 863 491 916 at
512 855 586 918 haee
610 857 772 920 difficultas
799 859 936 940 utrinque
964 857 1127 922 communis
1150 863 1207 918 est.
1252 854 1332 918 Nam
1355 859 1388 923 at
1409 858 1509 914 mente

164 943 266 1024 posita
294 949 395 1006 tamen
423 945 519 1006 coacti
543 965 644 1008 snmus
668 947 824 1010 admittere
847 949 939 1012 talem
963 968 1064 1024 axem,
1089 947 1207 1029 qualem
1228 942 1260 1006 iu
1282 942 1403 1005 Tellure
1426 935 1509 1002 desi·

165 1032 314 1109 deramue,
339 1051 397 1112 quo
411 1032 561 1097 mediante
576 1053 661 1098 mens
680 1037 887 1118 apprehendat
908 1037 1113 1102 fortitudinem
1137 1033 1243 1114 anguli
1258 1051 1311 1096 sen
1326 1031 1390 1111 ejus
1413 1028 1510 1092 sinum

164 1139 293 1185 versum.
342 1121 455 1186 Contra
481 1124 675 1200 vehementer
702 1135 789 1207 urget
811 1147 866 1190 nos
894 1125 1137 1201 verisimilitudo,
1165 1131 1201 1186 ut
1222 1119 1410 1184 librationem
1432 1118 1510 1180 hauc
1546 1171 1553 1194 ,

163 1211 363 1292 planetamm,
387 1230 462 1292 quae
477 1213 553 1275 citra
576 1217 810 1279 controversiam
830 1217 913 1298 leges
931 1223 1058 1280 naturae
1081 1214 1224 1296 sequitur,
1247 1217 1372 1273 naturae
1393 1205 1510 1270 adscri-

163 1301 271 1364 bamus
293 1300 479 1376 insolidum,
503 1305 765 1386 quomodocunque
788 1325 826 1368 ea
840 1305 914 1369 insit
936 1305 1110 1386 corporibus
1131 1305 1330 1384 planetarum.
1364 1298 1510 1377 Adeoque

166 1397 199 1452 et
221 1390 318 1471 ipsam
340 1391 418 1452 hanc
441 1391 734 1473 comprehensionem
757 1389 933 1459 sensitivam
953 1394 1036 1459 Solis
1058 1401 1090 1456 et
1111 1393 1245 1466 lixarum
1271 1407 1358 1471 quam
1380 1385 1511 1450 molliter
1596 1464 1600 1473 ,

165 1497 222 1560 epo
246 1477 362 1560 accipio
384 1481 535 1562 mentique
558 1482 698 1563 planetae
722 1484 878 1570 indulgeo,
895 1485 998 1548 nescio
1021 1503 1059 1546 au
1078 1483 1261 1546 sufficienter
1283 1476 1389 1542 lectori
1410 1475 1512 1557 philo-

163 1568 261 1650 sopho
284 1567 549 1648 comprobaverim.

252 1657 383 1720 Accedit
404 1665 436 1720 et
452 1658 519 1735 hoc,
543 1661 621 1743 qnod
644 1660 675 1722 iu
697 1661 773 1742 ipsis
795 1662 886 1726 etiam
907 1663 1015 1737 modis,
1039 1679 1113 1744 quos
1135 1657 1228 1722 menti
1249 1653 1510 1739 praescripsimus,

166 1747 307 1823 omnium,
332 1746 381 1828 quii
404 1756 532 1828 possunt
549 1767 627 1823 esse,
649 1749 888 1831 probatissimos,
911 1751 1058 1833 implicari
1080 1749 1200 1812 videtur
1218 1745 1363 1828 quaedam
1386 1741 1512 1806 incerti·

163 1838 237 1901 tudo
260 1835 460 1916 geometriam
492 1858 569 1920 quae
592 1839 694 1903 nescio
716 1861 755 1903 an
777 1859 837 1904 non
860 1861 879 1902 a
900 1843 966 1905 Deo
989 1842 1056 1922 ipso
1079 1837 1264 1920 repudietur,
1294 1835 1344 1916 qui
1365 1833 1512 1896 hactenus

165 1945 284 2007 semper
307 1925 543 1991 demonstrativa
572 1929 623 1990 via
645 1947 823 2011 progressus
841 1949 909 1993 esse
932 1929 1172 2012 deprehenditur.
1220 1927 1298 1990 Nam
1322 1922 1348 1986 si
1377 1921 1511 2003 planeta,

162 2023 253 2099 prout
275 2014 314 2076 ad
328 2014 431 2078 Solem
452 2017 563 2098 partim
578 2017 671 2082 insita
692 2020 722 2081 vi
745 2020 1037 2102 appropinquaverit,
1061 2019 1091 2080 in
1114 2017 1206 2080 alium
1219 2022 1251 2076 et
1272 2013 1363 2075 alium
1382 2011 1510 2092 gradum

163 2103 286 2168 virtutis
314 2122 352 2166 ex
374 2103 446 2167 Sole
475 2106 658 2170 adventitiae
692 2109 775 2171 veuit
797 2111 846 2182 (ut.
867 2109 984 2192 quidem
1007 2107 1115 2182 venit),
1145 2112 1177 2167 et
1204 2103 1230 2168 si
1253 2102 1365 2164 diversi
1397 2099 1510 2180 gredm

163 2195 316 2275 reciproce
339 2192 435 2273 ipsius
451 2195 541 2258 etism
562 2197 703 2278 planetae
725 2199 785 2260 vim
807 2197 1062 2280 appropinquandi
1083 2195 1253 2267 intendunt,
1277 2191 1346 2252 dum
1369 2188 1511 2268 angulum

166 2289 294 2363 augent,
326 2281 378 2364 qni
400 2283 503 2364 regula
523 2287 645 2366 ponitur
674 2289 970 2370 appropinquationis
997 2307 1050 2349 seu
1073 2283 1221 2348 auctionis
1244 2279 1383 2342 diametri
1406 2276 1509 2342 Solis:

168 2373 254 2436 uisus
276 2370 418 2452 planetae
431 2374 569 2454 proprius
592 2375 719 2458 denique
743 2376 874 2458 sibiipsi
897 2379 948 2440 liet
962 2397 1000 2438 ex
1022 2383 1109 2457 parte
1127 2390 1276 2444 mensura,
1301 2369 1386 2432 etin
1408 2367 1512 2429 inteu-

49 2475 52 2482 '
165 2462 246 2526 done
274 2461 416 2541 planetae
448 2463 536 2525 simul
566 2463 650 2545 prius
673 2473 705 2527 et
725 2467 892 2547 posterins;
925 2484 992 2529 eum
1015 2466 1055 2528 sit
1076 2482 1131 2544 per
1159 2467 1262 2543 partes
1292 2454 1459 2539 inaequalis
1482 2461 1514 2518 et

166 2551 204 2614 oh
228 2551 286 2612 hoc
308 2549 406 2630 ipsum
429 2570 569 2615 mensura
590 2553 761 2634 indiguerit.
800 2555 867 2628 Quo
889 2563 980 2637 pacto
997 2574 1057 2617 non
1081 2547 1326 2622 demonstrative,
1351 2547 1405 2610 sed
1427 2542 1515 2626 qnasi

165 2659 222 2724 per
244 2639 380 2720 regulam
403 2639 474 2702 falsi
497 2642 616 2706 dahitur
648 2643 815 2724 exploratio
844 2643 1103 2726 temperandarum
1127 2641 1235 2704 virium
1264 2637 1419 2718 utriusque
1449 2631 1514 2695 vir·

166 2729 253 2804 tutis,
275 2737 311 2791 ut
332 2729 437 2792 eodem
459 2737 594 2812 tempore
618 2751 685 2796 sese
709 2733 872 2815 expediant
894 2735 998 2796 eodem
1021 2730 1154 2812 corporis
1178 2729 1369 2793 circumactu.-

255 2817 324 2881 Nisi
347 2818 425 2880 sorte
439 2819 506 2900 quis
521 2839 559 2884 ex
581 2821 638 2884 hac
660 2821 729 2903 ipsa
746 2841 886 2886 mensura
900 2822 1109 2902 ἀγιωμιτρηιφ
1123 2836 1316 2900 progressum
1329 2813 1515 2897 apheliomm

167 2907 356 2972 occasionem
387 2907 521 2972 invenire
545 2911 693 2990 suspicari
715 2911 797 2973 velit.
844 2911 906 2975 Sed
934 2930 991 2973 nos
1019 2929 1110 2990 supra
1132 2927 1198 2988 cap.
1222 2905 1358 2969 XXXV.
1382 2903 1413 2966 in
1442 2921 1514 2964 sus-

166 3016 262 3080 penso
284 2995 472 3078 reliquimus,
505 3018 542 3061 an
571 3019 631 3061 non
662 2998 718 3062 hoc
750 3017 844 3080 genus
873 3007 1007 3062 motuum
1038 2998 1076 3060 ah
1109 2996 1170 3058 alie
1197 3013 1303 3067 cansa,
1336 2990 1454 3054 scilicet
1475 2989 1514 3051 ah

168 3083 352 3164 αἠιφραειι,
382 3085 482 3166 possit
504 3088 650 3164 existere3
682 3095 729 3164 nt,
759 3090 837 3151 sieut
858 3089 956 3152 ferrea
979 3086 1092 3150 tabells
1124 3085 1184 3146 vim
1205 3080 1355 3162 magnetis
1383 3078 1515 3159 lingulae
1626 3111 1629 3118 ι

167 3177 284 3238 ferreae
314 3173 481 3256 intercipit,
513 3178 558 3239 sic
583 3178 771 3260 planetarum
794 3196 921 3259 corpora
949 3177 1010 3260 sihi
1040 3183 1141 3238 mutuo
1164 3172 1256 3234 etiam
1287 3189 1358 3232 suas
1386 3167 1516 3229 virtutes

166 3263 354 3345 magnetioas
375 3266 529 3346 proprias,
552 3267 660 3348 quihus
682 3267 721 3329 ad
743 3266 847 3331 Solem
868 3273 1016 3341 annuunt,
1038 3262 1241 3342 intercipiant.
1285 3261 1364 3322 Nam
1387 3275 1424 3319 ne
1447 3273 1514 3318 cnm

167 3352 270 3418 Solari
283 3352 395 3415 virtute
417 3353 474 3416 hoc
497 3356 593 3432 heret,
613 3375 651 3418 ne
673 3357 793 3439 inquam
807 3357 927 3420 Solaris
944 3356 1051 3428 virtus,
1075 3349 1240 3414 communis
1254 3347 1401 3422 omnibns,
1416 3343 1514 3408 inter-
1595 3391 1598 3398 .

168 3441 320 3524 ciperetur
341 3442 392 3504 uni
415 3443 573 3525 interjectu
588 3445 728 3521 alterius,
753 3445 944 3508 distinximus
967 3445 1045 3506 inter
1062 3439 1225 3504 essentiam
1247 3435 1383 3517 corporis
1398 3431 1516 3499 Solaria

166 3540 200 3594 et
231 3531 475 3612 planetariorum.
533 3532 609 3598 Cum
641 3535 733 3616 igitur
763 3554 822 3598 non
853 3533 1078 3596 distinxerimus
1118 3529 1197 3592 inter
1228 3545 1354 3609 corpora
1384 3524 1517 3607 ipsorum

166 3619 367 3703 planetamm,
390 3621 510 3684 videtur
531 3623 589 3688 hoc
611 3623 641 3686 in
665 3644 757 3687 eausa
778 3622 916 3705 relinqui.
949 3623 1055 3705 Neque
1079 3639 1151 3683 sane
1169 3617 1304 3699 expediri
1325 3613 1433 3696 potuit,
1456 3611 1515 3676 nisi

168 3708 358 3792 deprehensa
379 3711 540 3774 verissima
562 3713 760 3794 dispositione
790 3713 952 3794 magnetici
975 3710 1109 3794 corporis
1130 3708 1285 3790 planetae,
1315 3723 1375 3787 qna
1397 3701 1516 3768 libratio

167 3798 405 3862 administretur.

260 3885 323 3950 Sed
345 3894 381 3951 ut
401 3888 641 3954 ratiocinationis
664 3891 705 3954 sit
727 3877 909 3972 siremplum:
939 3891 980 3954 sit
1001 3885 1161 3972 dispositio
1174 3883 1345 3966 magnetica
1365 3881 1515 3962 planetae,

170 3975 291 4062 qualern
312 3977 404 4058 paulo
427 3987 498 4042 ente
521 3999 587 4042 cum
610 3980 890 4058 introduxissemus,
912 3988 1021 4061 postea
1043 3980 1080 4042 de
1103 3975 1223 4040 Tellure
1251 3972 1436 4054 negavimus.
1481 3971 1517 4034 In

170 4087 209 4129 ea
230 4085 292 4128 non
314 4067 408 4129 hahet
429 4069 526 4132 locum
549 4069 790 4151 impedimentum
813 4072 851 4134 ah
874 4066 1052 4148 ἀντιφραξιι
1096 4067 1176 4130 Nem
1194 4065 1264 4146 quia
1284 4059 1406 4124 virtutis
1428 4076 1516 4139 meg-

170 4155 291 4221 neticae
314 4155 438 4220 effectus
461 4157 528 4233 fnit,
551 4159 589 4220 ad
605 4159 708 4222 Solem
730 4159 852 4222 tendere
875 4167 907 4221 et
928 4179 948 4220 a
961 4157 1033 4222 Sole
1047 4157 1169 4237 ingere,
1192 4152 1369 4231 interimque
1385 4148 1517 4212 directas

171 4253 275 4309 tenere
298 4245 390 4308 iihras
414 4247 494 4311 sedis
517 4249 719 4328 magneticae3
743 4248 769 4311 si
788 4267 859 4329 ergo
876 4249 954 4310 alius
975 4247 1108 4328 planeta,
1131 4244 1234 4308 Solem
1256 4241 1335 4303 inter
1357 4245 1388 4301 et
1408 4237 1516 4318 plane-

170 4343 236 4398 tam
258 4333 476 4412 interveniens,
508 4336 634 4418 impedit
663 4338 741 4400 hauc
763 4337 1024 4418 adnavigationem
1047 4335 1086 4398 nd
1109 4333 1213 4398 Solem
1240 4329 1430 4408 vellegem,
1457 4347 1517 4390 non
1619 4373 1630 4394 .

171 4423 316 4507 immdito
341 4425 487 4488 communi
509 4434 592 4490 motu
614 4445 652 4490 ex
675 4426 763 4491 Sole:
787 4427 884 4490 minus
906 4425 998 4506 igitur
1016 4425 1101 4506 justo
1120 4419 1313 4501 adnavigahit
1334 4416 1384 4479 vel
1412 4415 1517 4497 fugiet,

171 4514 272 4578 etsie
295 4514 459 4578 mutabitur
481 4514 621 4579 circuitus
644 4515 808 4598 amplitudo
831 4535 897 4578 cum
925 4515 1078 4597 periodica
1100 4521 1234 4593 tempore
1263 4523 1405 4571 successu
1428 4523 1517 4570 secu·

171 4603 272 4668 lormn
312 4601 477 4685 itemmque
506 4605 672 4686 corrigetur
703 4603 862 4668 sommariis
885 4603 1146 4684 eclipsationibus;
1178 4607 1211 4662 at
1233 4617 1291 4660 nou
1319 4594 1519 4658 transferetur

172 4691 328 4776 aphelium
350 4711 388 4756 ex
409 4693 467 4756 hec
489 4693 609 4777 quidem
622 4691 799 4776 ἀκιφραξιι.
835 4693 932 4776 Igitur
954 4713 1047 4757 causa
1068 4699 1167 4754 motus
1181 4686 1367 4769 apheliomm
1389 4703 1409 4746 a
1430 4682 1518 4748 nohis

173 4780 258 4868 prius
281 4781 379 4845 allata
403 4781 500 4846 adhuc
522 4783 590 4848 sola
611 4791 734 4866 regnat,
764 4782 829 4848 sine
852 4783 935 4848 socia
956 4783 1006 4846 vel
1028 4779 1154 4845 aemula.
1200 4777 1246 4840 At
1266 4791 1361 4856 neque
1384 4772 1411 4836 si
1432 4792 1517 4838 mens

172 4871 330 4940 librationi
351 4871 440 4938 modo
456 4871 733 4958 dictopraesideat,
751 4872 907 4962 quicquam
922 4871 1043 4938 nocebit
1064 4865 1241 4950 ἀναφραξις.
1279 4865 1422 4931 litaretur
1436 4863 1516 4930 enim
