3604 5534
335 301 419 406 ΓΜ,
813 303 853 358 ue
871 305 979 357 ucoca
997 303 1091 356 εωιιιο
1108 302 1197 356 uuo·

331 485 390 553 laic,
420 485 580 544 eccentrieis
608 485 733 544 amnibus
753 487 782 544 iu
809 487 875 544 orbe
905 503 959 542 uno
978 485 1052 544 Solis
1079 485 1276 542 circumductis.
1317 481 1412 554 Spirat
1433 481 1527 538 tamen
1555 481 1626 554 ipsas
1644 479 1669 536 iu

331 567 411 624 coele
424 584 454 626 re
469 567 531 639 ipsa
550 573 666 640 uterque
680 567 819 640 relinquit.
836 567 1002 638 Goparuicus
1017 584 1070 622 uno
1084 574 1161 623 motu
1175 580 1266 622 aunum
1281 563 1384 620 Telluri
1399 561 1534 618 attribute
1549 563 1670 634 planetas

330 664 423 704 ornnes
453 647 533 720 spiris
564 647 639 706 hisce
669 649 886 720 perplexissimie
916 648 1023 707 omniuo
1053 647 1170 718 spoliat,
1200 646 1331 717 planetas
1360 644 1485 716 singulos
1505 643 1534 700 in
1554 642 1671 713 singulal

330 727 493 784 nudissimas
507 727 612 784 orbitas
627 728 847 802 quamproxime
862 728 1010 784 circulares
1025 727 1162 792 inducens,
1185 743 1266 799 quam
1287 741 1371 780 unam
1385 731 1415 780 et
1428 725 1543 779 eandem
1562 722 1672 777 orbitam

329 807 405 864 liare
426 805 488 880 jam
512 808 584 863 dioto
610 809 741 880 temporis
766 807 857 880 spatie
878 809 962 864 toties
983 808 1131 880 percurrit,
1159 815 1226 880 quot
1245 805 1290 861 iric
1310 806 1386 860 vides
1414 804 1533 860 corollas
1561 801 1672 857 intortas

260 904 264 912 ·
329 903 425 944 versus
446 895 578 956 caunum,
599 903 656 946 una
675 887 747 961 plus,
768 897 840 960 puta
859 889 962 956 nomes,
984 891 1046 944 dum
1067 887 1176 948 interim
1196 889 1290 943 Tellus
1311 903 1389 941 suum
1414 885 1544 942 circulum
1563 881 1673 939 recurrit

330 967 460 1026 udedan.
555 1025 558 1032 ,

417 1046 550 1117 Rursum
572 1051 673 1110 autem
696 1047 937 1112 animadversum
958 1055 1015 1123 est,
1038 1048 1094 1111 hos
1112 1046 1345 1126 uniuscnjusque
1368 1043 1510 1126 planetae
1533 1042 1672 1124 spirarum

330 1135 527 1198 articulosis
551 1135 680 1198 dirersis
711 1136 827 1200 zodiaci
855 1138 950 1218 siguis
975 1157 1041 1200 esse
1065 1136 1259 1216 inaequales;
1291 1143 1326 1197 ut
1348 1131 1458 1197 alicubi
1481 1133 1604 1212 planeta
1623 1149 1673 1211 per

329 1225 493 1306 longiorem
517 1243 619 1290 arcum
640 1225 756 1288 zodiaci
778 1228 992 1302 retrocaderet,
1026 1225 1135 1290 alicubi
1158 1243 1212 1306 per
1235 1223 1416 1297 breviorem,
1445 1222 1509 1303 jam
1534 1219 1669 1302 longiore,

324 1313 390 1394 jam
412 1313 548 1377 breviore
571 1316 715 1396 temporis
737 1315 858 1396 spatio:
883 1335 937 1378 nec
953 1315 1031 1380 idem
1054 1323 1198 1397 perpetuo
1212 1312 1381 1393 retrogradi
1404 1311 1546 1393 planetae
1561 1307 1673 1372 luminis

329 1403 558 1466 incrementum:
591 1404 698 1486 quodsi
727 1413 864 1485 tempora
892 1414 924 1467 et
951 1405 1018 1468 loca
1049 1405 1128 1466 inter
1154 1403 1269 1466 medios
1292 1411 1513 1464 retrocessuum
1536 1393 1673 1462 articulos

329 1499 583 1572 computarentur,
604 1511 697 1574 neque
713 1501 848 1574 tempora
861 1493 1046 1574 temporibus
1061 1512 1155 1574 neque
1170 1511 1257 1554 arcus
1276 1490 1404 1554 arcubus
1419 1497 1508 1552 erant
1524 1487 1672 1569 aequales,

328 1598 424 1662 neque
446 1598 580 1663 quaeque
603 1590 740 1663 tempora
763 1583 825 1646 suis
849 1584 976 1646 arcubus
999 1583 1105 1645 eadem
1128 1579 1320 1662 proportione
1343 1577 1586 1668 respondebant:
1609 1583 1672 1638 arat

328 1679 429 1732 umen
462 1670 617 1750 unicuique
648 1669 789 1752 planatae
821 1680 936 1736 certum
966 1671 1082 1753 signum
1113 1670 1244 1746 zodiaci,
1278 1687 1377 1752 aquo
1405 1668 1491 1750 signo
1520 1663 1670 1748 usquead

328 1757 498 1838 oppositum
520 1777 575 1840 per
597 1768 751 1842 utmmque
774 1761 990 1825 semicirculum
1013 1761 1120 1824 omnia·
1134 1761 1196 1822 ista
1217 1758 1387 1822 successive
1411 1757 1608 1839 augebantur.

420 1845 468 1909 En
500 1847 606 1926 quibus
637 1848 899 1918 observationibus
926 1849 1111 1922 intellectum
1143 1857 1207 1925 est,
1229 1849 1316 1912 'duas
1339 1845 1575 1928 inaequalitates
1598 1842 1673 1925 apud

333 1953 569 2018 uurrmquemque
592 1939 745 2018 planetam
768 1939 798 2002 in
823 1959 912 2002 unum
935 1941 1086 2016 contundi,
1111 1957 1233 2020 quarum
1249 1939 1330 2020 prior
1344 1955 1409 2000 cum
1425 1937 1521 1998 reditu
1535 1935 1672 2018 planetae

329 2025 367 2086 nd
391 2021 470 2088 ἰἀοιιι
492 2026 607 2090 zodiaci
630 2027 766 2118 signum,
781 2030 880 2092 altera
902 2047 968 2093 cum
991 2029 1090 2092 reditu
1112 2026 1195 2091 Solis
1219 2029 1258 2090 sd
1280 2028 1435 2110 planetam
1457 2024 1672 2088 restitueretur.

330 2115 446 2178 Harum
476 2113 575 2198 itaque
605 2116 853 2198 inaequalitatum
892 2133 1003 2182 causae
1043 2126 1075 2180 et
1106 2135 1264 2180 mensurae
1300 2113 1479 2195 investigari
1509 2113 1599 2176 aliter
1620 2129 1673 2174 non

330 2213 483 2285 poterant,
508 2205 566 2268 uisi
589 2215 803 2287 separarentur
829 2207 973 2271 confusae
1002 2207 1236 2289 inaequalitates
1260 2205 1464 2287 singulaeque¹
1478 2203 1606 2266 seorsim
1628 2200 1673 2262 in-

330 2292 528 2375 spicerentur.
574 2293 765 2360 Oeusuernnt
790 2297 895 2377 igitur,
929 2297 967 2360 ab
990 2295 1208 2378 inaequalitate
1231 2296 1330 2377 prima
1353 2293 1567 2374 incipiendum,
1601 2287 1674 2372 quod

329 2390 414 2448 esset
436 2383 624 2447 constantior
646 2395 679 2446 st
700 2387 886 2466 expedition
909 2395 944 2450 ut
966 2386 1051 2467 cujus
1074 2385 1241 2466 exemplum
1269 2385 1299 2448 in
1323 2383 1406 2447 Solis
1429 2390 1511 2446 motu
1527 2379 1673 2449 videbant,

329 2471 380 2554 qui
402 2471 492 2534 alteri
513 2471 724 2553 inaequalitati
746 2494 804 2538 uon
828 2484 895 2540 erat
917 2469 1114 2549 obnoxius.⁸)
1153 2475 1195 2538 Ut
1217 2473 1308 2556 igitur
1331 2473 1369 2536 ab
1393 2472 1450 2536 baa
1472 2471 1573 2552 prima
1594 2469 1674 2530 inae·

315 2559 482 2641 ‚qualitate
512 2562 675 2628 secundem
705 2572 897 2644 separarent,
925 2565 1016 2628 aliter
1038 2584 1094 2626 non
1118 2573 1257 2644 potuere,
1292 2581 1381 2645 quam
1403 2561 1431 2624 si
1453 2559 1676 2626 considerarent

328 2648 471 2730 planetas
507 2647 545 2712 iis
567 2649 724 2728 noctibus,
761 2673 885 2735 quarum
912 2653 942 2717 in
965 2653 1120 2735 principiis
1149 2653 1284 2716 oriuntur
1307 2651 1462 2716 occidente
1486 2648 1574 2723 Sole3
1607 2665 1675 2728 quos

329 2736 500 2820 ἀιροινχιιις
523 2739 728 2822 appellabant
766 2743 848 2807 Nam
861 2742 932 2825 quia
944 2743 1118 2824 praesentia
1132 2750 1163 2820 et
1177 2743 1346 2823 conjunctio
1362 2739 1443 2804 Solis
1462 2738 1546 2820 ipsos
1561 2745 1676 2820 praeter

329 2843 443 2894 mamm
465 2828 633 2905 accelerat,
664 2831 814 2912 oppositio
837 2831 920 2896 Solis
943 2832 1034 2896 stiam
1057 2833 1087 2894 in
1110 2831 1291 2895 cocuntium
1315 2829 1416 2904 ducit;
1447 2837 1530 2892 certe
1552 2833 1625 2890 aute
1647 2830 1677 2884 et

340 2925 413 2998 post
435 2915 490 2978 hos
513 2917 656 2982 articulos
679 2921 803 2984 multum
819 2941 835 2984 e
850 2921 913 2985 sois
935 2921 1020 2998 locis,
1044 2941 1118 3002 qnos
1133 2929 1221 2984 erant
1230 2917 1484 3002 repraesentaturi
1494 2937 1549 2998 per
1557 2915 1676 2998 primam

336 3003 602 3086 inaequalitatem,
636 3018 820 3073 emoventur.
876 3013 910 3074 Iu
934 3010 1070 3074 articulis
1097 3028 1168 3090 ergo
1192 3007 1266 3089 ipsis
1289 3005 1513 3090 conjunctionis¹
1530 3015 1563 3068 st
1585 3023 1676 3088 oppo-

331 3093 452 3159 sitionis
486 3115 551 3158 cum
584 3095 655 3160 Sole
697 3097 752 3162 illa
782 3099 851 3180 ipsa
882 3119 938 3162 sua
970 3101 1038 3162 loca
1069 3107 1237 3162 transcunt.
1299 3099 1335 3160 In
1367 3095 1578 3176 conjunctione
1612 3111 1676 3156 vero

333 3181 416 3246 Solis
453 3202 519 3248 cum
551 3185 632 3249 cerni
667 3198 836 3269 nequeant,
874 3187 1051 3270 relinquitur
1081 3189 1149 3250 sola
1184 3187 1334 3270 oppositio
1364 3204 1430 3249 cum
1462 3183 1538 3248 Sole
1571 3184 1677 3247 idonea

330 3273 399 3336 huic
422 3273 476 3336 rei.

419 3359 497 3440 Cum
509 3371 610 3426 autem
629 3362 706 3428 alins
720 3364 761 3427 sit
779 3366 894 3431 medius
913 3374 1012 3430 motus
1032 3365 1123 3442 Solis,
1146 3363 1223 3429 alius
1237 3359 1457 3446 apparens,**)
1480 3381 1516 3424 eo
1532 3362 1610 3446 quod
1626 3357 1676 3423 Sol

334 3448 425 3512 etiam
458 3449 499 3514 sit
521 3452 667 3515 obnoxius
690 3454 899 3534 inaequalitati
921 3455 1050 3538 primae,
1090 3456 1183 3536 igitur
1205 3455 1373 3536 quaeritur,
1413 3452 1550 3534 quisnam
1577 3452 1676 3541 horum

333 3547 426 3601 exuat
447 3539 589 3620 planetas
611 3540 828 3623 inaequalitate
851 3545 1001 3621 secunda,
1025 3553 1058 3609 et
1079 3555 1177 3608 utrum
1201 3544 1341 3626 planetae
1366 3543 1428 3605 siut
1449 3539 1628 3624 inspiciendi
1650 3539 1676 3600 iu

331 3627 519 3710 oppositione
557 3647 622 3692 cum
660 3634 817 3713 apparenti
841 3653 879 3696 an
903 3652 968 3697 cnm
993 3635 1099 3716 medic,
1115 3636 1179 3698 loco
1202 3631 1295 3696 Solis.
1332 3631 1526 3696 Ptolemaeus
1550 3629 1674 3694 medium

332 3725 444 3779 motum
471 3717 565 3799 elegit
573 3737 583 3794 ;
618 3722 697 3801 qnod
726 3722 904 3798 discrimen,
933 3723 959 3786 si
988 3725 1065 3804 qnod
1094 3724 1136 3786 sit
1163 3723 1241 3787 inter
1270 3721 1495 3802 usurpationem
1518 3719 1608 3784 medii
1632 3717 1677 3779 vel

330 3805 505 3888 apparentis
527 3815 626 3872 motus
640 3806 733 3884 Solis,
756 3811 1016 3875 observationibus
1040 3821 1177 3876 censeret
1200 3810 1381 3894 deprehendi
1404 3829 1461 3874 nou
1477 3828 1579 3890 posse,
1598 3808 1678 3870 lieret

330 3914 401 3958 vero
425 3895 521 3958 forma
543 3897 650 3960 calculi
674 3907 706 3960 et
727 3900 1016 3965 demonstrationum
1039 3903 1181 3984 expedita
1204 3908 1346 3981 usurpato
1371 3908 1454 3962 motu
1472 3897 1557 3962 Solis
1572 3889 1674 3962 medio.

331 3985 538 4053 Ptolemaeum
569 3985 751 4068 Cepernicus
789 4000 820 4052 et
842 3991 944 4074 Tycha
981 3990 1010 4053 in
1047 3991 1110 4052 suis
1146 3988 1432 4053 transsumtionibns
1469 3996 1541 4050 sunt
1572 3983 1674 4051 seond.

329 4075 412 4156 Ego,
438 4082 471 4137 ut
493 4073 588 4138 habes
611 4075 802 4161 inMysterio
827 4099 892 4142 meo
917 4077 1170 4160 cosmographiae
1194 4098 1260 4160 cap.
1284 4077 1364 4155 XV,
1393 4083 1462 4150 (Vct.
1481 4084 1503 4144 1,
1530 4100 1556 4151 p.
1578 4077 1627 4134 tut
1644 4080 1675 4143 a.)

331 4171 529 4245 apparentem
562 4165 659 4228 locum
691 4176 724 4228 et
753 4169 849 4248 ipsum
873 4169 955 4232 Solis
983 4187 1090 4250 corpus
1113 4163 1167 4249 p'ro
1190 4177 1272 4231 meta
1294 4175 1415 4230 statuo:
1439 4165 1531 4247 idque
1555 4166 1682 4242 demon-A

332 4251 538 4330 stratiouibus,
563 4255 663 4332 operis
686 4265 772 4338 parte
796 4267 904 4339 quarta
927 4266 959 4320 et
982 4259 1087 4339 quinta
1109 4257 1319 4340 sequentibus,
1345 4257 1490 4320 arincam.

417 4341 506 4404 Prius
534 4351 634 4406 umen
663 4346 720 4408 hac
749 4357 836 4426 parte
859 4348 954 4428 prima
977 4347 1204 4422 demonstrabo,
1242 4347 1319 4430 quod
1353 4347 1395 4422 is,
1434 4345 1483 4427 qui
1506 4363 1561 4425 pro
1584 4341 1675 4404 medie

418 4533 447 4609 *)
467 4537 516 4595 Sol
535 4537 624 4594 habet
643 4557 727 4597 mam
747 4541 834 4598 sclam
858 4541 1086 4616 inaequalitatem
1112 4551 1241 4618 respectu
1269 4543 1413 4616 temporis,
1438 4543 1513 4600 iutra
1539 4545 1610 4616 qued
1629 4541 1677 4601 illa

330 4619 491 4677 absolvitur.
533 4619 605 4676 Nam
625 4625 695 4694 quod
716 4637 815 4678 caussa
836 4623 1044 4695 inaequalitatis
1070 4627 1152 4698 huius
1183 4625 1304 4692 attinet,
1334 4625 1400 4682 illae
1423 4627 1494 4682 duae
1513 4630 1677 4682 concurrunt

330 4709 389 4760 tam
409 4700 437 4756 in
455 4699 521 4758 Sole
541 4716 623 4772 quarn
643 4701 672 4758 in
690 4702 803 4774 reliquis
823 4703 954 4774 planetis,
975 4715 1007 4760 ut
1026 4706 1100 4762 infra
1118 4708 1233 4764 dicetur.
1545 4743 1548 4752 ·

308 4811 312 4820 ·
419 4773 462 4850 *l
481 4785 629 4852 Apparens
649 4782 722 4838 Solis
741 4783 819 4840 locus
840 4790 885 4839 est
904 4783 936 4850 is,
957 4803 1036 4858 quem
1057 4787 1105 4844 Sel
1125 4805 1176 4858 per
1195 4785 1424 4858 inaequalitatem
1444 4801 1522 4845 suam
1543 4801 1675 4858 occupare

331 4863 460 4926 cernitu.
502 4859 609 4918 uectus
629 4869 674 4918 est
691 4863 726 4932 is,
746 4881 826 4936 quem
846 4872 1003 4938 eecupmt
1024 4867 1048 4924 si
1068 4867 1269 4942 inaequalitate
1289 4883 1343 4928 sua
1361 4871 1478 4926 canet
