3606 5562
358 301 424 372 690
958 303 999 359 u·
1018 303 1100 358 tuoe

359 458 482 548 fluxisse
505 489 577 564 puto
600 479 630 544 iu
653 481 782 562 gratiam
806 501 889 546 mccc
911 480 1142 548 observationis.
1183 482 1252 546 ium
1275 499 1346 544 vero
1370 489 1493 563 cuique
1517 479 1607 544 circe
1627 481 1701 560 peri-

358 592 468 656 gccuur
491 569 557 645 fuit,
581 571 654 634 hooc
677 578 757 645 ante,
780 571 834 634 ilic
856 580 937 652 post.
974 571 1154 638 Differentic
1180 571 1395 636 cuorucliorum
1418 579 1466 633 cst
1491 567 1556 634 17⁰
1580 569 1703 632 circiter.

360 661 477 734 Quodsi
508 659 677 740 perigceuru
708 659 828 742 penitus
860 661 1024 726 mediosset
1057 662 1135 724 inter
1167 669 1320 742 utramque
1351 660 1558 733 mumulini,
1596 677 1705 720 summu

359 749 670 832 prosthophccreseou
695 769 754 812 nou
781 750 879 830 potuit
911 770 977 813 csse
1009 751 1105 830 major
1134 769 1221 832 quum
1248 743 1283 812 1υ
1305 745 1369 812 341.
1414 752 1459 812 At
1482 749 1507 814 si
1533 750 1640 819 alteru
1660 749 1707 810 fiet
1756 764 1757 790 ¹

359 839 501 922 perigneo
537 837 675 918 propior,
706 838 799 902 minor
828 839 918 918 paulo
947 839 1005 902 erit
1033 857 1159 904 summu.
1204 839 1274 904 Juur
1297 857 1367 900 uero
1392 857 1449 900 uon
1480 845 1594 919 potest
1626 837 1707 897 vdie

360 945 487 1010 maguus
516 945 598 990 error
627 945 694 988 esse
718 927 748 988 iu
773 927 920 992 distantia
948 929 1077 990 iocorum
1102 929 1183 992 Solis
1212 928 1388 1008 inutraque
1416 927 1532 1008 eclipsi.
1587 927 1602 988 I
1628 945 1707 999 nuuc,

361 1027 393 1080 ct
416 1035 512 1096 usquc
535 1033 616 1078 more
640 1016 808 1097 Tychonico
833 1037 884 1080 seu
909 1037 985 1091 meo,
1009 1037 1062 1080 scu
1086 1018 1177 1080 etism
1201 1017 1282 1080 uuila
1305 1025 1387 1079 utere
1410 1015 1610 1096 aequatione,
1635 1016 1709 1076 nuru

276 1141 279 1148 ,
361 1105 478 1170 ratione
502 1104 631 1178 efficies,
664 1114 697 1166 ut
720 1105 806 1170 Luna
828 1106 875 1180 his
899 1103 981 1168 Sulis
1011 1107 1085 1168 locis
1115 1116 1281 1194 oppooutur
1304 1105 1341 1166 od
1364 1106 1529 1186 obseruata
1565 1117 1708 1184 temporo,

362 1194 419 1258 nisi
444 1194 531 1255 vsldc
555 1213 662 1274 magno
693 1195 793 1276 atiquo
821 1202 919 1258 mutes
947 1196 1200 1260 ecceotricitctem
1224 1196 1327 1256 Luouc
1350 1201 1382 1256 et
1403 1195 1708 1275 prosthuphsereses.

364 1281 459 1356 Quasi
484 1281 603 1345 omnino
627 1282 737 1365 aliquid
762 1285 826 1346 ioco
851 1283 933 1346 Solis
961 1283 1105 1348 acciderit
1128 1302 1204 1346 suno
1231 1280 1324 1346 1619.
1353 1280 1383 1345 6.
1407 1284 1497 1358 Dec,
1522 1295 1561 1346 ut
1588 1283 1638 1364 qui
1663 1301 1709 1343 nee

362 1372 466 1437 Lunae
498 1371 643 1444 motibus,
676 1391 730 1434 uec
759 1373 825 1434 fixis
855 1374 1062 1436 accommodet
1091 1381 1224 1436 centrum
1257 1373 1387 1436 umbrae.
1439 1373 1538 1434 Vides
1576 1371 1710 1435 omnibus

349 1460 541 1524 ·astrorromis
565 1460 656 1524 etism
685 1470 773 1543 utque
802 1462 893 1525 etium
921 1457 1110 1542 cogitandum
1133 1462 1169 1524 de
1192 1463 1249 1524 hcc
1273 1461 1377 1542 eclipsi
1399 1461 1467 1522 cuni
1496 1457 1602 1526 1619.
1648 1459 1711 1530 Quo

362 1550 571 1612 adhortatione
605 1549 714 1614 finiam.
761 1552 849 1615 Vale.
897 1549 1011 1631 Scripsi
1046 1549 1094 1614 12.
1119 1552 1213 1631 Apr..
1246 1551 1384 1630 rescripsi
1419 1547 1473 1614 28.
1496 1552 1580 1632 Maj.
1621 1547 1709 1613 1620.

362 1637 469 1702 Lincii.
515 1639 703 1702 Addidersm
723 1640 817 1704 multu
847 1640 989 1722 politica,
1019 1643 1071 1704 sed
1097 1642 1149 1708 iliu
1171 1640 1237 1704 Deo
1260 1647 1293 1702 et
1314 1639 1447 1719 politicis
1478 1659 1575 1703 curce
1609 1648 1710 1712 suuto;

362 1746 416 1790 nos
440 1735 473 1791 ut
495 1745 598 1790 moues
621 1728 759 1808 precibus
782 1729 851 1820 pisi,
875 1729 940 1792 Deo
963 1731 1064 1794 contisi
1090 1739 1194 1792 nostru
1216 1747 1352 1809 quos.
