3604 5534
336 322 399 398 182
813 315 852 374 De
872 319 979 374 Motibus
999 315 1092 372 Stellae
1111 315 1202 374 Martis

337 527 441 570 cessus
465 516 497 566 et
519 523 657 567 recessus
681 503 726 564 sie
747 500 931 572 moderetur,
956 509 990 562 nt
1012 500 1070 560 iter
1093 498 1191 578 ipsum
1215 498 1272 560 DE
1295 497 1348 557 fiat
1370 495 1509 557 circulus.
1558 490 1700 573 Oportet

338 597 431 674 igitur
454 596 480 656 ei
504 595 692 656 intellectum
716 599 747 652 et
770 590 993 651 affectationem
1016 587 1118 650 circuli
1142 589 1241 650 inesse
1267 595 1298 647 et
1319 584 1489 663 discrepare
1511 583 1697 664 proportio-

333 706 401 747 nem
426 684 579 746 tarditatis
603 691 635 744 et
658 679 823 744 celeritatis
847 679 984 758 propriae
1009 699 1027 738 a
1051 677 1170 739 virtutis
1196 684 1359 738 extraneae
1393 673 1546 754 gradibus.
1593 670 1643 734 At
1671 670 1700 730 si

335 773 536 836 astronomiae
560 767 832 833 demonstrationes
856 765 1115 828 observationibus
1140 765 1226 828 nixae
1252 772 1416 836 testentur,
1441 762 1521 823 viam
1545 761 1700 841 planetae

337 882 394 924 non
419 881 485 923 esse
510 863 628 922 omnino
652 859 834 932 circularem,
860 865 1074 935 contraquam
1099 854 1173 916 haec
1196 854 1290 916 babet
1304 851 1490 934 hypothesis,
1515 861 1579 912 tum
1595 849 1700 910 etiam

308 951 460 1034 physica
483 951 557 1014 haec
581 945 782 1010 consideratio
806 946 894 1008 aliter
918 947 1092 1007 instituetur
1118 943 1351 1024 liberabiturque
1369 941 1463 1002 virtus
1482 943 1627 1021 planetae
1647 938 1700 998 his

333 1050 396 1103 tam
421 1040 557 1121 operosis
585 1037 746 1120 requisitis.

424 1127 485 1190 Sed
509 1136 646 1190 revertor
669 1127 708 1186 ad
733 1122 943 1202 Oopernicnm.
982 1121 1012 1182 ls
1037 1120 1255 1184 absurditatem
1274 1121 1338 1200 jam
1363 1137 1455 1199 supra
1477 1138 1514 1180 ex
1538 1137 1595 1180 sua
1619 1136 1700 1176 sen-

334 1217 432 1279 tentia
456 1217 637 1297 explicatam
661 1215 783 1293 fugiens
803 1221 1022 1291 prosequente
1047 1211 1174 1271 altemm
1200 1211 1356 1272 substituit
1378 1208 1544 1288 epicyclum
1564 1207 1594 1268 in
1615 1206 1700 1266 hunc

334 1307 463 1371 modum.
513 1305 624 1368 centro
648 1328 668 1366 e
690 1299 853 1366 interuallo
876 1302 931 1378 αβ,
956 1299 1041 1382 quod
1063 1301 1104 1362 sit
1127 1300 1257 1380 aequule
1279 1301 1345 1382 ipsi
1367 1299 1422 1360 BD
1441 1302 1516 1372 tOEtg.
1535 1302 1583 1366 52)
1608 1295 1699 1357 seri-

733 1393 825 1454 teter
847 1389 1131 1466 concecedentes,
1154 1398 1189 1451 ct
1211 1392 1296 1452 vicus
1318 1389 1353 1452 ia
1375 1411 1395 1448 α
1418 1389 1469 1462 eit,
1493 1395 1522 1450 et
1544 1387 1613 1469 ipsi
1636 1384 1699 1444 BD

473 1467 526 1530 rig.
547 1461 588 1512 5³·
731 1467 914 1560 paralleloe
929 1503 949 1539 α
956 1480 976 1554 β
999 1479 1183 1540 continuato
1208 1479 1362 1558 undeque,
1386 1483 1608 1560 statuaturque
1626 1477 1702 1552 βασ

549 1584 566 1621 t·
734 1567 869 1650 aepulae
891 1565 1036 1648 aequalis
1062 1568 1127 1648 ipsi
1148 1566 1242 1648 Des.
1289 1569 1458 1632 Bieeeehcr
1484 1586 1557 1630 vere
1580 1564 1637 1628 BC
1664 1567 1702 1628 in

619 1653 658 1682 '⁸‘
733 1658 765 1719 I:
788 1665 835 1730 ¹et
865 1658 980 1719 centris
1009 1657 1046 1733 β,
1077 1663 1109 1729 d,
1142 1656 1318 1720 interuallis
1346 1657 1403 1734 dy„
1426 1652 1479 1728 δζ,
1518 1674 1601 1736 quoe
1631 1657 1703 1718 sint

733 1744 882 1826 ecqnelie
903 1745 969 1827 fpee'
990 1745 1050 1819 AI,
1075 1745 1232 1808 scribatur
1249 1737 1378 1827 primda
1409 1765 1465 1808 eeu
1491 1747 1595 1830 nccjor
1626 1745 1700 1825 epf-

734 1833 856 1917 eyclee:
879 1839 979 1914 aitque
995 1830 1036 1906 δζ
1048 1832 1224 1914 paralleloe
1238 1837 1302 1916 ipsi
1316 1835 1369 1910 αβ.
1409 1835 1562 1913 Denique
1578 1835 1703 1896 centris

732 1947 754 2003 y,
779 1920 803 1998 ζ,
826 1922 1003 1986 intervallis
1025 1943 1094 1985 cero
1118 1945 1167 2000 γε,
1192 1919 1241 2000 Zp,
1267 1925 1433 2006 quaeritet
1456 1921 1607 2005 aequalia
1630 1923 1705 2004 ipsi

732 2010 785 2086 IC,
811 2013 1184 2076 rememorarentur
1213 2011 1387 2095 epicyclue,
1418 2011 1507 2093 cujus
1528 2017 1631 2073 metue
1657 2011 1704 2072 eit

732 2103 767 2166 in
790 2102 1009 2182 consequentia
1041 2099 1160 2183 duplae
1182 2102 1227 2164 ed
1248 2109 1367 2164 uorem
1383 2103 1506 2183 prime]
1539 2108 1569 2162 et
1591 2108 1703 2164 merce

731 2191 831 2272 primi
861 2187 995 2274 epicyclr'
1024 2191 1061 2254 ire
1097 2191 1316 2254 orrtceederztr'e
1351 2189 1494 2271 aequalis
1522 2191 1566 2254 eir
1593 2191 1703 2252 motui

736 2279 917 2342 eccentrfce':
938 2287 1175 2361 proptereaque,
1200 2300 1270 2341 cum
1299 2287 1345 2342 eet
1367 2303 1381 2358 y
1403 2281 1440 2344 ire
1461 2277 1545 2341 linea
1567 2281 1621 2355 αβ,
1656 2281 1703 2340 er't

337 2365 468 2450 placere
492 2372 526 2433 in
549 2395 573 2442 a,
592 2370 742 2454 pree’imo
759 2377 878 2450 peneto
901 2369 966 2449 ipsi
987 2370 1015 2444 β.
1062 2369 1107 2430 At
1130 2388 1200 2449 cum
1222 2371 1288 2444 βαδ
1309 2376 1423 2442 rectus,
1441 2367 1574 2450 planeta
1595 2370 1638 2430 sit
1665 2372 1703 2429 ia

342 2459 733 2537 epurectoreorotr'ssr'mo
758 2479 779 2518 e
802 2463 837 2531 d,
870 2465 973 2520 centro
1004 2459 1137 2542 moJcmb
1168 2455 1310 2540 epieyele'.
1355 2455 1398 2518 Et
1425 2457 1502 2518 hanc
1535 2455 1700 2536 Oopemici

340 2547 554 2624 particularem
580 2545 759 2631 hypothesin
784 2541 885 2627 Tycho
910 2545 1009 2608 Brahe
1033 2547 1061 2608 iu
1086 2546 1317 2626 particularibus
1341 2545 1480 2624 religiose
1505 2547 1651 2625 seqnitur.

433 2635 518 2698 Haec
541 2633 717 2719 hypothesis
741 2633 862 2716 physice
887 2634 1088 2710 considerata,
1113 2635 1139 2695 si
1154 2634 1378 2696 solidos-orbes
1402 2636 1560 2710 concedas,
1584 2631 1700 2698 utcun-

344 2741 400 2804 que
425 2725 543 2803 quidem
567 2727 679 2790 habet:
704 2724 750 2786 sin
765 2724 855 2784 tollae
881 2724 967 2786 orbes
988 2723 1109 2798 solidos,
1135 2723 1364 2803 quodBrahens
1387 2725 1494 2787 merito
1509 2725 1593 2804 facit,
1618 2743 1700 2803 pene

341 2812 527 2892 impossibile
552 2815 623 2896 quid
645 2812 728 2876 dicit.
774 2813 990 2892 Praeterquam
1013 2812 1100 2886 enim,
1125 2815 1203 2892 quod
1226 2823 1288 2874 tres
1312 2821 1427 2876 mentes
1447 2813 1628 2894 agitatrices
1646 2814 1699 2876 uni

341 2901 483 2982 planetae
507 2904 663 2984 adjungit,
697 2901 914 2964 confundentur
938 2901 1028 2962 etiam
1052 2901 1166 2963 alterae
1190 2903 1228 2964 ab
1253 2902 1376 2965 alterins
1405 2909 1486 2964 motu
1511 2911 1543 2964 et
1566 2903 1698 2982 appulsu

344 2991 381 3052 ad
406 3011 513 3072 corpus
537 2993 566 3058 in
591 3016 611 3056 α
620 3013 630 3067 ;
654 3011 722 3054 narn
749 3001 781 3052 ut
804 2987 955 3070 quaelibet
979 2991 1017 3052 ad
1042 3011 1126 3052 snum
1150 3000 1285 3054 centrum
1314 2992 1408 3065 (nullo
1438 3009 1562 3070 corpere
1591 2993 1697 3054 deter-

344 3079 488 3142 minatum
522 3089 553 3142 et
582 3089 742 3162 praeterea
770 3080 861 3141 etiam
893 3077 1017 3153 mobile)
1050 3080 1208 3158 respiciat,
1240 3082 1269 3140 id
1295 3100 1330 3141 ne
1362 3079 1544 3159 cogitatione
1578 3080 1696 3160 quidem

345 3171 567 3250 repraesentari
590 3178 701 3250 potest
748 3169 911 3231 Praeterea
939 3168 1008 3229 dum
1033 3166 1215 3249 Cepernious
1238 3170 1444 3232 Ptolemaeum
1477 3170 1695 3250 aequabilitate

346 3267 478 3320 motuum
503 3279 647 3340 superare
671 3257 785 3334 nititur,
812 3257 850 3319 ab
866 3278 900 3319 eo
924 3257 1056 3322 vicissim
1079 3258 1262 3337 perfectione
1286 3259 1402 3321 itineris
1415 3258 1575 3340 planetarii
1588 3277 1695 3338 super-

344 3357 420 3407 atur.
474 3348 649 3411 Ptolemaeo
683 3346 760 3410 enirn
787 3347 911 3428 planeta
933 3348 1099 3428 perfectum
1121 3347 1262 3410 circulum
1289 3367 1413 3427 corpore
1435 3367 1491 3410 sno
1513 3367 1568 3428 per
1592 3369 1699 3410 auram

347 3434 521 3500 aetheream
546 3437 696 3516 designat.
745 3433 929 3516 Copemicns
958 3455 1029 3498 vere
1061 3436 1112 3498 lib.
1137 3436 1178 3498 V.
1208 3457 1273 3518 cap.
1298 3433 1328 3498 t.
1361 3439 1490 3511 fatetur,
1524 3437 1583 3500 sibi
1618 3438 1699 3500 viam

346 3523 487 3602 planetae
503 3546 560 3586 non
583 3547 649 3590 esse
671 3525 856 3600 circularem,
881 3525 934 3588 sed
958 3540 1114 3589 excurrere
1130 3527 1168 3587 ad
1184 3521 1355 3600 latera²⁶):
1380 3527 1457 3607 quod
1472 3526 1501 3588 in
1522 3527 1580 3589 hac
1602 3527 1702 3605 figura

348 3608 436 3673 facile
461 3615 689 3678 demonstratur.

434 3702 512 3766 Nam
545 3703 569 3769 si
594 3725 668 3766 exe
701 3704 766 3766 loce
797 3704 937 3785 planetae
971 3704 999 3766 in
1029 3722 1162 3783 apogaeo
1196 3703 1385 3766 intervallum
1413 3704 1458 3780 αβ
1490 3703 1572 3766 orbis
1603 3701 1700 3768 semi-

347 3791 488 3854 diametri
512 3793 655 3856 extendes
679 3793 708 3855 in
731 3797 765 3868 e,
791 3801 822 3856 et
845 3813 882 3854 ex
904 3797 930 3854 e
953 3793 1080 3874 ipsi-ed
1110 3793 1287 3872 parallelum
1319 3813 1393 3873 agas
1416 3797 1478 3869 θκ,
1510 3792 1640 3856 circulus
1664 3818 1701 3856 aa

346 3899 383 3941 ex
405 3885 431 3941 'd
456 3874 623 3962 descriptus
656 3881 798 3944 transibit
830 3883 947 3963 quidem
980 3902 1034 3963 per
1057 3905 1070 3944 e
1095 3892 1126 3944 et
1158 3883 1222 3964 ejus
1254 3884 1350 3946 locum
1375 3883 1544 3962 oppositum
1568 3883 1596 3943 in
1615 3884 1724 3963 peri-'

269 4042 272 4056 ,
346 3989 445 4050 gaeo:
477 3979 511 4032 at
539 3991 605 4034 cum
630 3978 737 4051 tangat
760 3981 873 4034 rectam
898 3977 938 4049 δη
965 3972 994 4033 in
1018 3971 1082 4032 solo
1107 3996 1122 4032 κ
1146 3980 1178 4032 et
1199 3973 1324 4052 planeta
1347 3979 1484 4033 transeat
1506 3990 1560 4051 per
1583 3993 1614 4048 η,
1638 3993 1700 4036 non

346 4065 450 4120 manet
473 4079 544 4139 ergo
568 4061 598 4124 in
615 4059 724 4122 circulo
749 4084 794 4136 aa,
819 4061 872 4122 sed
889 4061 965 4122 hanc
984 4059 1121 4125 semitam
1146 4061 1307 4140 egreditur.
1344 4061 1431 4122 Hanc
1446 4056 1701 4124 exorbitationem

346 4147 461 4210 itineris
486 4147 647 4230 planetarii
671 4171 698 4210 a
712 4150 895 4230 perfectione
919 4149 1022 4212 circuli
1041 4149 1234 4214 Ptolemaeus
1255 4149 1419 4230 Cepernico
1439 4150 1507 4230 jure
1532 4150 1696 4230 objecerit:

346 4257 401 4318 ego
426 4257 485 4298 non
510 4239 629 4319 objicio.
676 4239 754 4300 Nam
778 4239 857 4300 infra
885 4237 1138 4302 demonstrabitur
1160 4248 1247 4319 parte
1271 4245 1394 4320 quarta,
1421 4238 1555 4320 physicis
1579 4239 1698 4302 duabus

344 4326 508 4388 virtutibus
532 4336 686 4406 potestate
711 4325 894 4406 simplicibus
919 4329 957 4388 ad
982 4328 1159 4390 movendum
1188 4329 1340 4409 planetam
1371 4328 1616 4392 concurrentibus
1640 4349 1697 4392 ne-

346 4415 480 4478 cessario
503 4415 599 4492 effici,
633 4421 665 4476 nt
695 4417 818 4495 planeta
846 4437 865 4476 a
897 4416 1007 4478 circulo
1039 4434 1199 4498 parumper
1228 4418 1390 4494 deflectat,
1423 4435 1482 4480 non
1511 4418 1698 4481 excurrendo

347 4504 484 4584 quidem,
517 4506 602 4569 utin
626 4503 684 4565 hac
714 4503 872 4585 hypothesi
897 4501 1124 4587 Copernicana,
1157 4506 1211 4568 sed
1244 4504 1427 4569 contrariam
1454 4505 1484 4568 in
1511 4506 1635 4590 plagam
1659 4508 1699 4570 ad

347 4603 482 4656 centmm
506 4613 548 4657 se.
574 4592 778 4676 ingrediendo.

396 4693 403 4726 -'
436 4681 553 4754 Quodsi
580 4682 700 4762 insuper
724 4678 908 4762 Copemicus
942 4680 1034 4744 etiam
1062 4680 1144 4744 illam
1170 4701 1254 4746 suam
1287 4683 1459 4747 libertatem
1494 4683 1699 4753 constituendi

348 4773 555 4852 proportiones
588 4772 785 4854 epicyolorum
822 4767 969 4844 retineat,
1003 4769 1066 4832 fieri
1100 4781 1203 4850 potest
1235 4782 1268 4836 ut
1304 4781 1441 4836 tortuosa
1476 4771 1631 4854 planetae
1651 4776 1700 4837 uia

350 4863 474 4938 evadat,
507 4861 596 4924 altior
620 4868 690 4923 ante
714 4866 837 4942 etpost
866 4875 1049 4942 apogaeum,
1084 4879 1172 4944 quam
1202 4863 1231 4924 in
1261 4861 1326 4942 ipso
1351 4857 1484 4944 apogaeo
1526 4862 1700 4944 depressior
