3552 5562
521 285 558 369 11
570 316 758 374 Comum
776 317 808 372 de
825 325 894 372 mota
911 316 1001 372 1111111
1017 317 1114 374 num.
1447 313 1486 384 41

13 487 14 510 ³
105 495 200 552 nette
226 489 419 576 ἆιρονηιαι
442 494 680 572 obseruationes,
711 505 744 562 et
764 497 894 580 singulis
915 497 1004 564 binae
1027 496 1107 562 eliac
1130 457 1491 578 observationeshdjun-

109 585 225 660 gantur
261 582 313 644 sic
343 593 559 666 comparatae,
591 594 625 650 ot
652 587 776 668 planeta
804 597 876 670 post
905 587 1040 667 integras
1072 586 1274 650 revolutiones
1298 588 1388 668 (quae
1413 586 1491 651 inter

112 671 184 732 data
210 674 309 746 sunt)
337 693 467 755 semper,
485 674 527 738 sit
547 675 656 738 iterum
678 677 710 740 in
733 679 839 742 eodem
861 677 928 740 loco
952 676 999 740 sui
1022 675 1191 751 eccentriei‚
1223 674 1304 738 linea
1326 696 1364 738 111
1388 683 1491 738 ceretro
1540 740 1543 752 ,

118 759 198 822 Solis
225 759 359 826 educta.
406 763 457 826 Ex
479 781 587 828 novem
609 765 654 828 sic
678 766 862 847 comparatis
889 764 1151 831 observationibus
1179 764 1321 914 [lanatae
1351 765 1490 846 datisque

121 849 231 912 ceteris
257 851 329 914 sint
344 853 524 934 inquirenda
539 854 650 929 omnic,
674 855 750 937 quae
766 856 875 920 nesciri
891 854 970 940 dixi:
998 853 1031 928 1)
1050 854 1081 916 11
1099 853 1181 934 quali
1203 860 1234 915 et
1249 854 1491 918 observationum

122 939 199 1020 triga
222 939 332 1005 scitur
355 941 449 1017 locus·
465 942 520 1006 sub
541 943 611 1006 lixis
636 963 730 1008 causa
752 943 959 1024 longitudinis,
983 944 1014 1006 in
1037 961 1124 1025 quem
1140 942 1222 1006 cadit
1237 942 1318 1006 linea
1333 963 1371 1006 ea
1386 951 1490 1006 centro

122 1028 264 1110 corporis
280 1029 404 1094 Solaria
427 1049 482 1112 per
503 1031 645 1112 planetae
668 1053 778 1115 corpus
800 1035 918 1096 educta
964 1035 1043 1098 Nam
1065 1033 1096 1096 in
1116 1051 1189 1094 vera
1212 1032 1400 1114 oppositione
1423 1051 1490 1096 cum

122 1117 194 1182 Sole
217 1118 314 1182 locus
338 1119 391 1183 ille
414 1128 500 1201 patet
522 1122 639 1196 oculis,-
663 1123 693 1186 in
725 1125 805 1186 binis
827 1143 900 1186 vero
924 1122 1015 1186 sociis
1037 1121 1182 1185 beneficio
1211 1121 1329 1200 periodi
1351 1121 1489 1202 cognitae

121 1207 256 1284 scimus,
291 1208 450 1289 planetam
480 1211 586 1274 eadem
608 1230 677 1274 esse
699 1231 870 1288 reversum,
899 1211 948 1274 ubi
980 1211 1037 1274 init
1058 1212 1089 1274 io
1112 1209 1273 1291 dapemque
1297 1211 1366 1276 situ.
1414 1210 1490 1276 Cum

122 1313 198 1376 ergo
222 1304 293 1360 tres
317 1298 380 1362 sint
402 1298 510 1380 trigae,
532 1309 580 1362 ter
604 1319 676 1380 ergo
699 1303 793 1366 scitur
814 1299 1064 1382 locusplanetae
1088 1300 1142 1362 sub
1166 1299 1245 1362 fixis.

214 1383 255 1460 2)
291 1386 368 1452 Gom
399 1387 524 1470 planeta
560 1397 593 1452 et
623 1389 718 1454 Terra
748 1411 809 1454 non
845 1389 960 1454 iaciant
994 1389 1087 1454 ullam
1123 1399 1254 1470 unquam
1290 1388 1490 1455 omnimodam

122 1475 393 1552 ἀποιαταστασυ,
423 1479 457 1540 fit
485 1486 519 1540 nt
548 1479 672 1559 planeta
703 1488 751 1542 ter
778 1481 883 1542 eodem
912 1479 943 1542 in
972 1479 1039 1542 loco
1069 1477 1116 1542 sni
1146 1477 1306 1541 eccentrici
1338 1487 1488 1552 versante,

122 1567 223 1628 Terra
247 1573 356 1632 contra
379 1566 440 1628 tria
456 1567 600 1630 distincta
618 1569 686 1630 loca
702 1569 869 1650 possideat
907 1571 1013 1650 Itaque
1033 1587 1099 1632 cum
1118 1568 1206 1630 detur
1224 1567 1309 1628 locus
1328 1566 1412 1629 Solis
1435 1587 1489 1630 sen

126 1657 244 1718 Terrae
263 1656 424 1736 oppositus
441 1656 481 1718 ad
497 1675 600 1726 omnes
616 1665 680 1720 tres
698 1659 792 1733 vices,
811 1659 920 1720 dantur
936 1657 1029 1720 etiam
1047 1657 1150 1738 anguli
1164 1655 1406 1720 commutationis
1426 1657 1489 1718 veri

123 1753 155 1806 et
174 1745 273 1818 tales,
295 1745 401 1826 quales
420 1763 459 1806 ex
482 1746 601 1826 angulis
625 1747 868 1812 commutationis
889 1746 1036 1827 simplicis
1054 1765 1109 1827 per
1127 1746 1281 1828 utriusque
1296 1752 1328 1806 11
1347 1745 1487 1824 planetae

124 1843 156 1896 et
177 1835 299 1896 Terrae
323 1833 987 1916 1111101111111113111111111111111111,
1012 1835 1038 1898 si
1064 1836 1129 1914 jam
1151 1835 1334 1902 haberemus
1358 1835 1487 1898 tabulas.

217 1921 259 1996 3)
281 1923 331 1984 Ex
351 1923 401 1986 his
424 1923 582 1988 habebitur
600 1926 849 2006 persolutionem
864 1925 952 1988 unius
968 1924 1110 2004 trianguli
1130 1921 1211 1998 (Sol,
1225 1925 1329 1998 Terra,
1343 1923 1488 1998 Planeta)

123 2012 279 2076 distantia
297 2011 384 2076 Solis
414 2020 446 2074 et
475 2013 604 2090 Terrae,
636 2008 730 2096 eaque
762 2014 819 2077 bis.
865 2016 945 2079 Nam
975 2014 1070 2077 Terra
1101 2013 1180 2076 inter
1211 2031 1314 2076 verum
1342 2012 1425 2079 Solis
1458 2021 1490 2079 et

122 2102 272 2182 planatae
296 2101 394 2164 locum
417 2109 574 2176 versante,
605 2104 688 2166 nulla
720 2106 755 2168 tit
785 2103 981 2184 longitudinis
1009 2101 1178 2184 parallaxis
1207 2121 1261 2164 seu
1283 2102 1486 2168 commutatio.

123 2191 237 2272 ltaque
259 2209 316 2271 per
337 2189 420 2254 aliud
442 2190 512 2254 huic
534 2191 702 2273 implexum,
719 2193 884 2274 problema,
908 2212 974 2256 cnm
988 2193 1102 2256 sciatur
1120 2192 1205 2254 locus
1221 2188 1348 2272 apogaei
1364 2191 1486 2266 Terrae,

125 2279 257 2345 scibitnr
279 2280 374 2342 etiam
396 2281 524 2360 angulus
554 2283 723 2346 anomaliae
753 2281 793 2346 ad
822 2290 979 2364 utramque
1003 2279 1180 2344 distantiam
1202 2280 1287 2346 Solis
1309 2285 1342 2342 ct
1364 2281 1485 2358 Terrae.

124 2369 174 2431 Ex
197 2369 328 2431 duomm
350 2369 452 2451 itaque
474 2369 608 2434 locorum
630 2393 650 2434 a
673 2377 814 2452 suscepto
837 2379 948 2453 puncto
971 2370 1127 2432 distantiis
1150 2377 1182 2432 et
1199 2369 1353 2450 utriusque
1377 2389 1396 2430 a
1419 2369 1485 2432 loco

126 2459 259 2539 apogaei
282 2458 448 2522 remotione
470 2458 629 2541 inquiritur
651 2460 805 2542 quantitas
829 2460 912 2523 orbis
935 2458 1068 2524 Terreni·
1082 2477 1136 2520 seu
1163 2459 1265 2540 magni
1287 2458 1319 2522 in
1341 2477 1378 2520 ea
1399 2477 1486 2522 men*

127 2567 209 2622 sora,
234 2547 266 2610 in
290 2567 351 2628 qna
372 2549 656 2629 praesupposuimns
679 2549 923 2629 cognitam-esse
945 2548 1086 2630 planetae
1105 2569 1125 2610 a
1138 2548 1212 2612 Sole
1227 2546 1404 2610 distantiam
1426 2567 1485 2610 nno

127 2637 193 2700 loeo
217 2636 383 2699 eccentrici
404 2636 467 2712 sni3
492 2637 651 2719 inquiritur
673 2638 805 2702 indidem
829 2639 922 2702 etiam
944 2636 1090 2703 distantia
1114 2637 1246 2718 suscepti
1265 2635 1486 2718 puncti'(quod
1508 2665 1513 2676 ·

128 2733 175 2788 est
197 2733 338 2788 centrum
359 2725 427 2789 viae
451 2729 577 2801 Terrae)
601 2749 621 2789 a
642 2735 746 2792 111111
770 2726 862 2795 Solis.
909 2728 975 2790 Hoc
1003 2727 1046 2790 nti
1076 2727 1111 2790 fit
1139 2727 1170 2790 in
1193 2746 1253 2788 una
1275 2726 1485 2806 1113111111-

127 2815 297 2890 vationum,
321 2814 422 2878 11111
446 2816 590 2885 etiamin
613 2817 711 2880 altera
733 2824 764 2880 et
786 2813 887 2881 tertia.
932 2815 997 2886 Sed
1019 2816 1049 2881 in
1082 2815 1179 2878 altera
1195 2815 1320 2897 planeta
1346 2823 1395 2878 111
1424 2815 1484 2878 alio

127 2903 194 2967 loco
217 2905 268 2968 ani
292 2903 442 2979 eccentri,
472 2905 502 2968 in
524 2907 617 2968 tertia
640 2914 689 2968 est
710 2903 801 2970 111111
824 2907 892 2969 1111
916 2905 963 2968 soi
986 2904 1116 2968 eccentri
1139 2904 1287 2986 habetque
1311 2904 1486 2985 inaequales
1610 2979 1615 2992 ,

128 2993 237 3058 aSole
259 2993 434 3069 diamntias,
457 3014 532 3075 quaa
557 3015 680 3078 semper
693 2995 782 3058 initio
805 2993 1071 3059 demonstrationis
1093 2993 1231 3076 ponimus
1250 3013 1319 3056 esse
1346 2991 1484 3058 100000.

127 3083 185 3146 Eat
205 3084 312 3164 itaque
334 3101 471 3158 necesse,
494 3091 528 3148 ut
550 3085 703 3167 quantitas
725 3084 809 3148 orbis
832 3086 944 3148 Terrae
960 3084 1022 3158 alia
1043 3091 1133 3166 atque
1157 3083 1219 3146 alia
1240 3083 1381 3164 prodeat,
1410 3101 1484 3163 pro-

126 3173 267 3252 portione
290 3180 392 3236 tamen
415 3173 652 3238 eccentricitatis
675 3173 742 3236 viae
760 3173 873 3238 Terrae
896 3174 936 3235 ad
959 3172 1214 3236 semidiametrum
1237 3191 1356 3252 semper
1379 3172 1485 3238 eadem

125 3263 306 3342 prodeunte,
329 3257 405 3344 quae
429 3262 589 3326 admodum
612 3263 856 3343 comprobatio
880 3263 947 3326 erit.
993 3264 1039 3325 At
1061 3280 1128 3326 cum
1151 3267 1265 3324 certum
1289 3261 1339 3337 sit,
1363 3277 1484 3324 manere

125 3351 245 3414 radium
269 3351 353 3413 orbis
376 3353 489 3414 Terrae
513 3352 593 3414 circa
616 3357 750 3415 nentrum
772 3349 840 3413 viae
864 3345 975 3414 Terrae
999 3351 1029 3413 in
1053 3349 1159 3412 eadem
1181 3350 1361 3432 quantitate,
1384 3351 1484 3416 susci-

123 3441 245 3521 piemus
272 3439 340 3520 jam
367 3441 446 3504 hunc
480 3441 511 3504 in
543 3441 712 3523 quantitate
748 3435 876 3504 100000
907 3448 940 3502 11
969 3439 1235 3520 proportionaliter
1266 3439 1483 3504 constituemus

124 3531 270 3611 pleneme
302 3529 333 3592 in
363 3528 458 3592 tribus
487 3531 563 3593 locis
595 3530 768 3609 distantias.
809 3532 863 3594 ·Ita
891 3538 956 3592 tres
987 3529 1128 3610 planetae
1157 3529 1332 3612 inaequales
1362 3549 1381 3592 a
1410 3529 1483 3597 Sole

125 3619 293 3682 (1111111111
316 3618 501 3684 habebimus·
547 3619 808 3696 Quemadmodum
830 3637 902 3700 ergo
930 3619 1077 3682 facillima
1104 3617 1221 3682 ratione
1250 3628 1422 3699 geometres
1445 3639 1483 3684 ex

123 3709 225 3772 1111111
246 3707 371 3790 punctis
393 3709 536 3774 circulum
549 3709 719 3784 describit,
749 3709 796 3770 ita
825 3707 1034 3772 arithmeticus
1064 3707 1220 3774 laboriosa
1247 3709 1298 3772 via
1327 3727 1382 3790 per
1414 3719 1482 3774 octo

123 3796 245 3872 (nescio
268 3817 310 3862 an
333 3797 478 3873 sedecim)
502 3799 695 3880 operationes
718 3797 876 3879 simplices·
894 3816 933 3860 ex
954 3797 1051 3860 tribus
1072 3797 1167 3861 radiis
1190 3798 1358 3880 inaequalis
1381 3799 1482 3880 longi-

123 3887 240 3952 tudinis
271 3887 310 3952 ah
337 3907 396 3950 uno
424 3895 534 3968 puncto
564 3887 755 3956 exeuntibus,
774 3888 900 3952 rimatur
932 3887 1132 3968 quantitatem
1164 3887 1380 3952 semidiametri
1412 3889 1481 3952 viae

121 3976 314 4058 planetarios
337 3975 368 4040 iu
390 3977 750 4068 proportionequalium
773 3985 821 4039 est
844 3976 1067 4046 semidiameter
1090 3976 1172 4040 orbis
1198 3977 1310 4040 Terrae
1337 3973 1480 4054 100000;

123 4067 215 4130 simul
238 4073 272 4128 et
293 4065 472 4130 dismntiam
488 4067 582 4130 111111
604 4075 753 4149 apuncto
764 4065 822 4130 1111
834 4085 893 4130 nno
912 4067 1007 4147 (quod
1020 4074 1220 4130 estcentrnm
1235 4066 1334 4140 Solis)
1346 4067 1482 4137 ‚rimator

122 4167 154 4218 et
175 4155 406 4219 inclinationem
435 4155 533 4218 lineae
562 4175 616 4238 per
644 4163 802 4238 utmmqne
829 4162 964 4218 11111111
992 4155 1139 4236 trajectae
1168 4157 1207 4218 ad
1238 4154 1342 4228 radios
1370 4155 1478 4218 dictos.

120 4245 237 4308 Habita
261 4243 488 4308 eccentricitate
510 4245 589 4308 riae·
602 4246 713 4320 Terrae
736 4253 768 4308 et
789 4243 930 4327 planetae
954 4243 1098 4326 simplici,
1122 4244 1331 4321 cceentricitas
1354 4261 1478 4324 compo-

122 4337 182 4398 sita
205 4353 263 4398 aen
285 4332 447 4416 aequantia
474 4335 505 4398 in
531 4336 625 4398 Terra
647 4333 814 4398 ante-‘noae
837 4341 895 4410 est,
917 4335 948 4398 in
970 4333 1095 4415 planeta
1117 4326 1276 4416 inquiritur
1298 4351 1337 4395 ex
1358 4333 1479 4413 angulis

121 4435 221 4490 motus
246 4422 397 4504 simplicia
421 4423 462 4485 ad
484 4425 584 4505 spatia
605 4432 773 4505 temporum
795 4421 974 4486 intermedia
996 4443 1063 4486 cum
1081 4423 1147 4503 jam
1176 4423 1299 4492 iuventa
1328 4424 1478 4486 eccentri-

120 4516 210 4578 citate
233 4516 305 4578 viae
328 4513 527 4593 comparatio.
574 4513 839 4587 Quemadmodum·
854 4520 887 4574 et
901 4513 1022 4593 cognito
1036 4513 1104 4576 loco
1120 4511 1247 4594 apogaai
1264 4513 1333 4584 (seu
1347 4511 1476 4592 aphelii)

119 4607 259 4688 planetae
296 4601 495 4682 cognoscitur
529 4611 561 4666 11
595 4603 750 4684 longitudo
786 4601 916 4683 simplex
950 4601 1090 4686 ejusdam
1128 4606 1263 4665 correcta
1300 4599 1338 4662 ad
1377 4602 1475 4683 quod·

197 4713 352 4852 'Alteprhht
376 4777 535 4862 problema
555 4780 727 4844 difficillima
751 4779 818 4844 sine
838 4781 991 4844 schemate
1014 4777 1196 4859 explicatum
1227 4795 1284 4858 ego
1315 4797 1386 4847 vero
1412 4777 1477 4860 jam

118 4885 148 4940 at
165 4869 389 4940 instrumentis
422 4885 519 4930 cereo
563 4871 713 4944 Versatur
741 4869 771 4932 in
797 4868 1007 4934 latitudinibus
1025 4867 1225 4950 ‚depangere
1275 4869 1477 4952 Praecognita
