3672 5538
624 323 685 378 Pars
703 321 794 376 Tarde.
832 319 913 390 eaput
930 322 1043 378 xxxm.
1439 321 1502 394 303

161 502 389 586 geometriam,
414 504 468 566 sed
489 503 582 566 veluti
605 502 776 585 superficies
800 504 956 586 quaedam,
980 505 1068 584 plane
1091 511 1125 567 nt
1146 504 1213 567 lux:
1243 513 1279 568 ut
1298 491 1356 568 hoc
1378 505 1500 568 univer-

162 595 225 656 sale
248 594 299 668 sit,
324 593 441 676 species
463 611 559 656 rerum
579 593 778 655 immateriate
794 594 1036 656 descendentium
1051 594 1197 657 descensu
1221 595 1285 676 ipso
1299 615 1358 658 non
1382 596 1501 658 extendi

159 703 213 766 per
236 681 370 764 corporis
385 681 595 758 dimensiones,
619 682 755 764 quamvis
771 701 927 764 acorpore
947 684 996 757 (ut
1012 684 1087 746 baec
1109 704 1128 744 a
1151 703 1273 766 corpore
1288 683 1385 758 Solis)
1400 684 1503 746 orian-

159 781 223 834 tur:
257 772 315 834 hoc
339 791 412 834 sane
436 771 560 852 exlege
584 773 651 852 ipsa
673 772 826 847 defluxus,
850 792 883 834 se
910 771 976 853 ipso
999 793 1059 836 nou
1080 773 1248 850 terminati,
1272 775 1326 836 sed
1347 781 1449 836 tamen
1470 781 1504 837 nt

161 861 333 942 superficies
355 880 455 924 rerum
477 860 721 924 illustrandamm
745 861 882 936 efficiunt,
905 869 940 924 ut
961 863 1013 925 lux
1034 863 1238 925 consideretur
1257 864 1342 945 quasi
1358 864 1503 946 quaedam

161 950 348 1032 superficies,
381 950 451 1032 quia
481 950 629 1031 recipiunt
655 952 687 1012 et
714 951 884 1013 terminant
899 952 963 1032 ejus
987 953 1154 1016 defluxum:
1185 952 1230 1014 ita
1252 971 1379 1034 corpora
1405 971 1504 1018 rernm

160 1039 373 1102 movendarum
392 1041 505 1103 efficere
527 1040 676 1116 videntur,
700 1047 734 1102 ut
755 1040 851 1102 virtus
865 1041 940 1105 haec
958 1043 1068 1104 motuis
1083 1041 1287 1105 consideretur
1303 1041 1388 1124 quasi
1408 1043 1504 1124 quod-

159 1129 229 1192 dam
252 1147 361 1210 corpus
383 1129 610 1210 geometricum,
634 1129 703 1211 quia
726 1125 912 1211 corpulentia
933 1138 1000 1193 tota
1022 1151 1077 1194 sua
1098 1131 1261 1194 terminant
1284 1150 1336 1194 seu
1357 1131 1505 1214 recipiunt

132 1218 236 1281 1lrunc
264 1217 375 1298 speciei
404 1219 539 1281 metricis
562 1219 730 1282 defluxum:
764 1226 798 1281 ut
820 1219 874 1280 illa
901 1222 1037 1302 nuspiam
1064 1221 1095 1284 in
1126 1227 1192 1283 totu
1218 1221 1327 1283 mundo
1355 1239 1423 1284 esse
1452 1227 1505 1284 aut

160 1305 324 1370 subsistere
347 1308 456 1389 possit,
480 1308 539 1370 nisi
551 1309 582 1370 in
604 1309 680 1389 ipsis
697 1308 869 1389 corporibus
892 1309 1142 1396 mobiliumzxnec
1166 1311 1217 1386 sit,
1241 1311 1295 1373 sed
1311 1311 1396 1392 quasi
1414 1309 1506 1384 fuerit

161 1395 392 1460 inintermedio
415 1397 493 1460 inter
516 1397 627 1460 iontem
651 1405 682 1459 et
705 1396 824 1474 mobile,
847 1397 936 1478 plane
959 1405 992 1461 nt
1014 1400 1074 1463 lux.

247 1486 350 1566 Atque
372 1484 422 1548 hic
445 1486 534 1548 simul
557 1486 718 1566 objectioni
741 1487 831 1549 alicui
854 1488 1027 1568 responderi
1048 1494 1160 1570 potest.
1205 1487 1327 1552 Dictum
1351 1488 1429 1550 enim
1457 1496 1505 1553 est

161 1573 192 1636 in
215 1573 434 1654 superioribus,
466 1575 608 1638 virtutem
629 1576 708 1638 hano
731 1576 885 1639 motricem
911 1587 1070 1660 ⁸extensam
1100 1597 1168 1640 esse
1197 1577 1304 1659 spatiis
1326 1577 1444 1655 mnndi,
1474 1586 1505 1641 et
1535 1584 1538 1590 '

163 1661 272 1726 alicubi
296 1663 491 1745 sparsiorem,
523 1664 633 1728 alicubi
656 1665 875 1742 collectiorem,
907 1686 982 1748 quas
1005 1667 1178 1731 affectiones
1203 1667 1291 1730 simul
1322 1663 1451 1730 intensio
1474 1675 1506 1730 et

162 1751 299 1814 remissio
323 1760 422 1816 motus
445 1753 631 1834 planetarum
655 1761 805 1836 sequatur.
844 1757 914 1818 Jam
937 1776 1009 1819 vero
1033 1757 1154 1832 dictum,
1177 1757 1317 1818 virtutem
1339 1757 1418 1818 hanc
1436 1775 1505 1821 esse

164 1840 295 1922 speciem
317 1841 548 1906 immateriatam
572 1843 619 1906 sui
641 1843 744 1920 fontis,
767 1861 822 1906 nec
843 1845 937 1926 recipi
960 1845 1077 1932 uspiam
1100 1845 1158 1909 nisi
1181 1845 1211 1908 in
1235 1844 1370 1926 subjecto
1390 1844 1502 1924 mobili,

161 1938 195 1993 ut
215 1930 247 1992 in
265 1949 390 2012 corpore
408 1932 558 2013 planetae.
596 1933 746 1996 Videntur
761 1941 860 1996 autem
874 1937 1049 2015 pugnantia,
1072 1935 1200 1998 materia
1224 1953 1326 1997 carere
1349 1942 1381 1998 et
1403 1943 1505 1999 tamen

160 2019 394 2106 dimensionibus
425 2021 616 2102 geometricis
645 2022 830 2104 subjacere,
849 2023 976 2087 diffundi
1005 2043 1060 2108 per
1088 2024 1189 2088 mundi
1219 2023 1445 2105 amplitudinem
1473 2031 1505 2088 et

161 2115 262 2172 umen
283 2109 429 2191 nuspiam,
446 2129 513 2175 esse
536 2111 595 2176 uisi
618 2111 669 2174 ubi
693 2119 740 2175 est
762 2112 879 2175 mobile.
925 2113 1137 2196 Respondetur
1160 2121 1260 2178 autem
1284 2113 1342 2176 sic:
1367 2113 1503 2196 quumvis

161 2198 257 2260 virtus
280 2200 391 2262 motrix
419 2218 477 2262 non
506 2203 547 2264 sit
569 2201 725 2263 materiale
748 2201 915 2283 quippiam,
949 2205 1018 2285 qnia
1047 2212 1147 2267 tamen
1175 2203 1333 2276 materiae,
1366 2203 1423 2266 hoe
1456 2209 1504 2265 est
1549 2242 1552 2248 ·

158 2286 276 2368 corpori
299 2287 442 2368 planetae
457 2291 601 2366 vehendo,
627 2291 810 2367 destinatur,¹
827 2311 886 2352 non
904 2291 1030 2356 liberam
1046 2313 1114 2356 esse
1128 2313 1146 2355 a
1162 2293 1291 2373 legibus
1303 2291 1503 2372 geometricis,
1557 2321 1561 2330 ·

162 2376 270 2438 saltem
294 2375 332 2438 ob
354 2377 433 2440 hano
455 2379 641 2442 materialem
663 2380 812 2443 actionem
834 2383 1076 2446 mwsvectionis.
1122 2383 1187 2446 Nec
1212 2400 1286 2463 opus
1315 2389 1363 2442 est
1388 2381 1501 2443 multis.

159 2465 306 2528 Videmus
337 2466 416 2528 enim
445 2477 543 2532 motus
573 2469 650 2532 istos
677 2471 779 2550 perfici
802 2470 833 2532 in
855 2471 923 2533 loco
946 2479 977 2534 et
1006 2479 1170 2553 ternpore„
1188 2480 1219 2534 et
1248 2489 1386 2532 emanare
1414 2477 1503 2552 atque

159 2554 283 2617 diffundi
306 2555 448 2618 virtutem
470 2559 547 2630 hano
571 2580 590 2621 a
612 2559 695 2621 fonte
717 2579 771 2640 per
793 2559 894 2641 spatia
916 2562 1032 2638 mundi;
1056 2579 1131 2645 quae
1155 2569 1225 2624 sunt
1243 2559 1341 2622 omnia
1363 2578 1412 2621 res
1427 2577 1502 2640 geo-

159 2644 311 2706 metricae.
368 2645 449 2718 Quin
479 2647 572 2728 igitur
604 2655 635 2709 et
665 2650 775 2712 ceteris
806 2650 997 2730 geometricis
1035 2650 1269 2714 necessitatibus
1301 2647 1431 2712 obnoxia
1462 2649 1504 2713 sit

158 2734 231 2797 haec
253 2733 360 2797 virtus.
1474 2741 1480 2758 '

244 2823 293 2885 Ac
316 2842 353 2885 ne
377 2823 499 2888 nimium
520 2824 686 2888 insolenter
706 2825 912 2908 philosophari
935 2827 1054 2904 videar,
1080 2817 1247 2909 'proponam
1270 2825 1376 2889 lectori
1399 2844 1502 2888 exem-

157 2907 240 2993 plum
263 2911 341 2974 lucis
362 2913 453 2994 plane
476 2913 645 2995 genuinum,
669 2935 735 2978 cum
757 2915 788 2977 in
807 2915 890 2980 Solis
909 2935 1033 2998 corpore
1057 2925 1089 2980 et
1110 2917 1178 2998 ipsa
1200 2916 1351 2978 nidulatur
1373 2913 1501 2996 indeque

159 3019 258 3063 comes
281 3000 350 3064 huic
373 3001 477 3065 virtuti
499 3003 618 3067 metrici
640 3005 791 3068 intutum
812 3005 951 3068 mundum
975 3006 1091 3068 emicet.
1139 3004 1216 3078 Quis
1246 3021 1357 3086 quaeso
1381 3003 1501 3079 dixerit,

160 3090 256 3152 lucem
279 3109 347 3153 esse
370 3092 526 3156 materiale
545 3093 716 3176 quippiam?
738 3093 797 3156 Illa
818 3101 921 3157 tamen
939 3094 1130 3176 operationes
1154 3113 1225 3157 snas
1240 3098 1362 3154 exercet
1382 3090 1500 3154 ratione

156 3179 229 3254 loci,
264 3186 296 3242 et
316 3188 450 3244 mutuum
471 3182 602 3264 petitur,
634 3183 833 3264 repercutitur
855 3191 886 3244 et
913 3179 1087 3263 refringitur
1115 3190 1148 3245 et
1172 3182 1356 3264 quantitates
1385 3179 1501 3256 induit3

157 3269 233 3331 adeo
256 3275 291 3330 nt
312 3269 406 3333 densa
428 3272 476 3333 vel
505 3290 576 3334 rara
598 3291 680 3348 esse,
714 3279 747 3334 et
772 3290 826 3352 pro
855 3273 1010 3353 superficie
1036 3271 1141 3335 haberi
1170 3270 1282 3353 possit,
1314 3269 1356 3332 ibi
1385 3269 1435 3331 ubi
1463 3270 1501 3332 ab

156 3357 330 3421 illustrabili
353 3358 454 3441 aliquo
476 3361 627 3442 recipitur.
672 3361 751 3426 Nam
774 3361 860 3423 utin
883 3360 1002 3442 Optiois
1026 3361 1153 3438 dictum,
1177 3360 1229 3422 lux
1251 3377 1384 3442 quoque,
1407 3377 1501 3441 aeque

158 3455 248 3530 atque
271 3447 346 3509 haec
368 3447 465 3512 virtus
488 3450 615 3525 mutrix,
646 3451 677 3513 in
700 3451 799 3533 spatio
822 3449 900 3516 iuter
922 3451 1034 3512 sontem
1058 3459 1089 3513 et
1111 3449 1291 3513 illustrabile
1314 3447 1502 3525 intermedio,

157 3555 216 3599 non
240 3544 310 3612 est,
333 3537 393 3600 etsi
414 3538 470 3600 boc
493 3540 624 3616 transiit,
648 3541 702 3602 sed
724 3540 765 3602 ibi
788 3540 874 3621 qnasi
897 3539 975 3602 luit.
1018 3540 1065 3602 Ac
1088 3540 1146 3602 etsi
1169 3540 1221 3602 lux
1243 3539 1311 3620 ipsa
1334 3539 1399 3600 sine
1420 3545 1501 3601 tem-

157 3644 230 3707 pore
255 3626 373 3707 quidem
397 3628 513 3704 effluat,
546 3629 642 3692 virtus
664 3648 735 3691 vero
758 3628 834 3692 haec
856 3637 977 3691 moveat
1003 3628 1034 3690 in
1056 3637 1208 3711 tempore:
1241 3637 1343 3690 tamen
1371 3626 1501 3690 sirecte

159 3715 324 3796 expendas,
346 3715 501 3798 utriusque
515 3718 595 3781 ratio
609 3726 657 3781 est
678 3719 767 3799 plane
783 3721 895 3781 eadem.
932 3720 1009 3794 Lux,
1033 3739 1108 3802 qnae
1123 3737 1177 3781 sua
1193 3725 1272 3794 sunt,
1296 3717 1327 3779 in
1350 3725 1501 3780 momento

157 3811 310 3886 praestat3
343 3824 401 3888 qua
430 3807 558 3869 materia
588 3807 754 3884 concurrit,
786 3809 853 3889 ipsa
881 3827 996 3890 quoque
1027 3816 1161 3891 tempore
1192 3807 1318 3890 proficit.
1365 3806 1503 3880 Illustrat

159 3893 332 3975 superficies
354 3893 387 3956 in
408 3903 576 3973 momento,
606 3897 676 3978 quia
697 3897 772 3962 nihil
794 3897 843 3960 bio
864 3899 1022 3968 materiam
1043 3899 1108 3978 pati
1131 3917 1205 3979 opus
1228 3905 1290 3972 est,
1322 3915 1388 3958 cnm
1411 3895 1500 3958 illus-

158 3982 250 4045 tratio
274 3982 370 4046 omnis
397 3985 514 4048 ratione
537 3985 758 4067 superficierum
786 3983 957 4068 perficietur
984 3986 1033 4049 vel
1057 3987 1142 4072 quasi
1171 3986 1409 4068 superficierum,
1441 4005 1500 4046 non

158 4072 274 4134 ratione
304 4073 507 4153 corpulentiae
535 4083 682 4158 quatenus
710 4075 902 4158 corpulentia.
951 4075 1065 4140 Contra
1094 4076 1147 4139 lux
1176 4075 1299 4138 dealbat
1322 4073 1438 4136 colores
1470 4073 1500 4135 in

158 4169 310 4243 tempore;
343 4161 413 4244 quia
443 4163 493 4226 hic
523 4164 553 4226 in
584 4165 741 4228 materiam
768 4165 833 4246 agit
854 4172 1009 4247 quatenus
1039 4166 1183 4242 materia,
1216 4183 1338 4244 eamque
1369 4161 1500 4237 calfacit,
1544 4231 1548 4240 ¹

160 4250 315 4338 expellens
344 4251 526 4316 contrarium
558 4252 653 4335 frigus
684 4255 715 4316 in
743 4254 876 4336 corporis
898 4255 1026 4317 materia
1047 4256 1151 4331 fixum,
1182 4273 1241 4316 non
1271 4253 1302 4314 in
1335 4251 1499 4333 superficie.

160 4341 208 4403 Ita
229 4340 320 4420 plane
344 4347 376 4403 et
396 4341 471 4404 haec
493 4343 590 4406 virtus
620 4362 743 4406 movens
769 4350 914 4425 perpetuo
937 4351 970 4406 et
991 4343 1055 4406 sine
1078 4343 1221 4426 temporis
1248 4340 1408 4404 intervallo
1436 4339 1501 4402 illic

163 4447 200 4490 ex
223 4429 296 4493 Sole
319 4429 422 4506 adest,
445 4431 495 4494 ubi
518 4440 566 4494 est
588 4433 726 4496 idoneum
747 4433 871 4508 mobile,
895 4432 963 4514 quia
985 4433 1058 4496 nibil
1083 4434 1193 4514 accipit
1214 4452 1234 4493 a
1255 4429 1359 4493 mobili
1382 4430 1501 4491 adhoc

160 4527 193 4580 ut
214 4519 305 4582 adsit.
351 4520 457 4582 Movet
479 4529 579 4585 autem
601 4522 632 4586 in
654 4530 804 4603 tempore,
837 4522 906 4603 qnia
928 4522 1037 4584 mobile
1067 4522 1257 4585 materiatum
1279 4525 1335 4581 est.
1381 4518 1441 4582 Vel
1474 4519 1500 4581 si

160 4607 294 4684 videtur,
325 4610 579 4690 comparationem
600 4611 631 4673 in
654 4612 731 4674 hunc
753 4612 872 4674 modum
894 4611 1036 4674 institue:
1070 4612 1148 4695 quod
1171 4611 1251 4674 sicut
1279 4627 1313 4671 se
1334 4606 1427 4671 habet
1448 4609 1500 4671 lux

161 4698 199 4759 ad
227 4697 476 4776 illustrationem,
506 4700 550 4762 sic
572 4707 688 4764 eertum
715 4707 763 4764 est
791 4719 859 4764 sese
890 4699 1000 4764 hebere
1029 4701 1169 4780 virtutem
1199 4699 1238 4761 ad
1263 4702 1386 4761 motum.
1431 4698 1499 4760 Lux

162 4787 258 4850 onnia
280 4786 377 4862 facit,
408 4806 484 4869 quae
510 4789 575 4852 lieri
602 4797 731 4870 possunt
760 4791 798 4852 ad
826 4809 970 4853 summam
998 4789 1245 4864 illustrationem,
1277 4805 1372 4868 neque
1400 4795 1499 4850 tanen

163 4877 284 4956 obtinet,
309 4883 345 4942 ιιι
358 4875 440 4942 color
462 4897 574 4942 summe
596 4879 779 4944 illustretur:
803 4899 872 4942 nam
895 4880 977 4946 color
1000 4881 1149 4944 diversam
1173 4898 1257 4942 suam
1281 4876 1411 4960 speciem
1432 4895 1498 4942 curu
