3604 5534
623 267 684 322 Pas
699 267 792 320 Prima.
832 265 914 334 Caput
929 265 976 320 IV.
1413 262 1475 334 193

122 454 152 511 ιι
172 467 240 511 cnm
263 447 396 528 planeta
418 454 522 530 partes
544 445 671 531 epicycli
684 445 841 510 inferiores
855 453 1006 528 peragrat,
1031 454 1132 510 centro
1149 446 1275 530 epicyeli
1288 452 1429 510 versante
1445 445 1476 510 in

123 537 257 624 opposito
274 535 372 607 Solis,
397 537 609 618 compositione
634 543 765 600 motuum
784 555 815 598 re
839 555 924 604 vera
929 537 970 598 sit
983 537 1251 616 retrogradus&
1223 537 1270 599 lta
1283 535 1475 599 Ptolemaeus

123 626 303 689 senteutiam
314 646 401 690 suam
418 627 547 704 numeris
563 635 594 688 et
604 626 786 708 geometriae
797 626 1013 694 accomodavit,
1034 627 1259 689 admirationem
1273 645 1331 688 non
1342 626 1472 688 sustulit.

122 717 228 779 Adbuc
253 717 333 778 enim
354 737 447 779 causa
462 715 637 797 quaeritur,¹
649 735 723 795 quae
740 734 843 778 ornnes
855 715 1044 796 planetarum
1064 715 1211 822 epicyclos
1227 705 1291 778 Soli
1307 721 1476 789 connectat,

122 817 152 868 ut
173 800 196 868 ii
219 823 343 886 semper
366 806 397 868 in
420 825 583 886 congressu
605 805 701 868 centri
724 805 770 867 sui
793 823 858 866 cum
882 803 954 867 Sole
976 781 1130 884 periodurir
1154 825 1237 867 suam
1259 805 1429 868 absolvant.

209 892 453 974 Copernious
493 915 559 958 cum
590 893 806 975 antiquissimis
838 894 1037 976 Pythagoreis
1068 899 1099 954 et
1120 893 1314 969 Aristarcho,
1340 912 1473 984 cumque

123 984 241 1048 iisdem
260 1003 322 1046 uua
351 1003 426 1086 ego
455 1004 599 1064 negamus
629 985 706 1046 banc
737 984 898 1046 secundam
920 982 1197 1064 inaequalitatem
1189 1004 1219 1044 ur
1242 985 1306 1064 ipso
1331 965 1473 1063 planetae

124 1083 206 1136 matu
228 1072 353 1153 proprio
376 1073 488 1148 inesse,
511 1075 566 1135 sed
589 1073 682 1134 videri
707 1081 833 1148 tautum,
859 1072 995 1135 accidere
1011 1092 1082 1135 vero
1107 1091 1205 1135 annua
1227 1071 1385 1155 gyratione
1400 1071 1473 1132 Tel-

124 1163 197 1226 luris
221 1163 305 1224 circa
328 1161 432 1226 Solem
455 1162 646 1226 immobilem.
693 1163 810 1243 Itaque,
834 1163 1082 1244 quemadmodum
1108 1161 1209 1242 capl.
1233 1169 1331 1223 motus
1353 1159 1474 1234 diurnus

123 1273 141 1314 a
171 1251 307 1314 motibus
321 1249 533 1330 planetarum
551 1251 678 1356 propriis
703 1252 759 1314 fuit
782 1259 958 1332 separatus,
982 1252 1024 1314 sic
1043 1253 1110 1332 jaun
1132 1251 1264 1313 secunda
1285 1250 1473 1330 planetarum

122 1319 328 1423 inaequalitas
352 1341 455 1403 itidem
479 1342 617 1422 aprima
646 1347 804 1420 separatur
827 1364 846 1402 a
866 1339 1031 1420 Goperuico
1056 1349 1088 1401 et
1111 1340 1230 1422 quidem
1254 1339 1358 1401 eodem
1373 1339 1471 1401 modo.

121 1431 199 1493 Nam
228 1429 359 1510 primum
389 1437 501 1492 motum
531 1430 583 1493 alii
618 1430 747 1493 artifices
776 1429 973 1493 adventitium
1005 1429 1160 1510 quidem
1151 1448 1182 1490 ιιι
1204 1427 1335 1509 planetis
1359 1446 1471 1508 agnos-

121 1528 206 1594 cunt,
239 1519 295 1580 sed
323 1526 427 1582 tamen
452 1520 592 1594 credunt,
619 1519 701 1582 illurn
725 1539 756 1580 re
789 1538 863 1581 vera
883 1519 1047 1601 planetis'
1039 1537 1139 1582 messe
1164 1528 1195 1580 et
1223 1517 1324 1580 inferri
1352 1517 1410 1591 sic,
1439 1525 1473 1579 ut

122 1609 228 1672 eodem
253 1615 285 1669 et
307 1609 447 1688 planetae
471 1609 628 1672 vehantur.
677 1607 860 1689 Gopernicus
884 1627 978 1689 neque
1002 1608 1101 1670 inesse
1124 1625 1178 1688 per
1201 1626 1233 1668 se
1253 1625 1348 1687 neque
1369 1605 1473 1668 inferri

124 1697 266 1760 concedit
290 1697 487 1774 extrinsecus,
512 1698 565 1759 sed
589 1698 692 1780 affingi
715 1705 833 1760 tautum
856 1697 916 1760 illis
939 1716 993 1778 per
1016 1697 1168 1758 fallaciam
1191 1695 1289 1757 visus:
1315 1695 1473 1758 dumenim

124 1788 219 1850 Terra
244 1787 386 1848 volvatur
409 1805 498 1866 super
521 1806 655 1864 axe'suo
680 1787 718 1849 ab
742 1806 850 1848 occasu
874 1787 903 1848 in
928 1794 1033 1860 ortum,
1059 1786 1136 1848 risui
1155 1793 1258 1847 nostro
1272 1783 1365 1848 videri
1385 1803 1472 1847 mun-

124 1879 192 1939 dum
216 1876 365 1956 reliquum
388 1876 470 1939 volvi
493 1877 531 1938 ab
555 1883 622 1939 ortu
644 1876 674 1937 iu
688 1895 848 1938 oceasum.
882 1873 1006 1950 Eodem,
1032 1875 1161 1956 iuquam,
1186 1875 1273 1935 modo
1290 1872 1473 1956 Gopernicus

124 1965 256 2040 asserit,
280 1965 423 2068 planetas
445 1986 504 2028 nou
527 1984 651 2027 revera
674 1965 736 2026 lieri
760 1973 824 2027 stat
811 1966 956 2027 tionarios
981 1973 1012 2026 et
1035 1963 1241 2044 retrogradus,
1279 1963 1332 2024 sed
1355 1962 1470 2026 videri:

125 2056 219 2116 Terra
247 2054 329 2116 enim
360 2055 458 2117 alio
451 2071 573 2134 insuper
604 2063 635 2116 et
667 2074 703 2116 eo
732 2074 829 2116 annuo
856 2061 939 2116 motu
968 2054 997 2115 in
1025 2053 1134 2116 circulo
1159 2051 1344 2156 amplissimo
1364 2053 1472 2132 (quem

124 2143 230 2206 orbem
255 2161 397 2223 maguum
412 2145 561 2225 appellat)
581 2145 741 2218 translata,
762 2163 824 2218 eoa,
845 2163 893 2224 qur
886 2143 1029 2205 Terram
1043 2142 1169 2206 creduut
1179 2160 1340 2222 quiescere
1365 2149 1472 2222 putare

124 2234 267 2314 planetas
292 2241 323 2294 et
347 2231 481 2296 Solem
473 2255 504 2296 ιιι
526 2233 706 2296 contrarium
729 2231 896 2324 transferri,
921 2239 952 2294 et
975 2231 1047 2294 Sole
1070 2232 1148 2294 inter
1163 2232 1287 2294 Terram
1310 2238 1341 2293 et
1362 2223 1471 2312 plane-

123 2333 184 2384 tam
214 2322 333 2402 posito,
368 2315 504 2402 componi
536 2323 565 2384 in
594 2323 708 2384 visione
732 2313 832 2384 luctus
855 2322 964 2384 Terrae
989 2329 1036 2383 et
1042 2321 1195 2402 planetae,
1233 2321 1310 2382 unde
1333 2319 1472 2381 videatur

122 2413 250 2492 planeta
282 2412 386 2485 velox,
415 2412 510 2474 Terra
541 2431 611 2474 vero
639 2412 717 2474 iuter
740 2412 841 2474 Solem
866 2419 896 2473 et
920 2411 1073 2493 planetam
1096 2411 1206 2490 posita,
1230 2407 1324 2472 videri
1346 2407 1471 2488 relinqui

123 2501 281 2580 planetam
304 2507 336 2562 et
359 2500 404 2562 sic
428 2502 624 2574 retrocedere,
651 2521 686 2562 eo
703 2502 780 2582 quod
804 2500 897 2563 Terra
920 2500 1052 2562 velocior
1075 2499 1116 2562 sit
1138 2501 1262 2580 planeta
1264 2545 1271 2560 .

214 2589 342 2671 Tycho
370 2590 494 2652 Brabe
525 2590 621 2653 simile
653 2590 722 2671 quid
755 2589 848 2652 habet
880 2609 945 2652 oum
969 2589 1105 2665 Latinis,
1137 2609 1194 2651 non
1219 2588 1321 2651 Solem
1352 2586 1471 2668 quidem

124 2679 284 2741 attrahere
307 2678 447 2758 planetas
470 2697 524 2758 per
547 2687 720 2760 aspectum,
754 2680 808 2741 sed
831 2679 971 2760 planetas
996 2677 1112 2741 adulari
1135 2677 1217 2740 Soli:
1242 2678 1298 2741 uiti
1320 2676 1411 2750 auhn,
1435 2682 1472 2738 ut

124 2768 208 2830 iilum
234 2769 387 2848 (quamvis
412 2769 545 2843 euntem)
569 2768 599 2830 in
622 2769 720 2831 medio
744 2769 807 2832 fere
831 2787 951 2831 suarum
975 2767 1180 2831 circuitionum
1204 2767 1363 2840 retineant,
1387 2765 1470 2845 ipsos

16 2869 17 2873 ’
122 2875 192 2918 vero
227 2856 388 2936 genuinam
424 2857 615 2920 viam.ciroa
638 2855 740 2920 Solem
770 2858 872 2939 (quasi
904 2866 988 2920 essct
1010 2856 1185 2930 immobilis)
1209 2855 1355 2924 ordinare.
1402 2851 1471 2924 Qua

16 3011 17 3020 ι
122 2945 242 3008 ratione
267 2944 394 3026 quilibet
414 2947 538 3025 planeta
559 2947 591 3009 in
614 2967 688 3009 aura
702 2945 985 3028 aethereaprae'ter
1002 2946 1082 3012 viam
1096 2945 1247 3028 propriam
1265 2944 1362 3026 ipsam
1377 2943 1471 3006 otiam

16 3036 17 3065 ³
122 3033 205 3098 Solis
238 3035 321 3096 viam
349 3035 483 3110 conficit,
516 3035 711 3117 efficiturque
731 3057 767 3098 ex
798 3044 881 3099 motu
909 3044 1034 3118 utroque
1067 3034 1250 3115 compositus
1279 3034 1318 3096 ad
1340 3051 1470 3112 unguem

115 3124 205 3186 idem
239 3123 289 3204 qui
314 3124 401 3204 apud
408 3125 614 3189 Ptolemaeum
640 3126 776 3230 (spiralis
791 3127 922 3206 nempe),
947 3134 981 3187 ut
1003 3143 1069 3206 cap
1093 3126 1119 3186 I.
1136 3123 1258 3186 dictum.
1302 3121 1345 3194 lit
1367 3126 1470 3182 astro-

123 3213 240 3276 nomica
265 3213 460 3277 Ptolemaeus
489 3214 678 3296 epicyclos'
670 3235 700 3277 ιιι
723 3214 898 3278 ecceutricis
921 3213 1044 3289 statuit,
1072 3209 1208 3326 Brahcus
1233 3209 1416 3274 ecceutricos
1439 3208 1469 3270 iu

124 3301 261 3385 epicyclo
286 3321 359 3379 uno,
384 3303 434 3384 qui
457 3311 506 3366 est
528 3303 594 3383 ipse
617 3303 699 3368 Solis
722 3303 812 3366 orbis.
1485 3361 1489 3370 .

212 3389 319 3471 Ego
310 3411 341 3454 ιιι
372 3392 566 3473 sequentibus
595 3393 901 3457 demonstrationibus
938 3409 1041 3454 omues
1074 3397 1136 3452 tres
1169 3396 1322 3453 auctorum
1356 3387 1470 3449 formas

121 3482 313 3562 conjungam.
359 3481 439 3546 Nam
462 3490 493 3544 et
507 3483 620 3566 Tyoho,
642 3503 691 3546 me
714 3483 771 3545 hoc
796 3482 983 3584 quaudoque·
985 3479 1141 3563 suadente,
1161 3479 1192 3542 id
1210 3499 1243 3542 se
1262 3477 1340 3542 ultro
1359 3475 1409 3538 vel
1422 3493 1469 3538 me

123 3578 247 3632 tacente
273 3569 421 3634 facturum
444 3571 537 3636 fuisse
560 3572 715 3654 respoudit
738 3571 934 3652 (fecissetque
958 3570 986 3634 si
1009 3555 1256 3674 supervixisset),
1284 3573 1317 3628 et
1338 3565 1469 3629 moriens

121 3679 222 3734 ame,
249 3677 348 3738 quem
360 3660 391 3722 iu
407 3658 566 3742 (lopernici
588 3661 741 3726 sententia
763 3680 831 3724 csse
855 3660 982 3730 sciebat,
1005 3660 1103 3741 petiit,
1128 3659 1173 3722 uti
1189 3658 1218 3722 in
1233 3677 1289 3722 aua
1308 3655 1470 3739 hypothesi

11 3797 12 3812 ,
119 3749 223 3812 omnia
247 3747 496 3814 demonstrarem.
515 3745 556 3824 ³¹)

209 3837 308 3900 Porro
331 3827 422 3902 trium
444 3840 550 3902 harum
573 3842 735 3903 formarum
755 3839 1006 3920 perfectissimam
1026 3837 1288 3918 aequipollentiam
1307 3832 1471 3914 geometri-

117 3948 183 3990 cam
209 3935 242 3990 ιιι
261 3927 327 4007 jam
350 3927 456 3990 statim
481 3937 512 3990 et
533 3949 588 4010 per
610 3927 834 4004 totumlibrum,
853 3929 934 3991 aliud
952 3927 1023 3990 licet
1037 3934 1173 4006 agentes,
1188 3923 1470 3988 demonstrabimus.

117 4019 149 4080 ln
172 4035 324 4098 praesens
345 4020 584 4098 persequendum
603 4027 652 4081 est
669 4017 839 4080 institutum
854 4027 885 4080 et
899 4016 1172 4090 demonstrandum,
1198 4015 1315 4078 omnino
1331 4031 1471 4092 magnum

118 4105 229 4187 aliquid
253 4105 284 4168 in
306 4107 439 4170 secunda
459 4106 674 4190 inaequalitate
693 4109 821 4192 peccari,
849 4108 874 4169 si
897 4127 951 4188 pro
971 4104 1129 4188 apparenti
1152 4112 1235 4168 motu
1253 4103 1334 4168 Solis
1356 4101 1471 4165 medius

118 4203 278 4277 susceptus
303 4196 407 4273 fuerit,
440 4215 506 4260 cnm
526 4218 583 4280 quo
602 4200 726 4279 planeta
748 4199 777 4261 iu
795 4197 938 4280 principio
961 4196 1048 4278 hujus
1074 4195 1221 4268 secundae
1244 4192 1470 4276 inaequalitatis

119 4291 296 4367 opponatur.

201 4375 358 4458 Incipiam
381 4395 401 4437 a
425 4374 681 4460 Copernicaua
703 4377 862 4440 sententia.
913 4375 1026 4441 danao
1047 4377 1067 4453 β
1093 4374 1251 4438 amcam
1282 4373 1471 4438 ιιιιιιιιιιιιιι

121 4470 239 4534 Terrae
260 4490 320 4547 ιιι,
344 4465 470 4548 qualem
494 4467 688 4551 Oopmaioas
702 4465 884 4532 Ptolemaeo
899 4467 1007 4550 fideus
1029 4473 1075 4529 eat
1095 4465 1296 4545 tmapiaaraa,
1319 4463 1391 4528 at
1377 4483 1413 4524 ιιι
1434 4482 1469 4524 eo

119 4561 156 4624 rit
176 4561 215 4640 ιβ
238 4555 327 4622 iirrea
351 4557 518 4638 apsidum,
543 4556 668 4622 rlooaa
691 4555 778 4620 Solia
803 4555 973 4620 immobilia
995 4561 1025 4618 at
1046 4557 1066 4633 β
1085 4560 1237 4637 patratam
1266 4549 1470 4635 aequalitatis

119 4657 216 4715 ιιιιιιιιι
247 4645 406 4714 Telluris.
459 4648 614 4712 Ducatar
637 4667 699 4730 per
729 4648 791 4726 β
776 4647 842 4730 apsi
870 4649 909 4725 βγ
938 4639 1215 4729 perpendicularis
1243 4643 1329 4718 ιβσ,
1359 4659 1470 4704 aecana

122 4739 469 4840 circumferentiarum
486 4738 664 4821 pacatico,
688 4755 726 4810 c;
750 4744 779 4800 et
801 4743 1072 4809 occaectaaturrr,
1096 4753 1116 4794 σ
1138 4751 1255 4794 cama.

200 4825 397 4913 Copernicus
428 4825 528 4908 igitur,
552 4825 753 4890 Ptolemaicos
788 4842 925 4888 numeros
948 4825 978 4888 iu
1003 4843 1087 4888 suam
1112 4822 1237 4884 formam
1268 4819 1468 4908 hypotheseos

162 4932 409 4992 mmmm
519 4975 579 4998 ,.
703 4993 709 5006 ,
1223 4927 1255 4990 ιι,
