3666 5532
325 311 391 386 ott
912 317 1075 387 Eiram

327 507 410 562 motu
432 496 549 561 Martis.
597 497 710 560 Verum
743 497 855 577 origine
883 504 915 560 et
941 497 1080 561 methodo
1108 496 1290 578 perspectis,
1322 495 1429 578 quibus
1449 494 1613 559 Bralreana
1636 501 1668 559 et

325 588 432 670 quibus
463 607 530 648 mea
561 587 770 651 eccentricitas
802 596 851 650 est
873 595 1040 664 exstructa,
1074 605 1160 669 spero
1185 587 1327 649 lectorem
1350 605 1409 648 non
1431 587 1529 662 magis
1552 593 1667 648 motum

324 677 362 740 iri
384 675 543 738 Braheana
570 695 658 758 qnam
681 678 866 740 Ptolemaica
887 677 993 740 veteri.
1040 677 1083 740 At
1104 695 1162 739 non
1186 675 1256 738 ideo
1281 675 1484 756 depugnatum
1506 684 1555 738 εει
1575 674 1665 755 peni-

323 774 388 831 tus:
412 775 519 841 restat,
543 767 620 847 qnod
643 785 700 827 non
725 775 842 829 tantum
865 767 894 830 in
918 766 1069 829 veteribus
1093 766 1261 828 sedetiam
1285 766 1314 827 in
1337 783 1384 826 me
1407 763 1474 844 ipsc
1503 763 1665 846 requiram,

326 864 359 919 ut
389 874 479 935 snpra
502 857 590 935 paulo
613 855 744 935 profiteri
768 875 934 936 coeperam.
968 856 1111 933 Magnum
1134 854 1253 936 quidem
1275 853 1387 936 aliquid
1411 861 1469 928 est,
1492 853 1664 916 consentire

322 945 517 1008 bisectionem
534 944 766 1008 eccentricitatie
782 946 982 1008 Ptolomeicus
996 965 1063 1008 cum
1073 945 1238 1007 variatione
1248 944 1468 1016 diametrorum,
1481 951 1515 1005 ut
1519 944 1587 1024 jure
1597 961 1667 1005 ore-

325 1035 390 1110 das,
407 1035 654 1116 acquiescendum
673 1035 702 1096 iu
725 1034 781 1097 hac
796 1034 1019 1100 eccentricitate
1034 1031 1131 1108 4360,
1152 1033 1398 1116 repellendasque
1412 1033 1532 1096 fortiter
1548 1031 1576 1093 ei
1589 1031 1666 1112 quae

323 1124 464 1204 ingruant
485 1124 668 1204 objectiones
686 1124 773 1185 aliae.
809 1125 853 1187 At
866 1125 961 1204 primo
981 1123 1135 1186 imbecillis
1151 1130 1243 1185 estet
1259 1122 1364 1184 timida
1386 1121 1572 1201 experientia
1596 1122 1666 1183 dia-

323 1213 409 1276 metri
424 1214 528 1276 Lunae
551 1232 703 1294 apogaeae
727 1213 756 1276 in
780 1215 982 1296 speculatione
1006 1212 1080 1274 adeo
1096 1212 1208 1284 subtili,
1230 1232 1287 1274 non
1304 1211 1364 1274 alia
1379 1211 1495 1292 quidem
1514 1230 1557 1286 rc,
1578 1229 1668 1291 qnam

323 1301 390 1383 ipsa
426 1301 603 1366 solitudine:
638 1303 857 1385 optandumque
888 1305 930 1378 (si
960 1302 1158 1383 impossibilia
1184 1301 1296 1365 homini
1319 1300 1467 1380 optanda)
1497 1307 1530 1362 ut
1552 1301 1666 1364 multos

323 1392 492 1473 hujusmodi
524 1392 705 1467 existerent,
735 1400 823 1476 atque
851 1393 896 1455 ita
926 1393 1005 1454 inter
1032 1393 1190 1454 multarum
1213 1392 1380 1454 errorculos
1402 1407 1456 1469 pro
1481 1397 1564 1452 certo
1588 1389 1667 1452 sumi

322 1490 435 1562 posset,
458 1482 536 1564 quod
558 1491 606 1544 εει
628 1481 764 1546 medium
810 1480 890 1554 Quid
912 1481 999 1547 enim.
1024 1483 1049 1544 si
1071 1500 1164 1563 perro
1188 1482 1288 1560 aliquo
1311 1479 1464 1542 aberravit
1485 1499 1544 1542 non
1561 1479 1666 1542 oculus

322 1571 352 1633 in
375 1570 579 1646 aestimando,
611 1571 666 1634 scd
696 1573 784 1652 longe
813 1581 884 1634 ente
911 1591 1016 1634 manus
1043 1571 1073 1633 in
1097 1571 1297 1634 construenda
1319 1568 1489 1651 circinoque
1511 1567 1667 1632 metienda

322 1661 481 1723 fenestella
503 1670 535 1723 et
556 1661 658 1724 lunula
688 1680 875 1744 papyraceo,
904 1679 992 1744 qnam
1015 1660 1104 1723 facile
1126 1661 1227 1741 potuit
1253 1679 1301 1722 me
1325 1659 1454 1737 effugere
1478 1657 1570 1720 tertia
1591 1675 1666 1739 pars

322 1749 451 1812 minuti?
497 1747 585 1822 Quod
607 1750 699 1814 nolim
722 1769 757 1814 eo
779 1750 873 1826 trahi,
897 1751 983 1831 quasi
1006 1750 1043 1812 de
1065 1757 1129 1812 toto
1151 1749 1208 1812 hoc
1231 1749 1354 1830 negotio
1377 1747 1581 1810 concederem.
1629 1749 1664 1809 In

322 1841 411 1904 rebus
435 1839 513 1902 enim
535 1839 673 1916 minutis,
701 1839 751 1902 nbi
775 1841 917 1903 semisses
941 1847 972 1902 et
993 1840 1175 1922 quadrantes
1194 1838 1284 1901 lacile
1308 1844 1356 1900 est
1377 1837 1601 1912 internoscere,
1626 1836 1664 1899 ab

321 1930 417 1993 unciis
441 1930 505 2010 jam
533 1929 695 1992 difficultas
725 1937 827 2009 potest
853 1929 992 2010 incipere.
1048 1927 1127 1992 Sunt
1158 1927 1249 2009 igitur
1277 1927 1335 1990 hae
1365 1945 1449 1988 meae
1473 1926 1610 2006 copiolae
1633 1926 1665 1988 in

321 2018 378 2081 hac
401 2018 568 2082 subtilitate
591 2020 702 2082 tuenda
724 2019 954 2083 timidinsculae.
993 2019 1040 2081 Ex
1055 2018 1182 2081 adverso
1200 2036 1272 2080 vcro
1292 2016 1410 2078 validus
1427 2015 1539 2098 ingruit
1553 2014 1664 2090 hostis,

323 2127 432 2188 magna
453 2108 713 2171 verisimilitudine
734 2127 881 2191 pugnans,
904 2108 954 2191 qui
976 2109 1111 2190 prolecto
1134 2106 1283 2171 contemni
1299 2125 1357 2168 nou
1371 2111 1483 2186 potest.
1522 2102 1610 2176 Quod
1621 2105 1665 2167 sic

322 2197 425 2260 habet.
471 2197 600 2260 Veteres
622 2198 870 2280 inaequalitatem
892 2204 991 2260 motus
1013 2198 1118 2261 Lunae
1143 2203 1355 2260 exstruxerunt
1376 2193 1507 2258 exsulis
1539 2193 1665 2274 eclipsi·

322 2287 378 2350 bue
401 2286 515 2350 Lunae.
559 2288 673 2350 Umbra
695 2287 774 2351 enim
796 2288 927 2351 Telluris
945 2306 999 2368 pro
1015 2287 1212 2350 instrumento
1231 2284 1511 2357 fuitastronomico,
1535 2301 1666 2364 arguens

322 2375 511 2439 verissimum
537 2376 641 2438 Lunae
673 2377 772 2440 locum
801 2377 832 2440 in
864 2375 946 2439 Solis
974 2377 1123 2456 opposito.
1177 2377 1213 2438 In
1242 2376 1320 2438 huuc
1348 2373 1468 2437 modum
1500 2372 1666 2456 constituta

323 2464 439 2526 ratione
462 2463 687 2544 inaequalitatis
710 2466 813 2528 Lunae
836 2465 867 2528 in
890 2465 1136 2546 oppositionibus,
1160 2484 1228 2527 cum
1248 2471 1357 2546 postea
1377 2463 1570 2526 Ptolemaeus
1592 2481 1665 2543 per-

322 2553 467 2635 penderet
498 2554 659 2616 observata
686 2554 717 2616 in
740 2553 945 2637 quadraturis,
968 2554 1083 2616 invenit
1104 2555 1198 2618 totius
1221 2553 1444 2635 inaequalitatis
1466 2552 1613 2615 rationem
1634 2551 1666 2613 iu

229 2721 231 2729 y
324 2641 513 2724 quadraturis
537 2641 625 2721 longe
648 2641 756 2718 aliam,
781 2645 926 2724 majorem
948 2661 1053 2722 nempe
1073 2645 1280 2726 aequationem
1294 2643 1463 2717 maximam,
1489 2659 1531 2704 so.
1549 2637 1587 2705 7⁰
1600 2635 1665 2715 40‘,

324 2750 378 2812 pro
409 2749 465 2811 quo
488 2731 625 2794 Braheus
657 2732 819 2796 correctius
842 2732 960 2811 reponit
983 2727 1021 2796 7⁰
1044 2729 1106 2796 28‘.
1157 2733 1255 2815 Igitur
1283 2733 1353 2814 quia
1376 2731 1515 2812 aequatio
1539 2729 1665 2792 effectus

324 2827 373 2884 est
395 2820 627 2883 eccentricitatis
650 2841 756 2897 causa,
781 2823 906 2885 effectus
930 2840 1001 2884 vero
1024 2822 1102 2885 alins
1125 2822 1156 2885 in
1177 2823 1385 2904 quadraturis,
1413 2821 1492 2883 alins
1514 2820 1545 2883 in
1568 2837 1666 2900 oppo-

322 2910 489 2985 sitionibus,
514 2910 724 2974 concluserunt
737 2912 878 2984 artifices,
901 2918 933 2973 et
955 2931 1085 2987 caueam,
1109 2912 1140 2973 id
1161 2921 1209 2974 εει
1227 2909 1491 2986 eccentricitatem,
1514 2909 1666 2971 diversam

323 3019 391 3063 esse
414 2999 444 3061 in
468 2999 706 3080 oppositionibus
729 3000 767 3062 ab
791 3021 838 3078 ea,
861 3019 937 3083 quae
961 3009 1010 3063 cst
1031 3001 1062 3064 in
1085 3000 1285 3083 quadraturis.
1332 3001 1523 3063 Ptolemaeus
1544 2997 1666 3080 quidem

322 3107 444 3152 causam
476 3096 581 3152 auctm
614 3090 802 3170 aequationis
839 3098 1025 3154 commentus
1069 3099 1118 3154 εει
1146 3089 1370 3152 diminutionem
1404 3087 1556 3151 intervalli
1586 3087 1667 3150 inter

229 3241 235 3258 ,
322 3178 440 3242 Lunam
468 3185 499 3241 ει
527 3180 651 3245 Terram
680 3186 766 3259 parte
796 3179 924 3262 amplius
953 3180 1054 3243 tertia.
1107 3177 1203 3251 Quem
1234 3179 1380 3242 refutavit
1407 3177 1666 3259 Regiomoutanus

323 3287 368 3342 eo,
393 3268 471 3349 quod
493 3267 623 3330 Lunaris
646 3269 780 3349 corporis
804 3270 949 3332 diameter
972 3289 1031 3332 non
1055 3268 1094 3330 ad
1117 3268 1193 3332 hunc
1216 3268 1368 3331 modulum
1390 3277 1550 3348 augeatur,
1580 3267 1666 3328 refu-

321 3365 425 3420 tarunt
453 3365 485 3420 et
508 3356 692 3436 Copemicus
720 3365 752 3420 et
772 3359 910 3422 Braheus
940 3365 1114 3440 argumento
1136 3358 1349 3440 parallaxinm,
1380 3375 1456 3438 quae
1480 3365 1583 3419 tantae
1606 3374 1667 3419 non

324 3447 399 3510 liunt
420 3445 450 3509 in
473 3446 672 3526 quadraturis.

411 3533 593 3616 Oopeminus
607 3535 717 3616 igitur
745 3543 777 3597 et
798 3535 935 3599 Brahens
961 3534 1090 3600 diversis
1111 3537 1191 3600 inter
1213 3555 1246 3599 se
1268 3533 1367 3598 modis
1390 3536 1515 3597 eandem
1543 3551 1666 3598 causam

323 3622 463 3687 dixemnt
495 3642 530 3686 eo
559 3629 709 3706 tempore,
741 3643 798 3706 qno
821 3624 909 3686 Luna
939 3633 987 3689 est
1010 3626 1149 3701 dividua,
1172 3626 1316 3707 majorem
1340 3644 1408 3687 esse
1432 3623 1514 3687 orbis
1535 3622 1666 3686 Lunaris

322 3713 373 3788 hic
395 3711 660 3790 eceentricitatem,
684 3713 737 3776 ille
761 3713 935 3794 epicyclum.
981 3712 1051 3786 Qua
1072 3715 1188 3778 ratione
1212 3713 1397 3792 (lopemicns
1420 3714 1449 3776 in
1473 3711 1666 3795 quadraturis

323 3802 422 3865 effecit
440 3802 613 3864 distantiam
630 3803 734 3865 Lunae
753 3801 885 3864 citimam
899 3801 1184 3868 semidiametrornm
1199 3797 1294 3886 52¹1„
1318 3803 1549 3865 remotissimam
1567 3796 1666 3885 68⁴1„

326 3898 489 3972 vagantem
509 3909 564 3971 per
590 3887 629 3956 tt
654 3891 909 3967 semidiametros,
941 3891 971 3953 in
995 3893 1232 3975 oppositionibus
1262 3909 1334 3954 vero
1357 3899 1388 3954 ει
1407 3890 1667 3971 conjunctionibus

322 4001 382 4046 nou
410 3980 597 4044 humiliorem
627 3977 687 4056 55,
719 4000 774 4043 nec
798 3980 936 4044 altiorem
958 3977 999 4046 65
1008 3975 1059 4064 ¹122
1092 3983 1228 4045 discursu
1260 3977 1338 4061 10¹1,
1366 3981 1666 4044 semidiametrornm.

324 4069 461 4136 Braheus
485 4070 523 4133 ob
546 4089 655 4134 causas
678 4089 769 4150 supra
792 4070 902 4134 allatas
925 4069 1065 4134 breviora
1086 4072 1161 4134 lacit
1183 4069 1292 4152 spatia,
1316 4070 1363 4134 cui
1385 4070 1417 4134 iu
1439 4069 1562 4152 quadris
1577 4069 1668 4132 Luna

324 4159 491 4224 humillima
512 4165 561 4221 est
583 4152 690 4242 52²t,
714 4159 863 4222 altissima
885 4153 965 4242 60⁵1,
990 4159 1068 4236 alta,
1093 4161 1229 4224 discursu
1251 4179 1305 4240 por
1327 4154 1386 4244 8¹1,
1414 4159 1537 4237 semid.;
1559 4159 1589 4221 iu
1610 4177 1667 4222 co-

323 4250 404 4331 pulis
421 4266 493 4311 vero
509 4267 528 4310 a
547 4244 588 4311 55
598 4249 628 4312 iu
640 4245 682 4312 58
692 4249 792 4312 variat
805 4267 861 4312 sua
873 4249 1042 4322 intervalla,
1067 4251 1160 4313 multo
1175 4248 1282 4314 minori
1296 4249 1419 4326 ambitu,
1433 4267 1521 4331 quam
1536 4247 1665 4313 namatio

324 4338 464 4402 diametri
492 4337 613 4412 Lunae,
643 4357 702 4419 qua
728 4336 759 4399 in
787 4337 949 4417 eclipsibus
978 4337 1091 4417 utitur,
1119 4338 1302 4419 postulabat.
1346 4339 1473 4402 Fatetur
1498 4346 1609 4413 tamon
1632 4338 1666 4402 in

326 4427 449 4510 quadris
471 4428 588 4490 minora
609 4427 707 4490 adhuc
729 4425 838 4508 spatis,
862 4427 1009 4503 nimirum,
1034 4435 1067 4490 ut
1089 4428 1162 4492 alibi
1185 4429 1300 4505 inveni,
1331 4447 1393 4506 non
1411 4429 1501 4510 plane
1524 4423 1545 4490 6
1568 4428 1664 4492 semi-
1704 4473 1710 4486 .

325 4517 488 4579 diametros
510 4515 640 4579 Telluris
663 4516 844 4579 tractatione
866 4517 1066 4597 parallaxium
1089 4518 1176 4582 effici.

411 4607 499 4668 Hunc
520 4603 551 4668 in
572 4606 692 4670 modum
714 4604 829 4685 priores
853 4606 983 4668 artifices
1006 4625 1044 4669 ex
1066 4607 1104 4670 iis
1128 4627 1203 4690 qnae
1227 4614 1390 4688 apparent,
1414 4605 1500 4669 Luna
1521 4611 1665 4668 versante

325 4693 357 4757 in
380 4693 578 4775 quadraturis,
602 4693 774 4758 ratiocinati
797 4692 926 4773 sqnt‘de
942 4695 1165 4760 eccentricitate
1181 4696 1246 4778 ejus
1260 4693 1413 4777 temporis,
1436 4713 1494 4776 quo
1514 4701 1563 4756 est
1576 4693 1666 4758 Luna

327 4781 358 4846 in
380 4783 589 4865 quadraturis,
620 4782 648 4848 si
679 4783 770 4848 etiam
784 4784 879 4871 ‚linea
907 4783 1044 4865 apsidum
1071 4785 1221 4850 coincidet
1243 4805 1309 4849 cum
1330 4785 1410 4848 linea
1430 4803 1485 4866 per
1507 4781 1611 4848 Solem
1632 4791 1667 4848 et
