3680 5538
634 315 695 374 rm
713 315 817 383 oum
854 315 1003 386 emmor.
1135 304 1139 318 '
1417 313 1477 384 411

151 497 266 564 mdia
305 494 699 562 recommemorent
728 501 792 562 iota
820 498 1007 563 clarissimo.
1046 495 1098 560 Sit
1121 495 1181 568 GQ
1203 499 1399 572 nocentiores,
1422 497 1477 560 AB
1551 562 1556 574 ,

152 587 371 662 eecennicitoo,
395 585 454 649 GD
475 584 522 649 uel
543 586 599 648 LI)
621 587 783 652 anomalia
804 590 944 660 coemunt,
966 586 1048 650 FAC
1071 593 1255 667 coaequato,
1277 587 1332 648 FA
1354 584 1402 650 cel
1423 586 1480 647 EA

152 677 313 743 diacoma.
364 676 404 738 Ut
425 676 523 758 ipitur
544 676 604 736 ΑΚ
626 675 671 736 ad
691 678 757 753 ΑΒ,
780 679 828 740 sic
848 675 902 740 BC
925 677 971 739 od
989 677 1061 738 KE:
1087 682 1116 737 et
1137 677 1171 738 in
1195 673 1278 738 OAO
1303 683 1482 756 coaequato,

152 776 186 832 ct
206 765 269 829 AR
289 764 333 827 cd
353 765 426 839 AB,
456 765 503 827 oio
524 764 583 824 BV
611 764 656 842 od
677 766 749 828 RM.
795 767 900 848 lpitor
921 766 978 828 ΕΚ
1004 762 1050 827 vel
1072 760 1133 825 ΒΜ
1161 765 1293 847 ponitur
1323 784 1389 826 eree
1418 783 1485 826 unu

151 843 258 920 redte.
307 852 417 916 oeteo
438 859 474 916 ut
495 872 602 935 aspro.
854 912 858 921 ,

238 943 284 1006 At
305 942 378 1004 data
400 942 548 1003 anomalia
569 941 682 1016 media,
704 942 787 1004 nulla
808 941 991 1021 geometrica
1018 940 1175 1003 methodus
1199 947 1261 1014 ost,
1290 939 1484 1019 perveniendi

151 1034 191 1096 ad
214 1037 416 1112 coaequatam,
440 1029 580 1122 videlicet
603 1031 642 1091 ad
665 1032 843 1092 anomaliam
866 1030 1004 1092 ecceutri.
1042 1029 1120 1092 Nem
1143 1029 1292 1090 anomalia
1315 1027 1413 1090 medio
1436 1037 1486 1090 est

151 1122 318 1203 composita
345 1138 382 1180 ex
414 1119 527 1182 duabus
556 1137 644 1180 areae
680 1117 832 1199 partibus,
867 1126 981 1184 sectore
1014 1126 1046 1180 et
1075 1118 1242 1197 triangulo:
1280 1136 1402 1198 quorum
1432 1117 1484 1178 ille

151 1212 270 1294 quidem
299 1213 469 1270 numeratur
492 1207 530 1270 ab
553 1226 623 1269 arcu
655 1207 803 1284 eoeentri,
834 1208 890 1270 hoc
913 1208 951 1269 ab
974 1209 1037 1287 ejus
1065 1227 1151 1269 arcus
1180 1207 1264 1280 sinu,
1297 1207 1326 1268 in
1350 1207 1485 1268 valorem

150 1299 292 1380 trianguli
314 1296 434 1359 maximi
455 1295 654 1377 multiplicato
683 1296 807 1358 resectis
834 1297 957 1359 ultimis.
1001 1296 1047 1358 At
1068 1296 1272 1376 proportiones
1296 1296 1374 1357 iuter
1397 1314 1484 1356 arcus

105 1402 108 1408 ’
151 1397 306 1452 eteorum
329 1384 412 1448 siuns
435 1386 566 1449 infinitae
590 1395 659 1448 sunt
687 1405 818 1449 numero.
864 1388 969 1466 ltaque
993 1403 1108 1446 summo
1137 1384 1290 1466 utriusque
1317 1382 1483 1464 proposita,

151 1479 211 1542 dici
238 1493 299 1540 nou
322 1481 444 1556 potest,
474 1481 602 1554 quantus
626 1475 666 1537 sit
695 1492 799 1549 orons,
833 1482 961 1555 quantus
991 1473 1054 1553 ejus
1086 1471 1169 1535 sinus
1199 1473 1385 1553 respondens
1416 1473 1484 1534 huic

151 1584 303 1634 summae,
331 1563 390 1626 uisi
412 1563 493 1642 prius
521 1563 723 1643 exploremus,
755 1564 827 1626 dato
856 1581 927 1625 arcu
958 1569 1070 1644 quanta
1099 1564 1210 1625 evadat
1236 1581 1324 1624 area:
1357 1562 1413 1624 hoe
1438 1567 1486 1623 est

151 1656 210 1720 nisi
234 1654 354 1718 tabulas
377 1653 580 1714 construxeris
603 1661 634 1713 et
656 1671 693 1713 ex
715 1651 752 1714 iis
773 1660 881 1733 postea
904 1651 1046 1731 opereris.

240 1745 339 1808 Haec
361 1749 418 1802 est
444 1761 521 1804 mea
549 1739 745 1804 sententie.
792 1739 877 1812 Quae
901 1740 1078 1819 quominus
1108 1738 1217 1800 habere
1239 1739 1388 1801 videbitur
1411 1757 1485 1818 geo·
1544 1793 1547 1802 .

149 1833 295 1898 metricae
327 1829 571 1912 pulchritudiuis,
603 1829 658 1892 hoc
682 1829 776 1909 iungis
807 1828 948 1892 adhortor
979 1835 1163 1909 geometras,
1195 1827 1240 1889 uti
1264 1828 1334 1890 mihi
1363 1828 1483 1889 solvant

150 1917 208 1986 hoc'
232 1921 406 2003 problema:

241 2013 338 2076 Date
374 2026 460 2069 area
494 2006 612 2087 partis
650 2004 890 2080 semicirculi,
934 2005 1090 2086 datoque
1131 2012 1264 2084 puncto
1301 2003 1486 2078 diametri,
1582 2051 1587 2060 .

149 2099 320 2164 invenire
343 2115 461 2159 arcum
484 2105 519 2156 et
542 2095 712 2174 angulum
735 2094 779 2155 ad
802 2091 896 2156 illud
918 2100 1099 2173 punctum,
1129 2093 1234 2171 quus
1257 2094 1377 2172 anguli
1402 2112 1483 2154 cru-

148 2191 256 2254 ribus
284 2197 320 2248 et
338 2203 403 2266 quo
427 2183 511 2247 arcu
532 2183 616 2244 data
644 2203 727 2244 area
750 2181 1077 2262 comprehenditur.
1115 2182 1202 2243 Vel:
1224 2183 1359 2245 Aream
1377 2179 1484 2242 semi·

149 2277 287 2342 circuli
310 2293 352 2336 ex
375 2291 582 2355 quocunque
604 2279 738 2353 puncto
762 2270 928 2332 diametri
951 2269 984 2331 in
1009 2270 1096 2331 data
1119 2269 1263 2332 ratione
1287 2289 1425 2332 secare.
1456 2261 1460 2267 ’

241 2365 316 2430 Mihi
339 2363 446 2426 sufficit
467 2361 596 2436 credere,
621 2359 696 2424 solvi
721 2381 739 2422 a
761 2360 851 2439 priori
874 2379 931 2421 non
954 2377 1060 2439 posse,
1089 2367 1211 2439 propter
1239 2379 1325 2422 arcus
1348 2367 1379 2419 et
1401 2359 1485 2420 siuns
1523 2377 1525 2385 ·

150 2455 354 2538 ieopoyerorcr.
391 2451 512 2514 Errauti
533 2450 606 2513 mihi
629 2450 792 2532 quicunqne
809 2449 887 2510 viam
909 2447 1129 2522 monstraverit,
1153 2449 1178 2510 is
1193 2448 1250 2510 erit
1265 2447 1336 2510 mihi
1360 2466 1487 2527 magnus

150 2545 347 2629 Apollonius.
363 2534 421 2618 ¹⁰²)
