3674 5532
1357 1726 1559 1770 mmmmm.

377 1823 512 1886 Duarum
541 1821 634 1904 igitur
664 1821 855 1904 physicarum
886 1820 1092 1904 hypotheseon
1125 1819 1321 1901 aequationes
1353 1818 1486 1882 ecoentri
1515 1835 1644 1900 compu-

289 1913 376 1978 tandi
397 1912 453 1976 illa
482 1911 605 1976 exhibet
632 1911 828 1992 aequationes
851 1911 975 1973 veritati
997 1910 1168 1990 propiores,
1193 1928 1269 1991 quae
1293 1908 1374 1989 prius
1398 1927 1464 1989 cap.
1488 1907 1590 1971 XLV.
1616 1914 1650 1970 et

290 2003 457 2067 distantias
480 2002 615 2065 veriores
639 2001 775 2077 dederat,
798 2000 948 2080 posterior
971 2019 1088 2080 nempe.
1134 2000 1176 2062 Et
1199 1999 1278 2080 quod
1300 1998 1407 2060 mirum
1426 1998 1521 2061 videri
1540 1997 1651 2078 possit,
1677 1989 1680 1997 '

290 2092 352 2156 levi
375 2091 622 2173 augmentatione
645 2090 880 2157 eccentricitatis
904 2089 1089 2171 aequipollet
1111 2088 1199 2152 modo
1224 2087 1476 2164 Ptolemaioo‚
1503 2105 1558 2168 per
1581 2093 1651 2150 sta-

291 2181 353 2246 bile
377 2190 521 2262 punctum
544 2180 760 2261 arquatorum,
785 2180 902 2243 bisecta
925 2174 1208 2253 eccsnsricitase.‘)

378 2270 420 2334 Et
448 2291 515 2334 oum
544 2271 621 2334 haue
644 2269 859 2334 Ptolemaicam
883 2288 976 2349 snpra
997 2268 1219 2350 coarguerimus
1243 2264 1369 2340 erroris,
1392 2278 1518 2328 necesse
1541 2271 1591 2327 est
1615 2271 1648 2327 et

290 2360 375 2429 illum
396 2359 563 2443 physicam,
590 2377 665 2439 quae
689 2377 756 2421 oum
779 2359 836 2420 hac
859 2359 889 2420 iu
914 2359 1023 2420 effectu
1045 2358 1131 2439 paria
1154 2352 1236 2430 facit,
1263 2355 1360 2417 adhue
1383 2373 1492 2417 avero
1512 2353 1652 2417 nonnihil

291 2447 464 2539 deflectere.
510 2447 628 2510 Tardus
659 2449 766 2529 quippe
795 2448 829 2510 ut
851 2448 975 2528 planeta
998 2447 1080 2510 circa
1102 2447 1243 2527 apsidas,
1276 2451 1308 2506 et
1335 2445 1424 2508 nimis
1454 2442 1544 2506 velox
1566 2443 1649 2506 mres

291 2537 494 2618 longitudines
516 2536 642 2600 medias.
697 2535 784 2608 Quod
817 2537 944 2618 primum
977 2543 1025 2598 est
1057 2543 1279 2617 argumentum,
1316 2553 1373 2616 qno
1397 2533 1564 2614 probatur,
1595 2541 1651 2596 aut

292 2628 435 2695 vitiosam
458 2646 527 2690 esse
551 2625 722 2708 opinionem
745 2645 811 2708 cap.
835 2626 943 2702 XLV,
974 2633 1027 2688 aut
1054 2645 1122 2688 eam
1146 2625 1262 2688 uitiosa
1288 2622 1431 2687 methodo
1455 2623 1485 2684 in
1508 2641 1650 2686 numeros

292 2736 361 2781 esse
383 2716 564 2798 conjectam.
610 2716 656 2778 At
678 2716 749 2797 quia
770 2735 865 2798 neque
886 2715 1132 2796 planumoirouli
1151 2713 1336 2796 aequipollet
1349 2713 1486 2800 collectis
1501 2711 1651 2777 universis

292 2805 458 2882 distantiis,
481 2824 576 2888 neque
599 2805 696 2868 ovalis
719 2806 823 2886 figura,
848 2825 937 2887 quam
946 2806 1030 2868 Mars
1053 2825 1091 2868 ex
1114 2805 1252 2887 opinione
1275 2802 1468 2885 oap.'XLV.
1493 2801 1650 2874 describit,

291 2897 430 2980 perlecta
457 2903 507 2958 est
528 2895 660 2977 ellipsis,
691 2902 725 2958 ut
746 2915 1014 2978 usurpayeramus:
1044 2913 1135 2978 quare
1163 2915 1182 2958 a
1213 2913 1284 2958 vero
1312 2891 1503 2974 discrepandi
1536 2906 1651 2955 causae

296 2985 394 3050 adhuc
423 2985 542 3068 quidem
569 3004 678 3049 caecae
709 2991 787 3049 suut.
834 2985 942 3048 Potest
964 2985 1042 3048 euim
1064 2991 1186 3067 praeter
1208 2985 1264 3046 has
1289 2984 1365 3046 duas
1399 2979 1507 3044 calculi
1536 2979 1650 3043 stiam-

292 3094 362 3140 uum
397 3075 505 3153 tertia,
538 3075 633 3157 ipsius
666 3073 852 3138 hindamenti
884 3095 937 3138 seu
961 3074 1109 3156 opinionis
1132 3094 1197 3155 cap.
1222 3073 1322 3136 XLV.
1347 3091 1430 3136 error
1457 3088 1648 3134 concurrere.

293 3163 434 3232 Nondum
456 3165 548 3246 igitur
570 3184 609 3228 ex
631 3164 698 3245 lege
722 3163 870 3245 opinionis
894 3161 959 3244 cap.
983 3164 1084 3228 XLV.
1109 3162 1307 3245 aequatioses
1328 3161 1550 3236 constituimus,
1568 3177 1649 3223 non-

294 3254 365 3319 dum
393 3263 552 3336 susceptae
581 3254 643 3318 illic
665 3253 826 3337 hypothesi
850 3253 1065 3330 satisfecimus,
1100 3253 1169 3336 quia
1202 3272 1221 3313 a
1248 3251 1417 3333 geometria
1444 3249 1648 3314 destituimur.

294 3346 401 3427 ltaque
423 3345 578 3427 nequimus
600 3344 698 3407 adhuc
721 3344 805 3407 illam
828 3343 936 3405 erroris
959 3361 1096 3424 arguere.
1146 3343 1212 3405 Hoc
1241 3341 1320 3405 euim
1349 3342 1484 3404 tacturus
1512 3339 1649 3404 calculus

294 3435 392 3516 legem
415 3433 472 3498 sibi
494 3435 554 3517 ipsi
576 3433 682 3498 indicit
703 3432 904 3496 innocentiae.
1229 3428 1245 3457 “

878 3659 1058 3670 ...ιι--υ-

806 3841 925 3941 Caput
958 3834 1131 3914 XLVIII.

337 4004 456 4071 Modus
477 4004 682 4090 depretiem
703 4005 838 4071 ecoerdri
861 4000 1064 4083 computandi
1085 4019 1148 4083 per
1177 4018 1358 4064 mersorum
1384 4005 1415 4063 et
1436 4000 1604 4072 sectiomm

452 4093 646 4161 mareolam
668 4095 773 4158 ooidr‘e
796 4091 1068 4177 circumferentiae
1093 4087 1171 4174 Gap.
1196 4087 1275 4152 XL.
1301 4088 1485 4170 decerptae.

382 4235 458 4304 Oum
486 4238 590 4320 itaque
618 4236 751 4300 calculus
784 4234 930 4315 superiori
959 4230 1059 4312 capite
1082 4237 1244 4311 usurpatus
1266 4237 1315 4293 tot
1337 4230 1505 4294 nominibus
1529 4252 1548 4294 a
1571 4251 1649 4313 geo·

293 4330 402 4396 metria
425 4329 648 4401 destitueretur,
670 4325 771 4408 itaque
795 4326 832 4387 de
856 4324 944 4405 culpa
966 4338 1142 4384 excessuum
1166 4328 1198 4383 et
1219 4321 1399 4396 defectuum,
1424 4339 1499 4400 quas
1513 4321 1543 4384 in
1562 4321 1646 4385 illius

295 4419 405 4502 eapitis
429 4417 657 4500 aequationibus
680 4414 811 4478 ecceutri
834 4411 1091 4494 deprehendimus,
1116 4418 1198 4472 esset
1220 4417 1396 4490 suspectus:
1424 4410 1547 4474 tandem
1570 4430 1647 4475 oon-

295 4510 358 4591 fugi
381 4508 421 4572 ad
444 4506 665 4571 numerationes
689 4503 905 4577 arithmeticas,
930 4502 1037 4583 quibus
1061 4507 1186 4563 conatus
1207 4517 1272 4560 sum
1292 4499 1443 4561 declinare
1458 4499 1649 4565 incommoda

294 4599 366 4676 ills,
399 4617 475 4681 quae
503 4615 570 4678 cap.
599 4594 716 4660 XLVI.
747 4593 834 4657 uobis
861 4592 920 4654 iter
941 4587 1301 4673 planetsedesoripturis
1324 4587 1499 4652 obstabant.
1544 4590 1646 4656 Primo

383 4789 412 4866 ⁸)
431 4795 483 4851 Hie
503 4793 608 4850 indiciis
635 4793 704 4850 certi
727 4791 879 4856 reddimur,
905 4807 956 4846 nos
976 4789 1006 4846 in
1026 4789 1074 4846 ria
1097 4803 1173 4854 esse,
1200 4802 1273 4860 quae
1299 4787 1412 4842 taudem
1435 4803 1485 4843 nos
1511 4789 1647 4860 perducet

268 4891 276 4900 ·
298 4876 335 4932 ad
353 4877 498 4937 mammes
518 4881 548 4932 et
566 4875 723 4934 verissimas
744 4873 940 4947 aequationem
960 4874 1084 4948 adeoque
1104 4875 1227 4928 motuum
1247 4867 1409 4926 coelestium
1429 4885 1538 4927 ramas.
