3680 5538
638 339 640 344 -
747 307 830 364 aare
847 305 962 362 msam.
1459 295 1524 370 445

181 487 312 542 vamba
330 487 391 555 gibt,
409 487 468 542 dnn
485 504 513 540 er
528 488 555 540 ιιι
573 488 728 554 caucaseis
745 490 878 540 sonderbar
896 490 934 540 nit
951 489 1059 539 recalcrt
1096 483 1141 538 Iob
1158 483 1225 536 rrcllt
1242 483 1285 536 des
1302 485 1382 537 Herm
1398 451 1525 549 indicium,

179 563 285 614 bevorab
302 561 385 614 indam
403 576 430 612 er
447 567 539 612 motum
558 561 649 612 Terras
668 561 746 612 daran
764 577 795 610 su
813 563 950 628 staninges
969 559 1097 615 rennaint.
1116 574 1177 624 gem
1195 572 1360 609 rerncmmen.

267 637 955 706 QnibnsresponditKeplemsld.12.Jan.1603):
977 633 1009 688 In
1029 632 1208 704 magneticis,
1237 631 1278 686 uti
1299 631 1376 687 norit
1395 630 1432 686 M.
1454 631 1522 693 lbra,
1620 654 1626 666 ·

178 717 281 774 nultus
303 715 351 771 fui.
378 715 506 770 Portae
527 715 720 785 experimenta
740 717 874 786 pleraque
895 714 1052 770 examinavi
1071 714 1167 768 velud
1187 713 1309 767 rationes
1329 712 1375 765 rel
1395 713 1429 764 ad
1449 710 1523 780 peri·

178 797 349 853 alitationem
373 795 525 866 propriam,
554 803 686 866 quantum
712 795 818 851 informi
843 795 936 866 lapide
961 795 1048 866 potui.
1088 795 1204 863 Aliquos
1232 792 1316 848 etiam
1337 791 1397 863 ejus
1419 807 1525 846 errores

178 879 233 932 boc
252 882 335 948 pacto
356 875 530 945 deprehendi,
553 892 619 946 quos
641 875 798 932 nominatim
819 875 920 930 alicubi
941 881 1026 930 taxat
1046 881 1075 928 et
1094 875 1243 928 Gilbertus.
1270 874 1372 928 Verum
1393 872 1434 926 ita
1454 872 1524 934 fuse,

180 958 319 1022 distincte,
341 956 508 1010 sufficienter
527 955 662 1011 tractarit
682 957 755 1010 banc
775 974 831 1011 rem
847 955 996 1020 Gilbertus,
1018 956 1060 1010 ita
1079 955 1197 1025 undique
1219 953 1393 1009 nobilissimis
1414 951 1525 1022 experi-

177 1038 277 1096 mentis
299 1055 329 1092 se
349 1036 473 1100 munivit,
504 1037 620 1092 omnium
650 1036 894 1092 contradicentium
919 1053 968 1094 ora
995 1035 1152 1098 obstruxit,
1181 1041 1214 1088 ιιι
1242 1035 1326 1104 plane
1356 1038 1527 1090 evanescant

179 1135 260 1174 meac
280 1117 482 1188 speculationes
498 1119 531 1172 de
545 1119 627 1172 tarda
641 1117 691 1174 illa
710 1117 876 1190 migratione
897 1117 955 1188 poli
975 1125 1064 1172 motus
1085 1116 1173 1170 diurni
1187 1133 1224 1168 ex
1237 1114 1305 1169 locis
1321 1115 1431 1178 Terrae,
1455 1129 1525 1184 quae

178 1200 207 1256 in
235 1199 375 1254 creatione
401 1197 443 1252 illi
471 1196 572 1252 fuerint
601 1197 736 1266 subjecta.
787 1199 873 1262 Quam
904 1197 1119 1268 speculationem
1144 1202 1222 1254 tanto
1248 1195 1378 1249 libentius
1410 1196 1525 1265 depono,

180 1281 252 1352 quod
272 1279 389 1342 invenio,
410 1277 455 1332 bic
475 1277 587 1350 Progne
600 1335 603 1346 ,
615 1285 680 1333 ante
703 1273 760 1336 200
782 1295 867 1334 annos
892 1281 1066 1334 observatam
1092 1277 1266 1332 altitudinem
1286 1275 1343 1345 poli
1370 1274 1526 1330 consentire

179 1359 405 1432 quamproxime
427 1375 486 1412 cerm
507 1375 550 1424 ea,
572 1375 642 1430 quae
663 1359 816 1416 esthodie.
851 1363 947 1432 (comp.
967 1366 1012 1430 Ep.
1032 1366 1064 1416 sd
1081 1363 1181 1433 Maertl.
1201 1379 1224 1428 p.
1244 1358 1299 1423 st.)
1332 1360 1372 1410 At
1392 1357 1527 1426 percebot

179 1439 314 1514 analogia
334 1445 424 1494 motus
445 1440 481 1493 ab
501 1438 622 1496 Antonio
642 1439 734 1494 Maria
759 1445 849 1512 (comp.
868 1446 926 1500 Vol.
944 1445 976 1506 11,
995 1462 1020 1512 p.
1041 1443 1104 1509 220)
1125 1437 1191 1492 mihi
1215 1437 1375 1502 monstrati,
1401 1443 1434 1491 ut
1453 1435 1527 1492 iutra

178 1521 232 1578 boo
252 1525 360 1588 tempus
384 1511 510 1573 10-12‘
531 1519 642 1574 variata
662 1519 772 1575 iruerint.
1437 1563 1440 1573 .

266 1600 373 1672 Legem
392 1599 530 1670 integrum
551 1617 619 1670 opus
642 1600 687 1654 ubi
708 1601 770 1670 plus
792 1600 841 1655 otii
862 1601 931 1664 erit;
958 1600 1020 1670 jam
1045 1600 1168 1672 maligne
1192 1598 1340 1654 inbaerent
1369 1596 1526 1661 memoriae,
1554 1617 1557 1624 ·

178 1697 251 1752 quae
272 1687 337 1744 ante
363 1679 500 1734 biennium
520 1681 547 1734 in
567 1697 630 1734 mea
657 1679 726 1736 febri
754 1687 892 1752 quartana
912 1701 949 1736 ex
970 1699 1002 1736 eo
1024 1681 1107 1736 animi
1131 1680 1227 1754 gratia
1251 1677 1379 1734 delibari.
1420 1677 1526 1748 Siqua

178 1760 245 1816 mibi
275 1768 422 1814 nascentur
449 1759 550 1824 dubia,
579 1777 638 1814 cum
658 1761 694 1817 M.
716 1763 747 1816 Τ.
780 1762 991 1818 communicabo.
1032 1763 1064 1816 In
1088 1778 1220 1833 praesens
1249 1761 1322 1814 ista:
1357 1757 1526 1816 Variationis

178 1857 289 1905 causae,
313 1857 393 1911 quam
414 1842 494 1895 affert
515 1837 596 1908 (libro
618 1835 687 1910 Ν),
709 1841 817 1896 ridetur
837 1843 962 1906 obstare,
990 1844 1061 1913 quod
1085 1847 1217 1898 montana
1235 1840 1380 1912 regionum
1400 1842 1436 1894 ad
1456 1839 1526 1894 ints·

177 1937 260 1996 grum
280 1921 394 1992 globum
414 1921 518 1976 nullam
541 1921 648 1976 babent
673 1921 885 1992 proportionem.
925 1924 956 1978 ln
982 1922 1210 1978 declinationibus
1239 1915 1300 1990 (lib.
1321 1914 1369 1988 V.)
1390 1919 1456 1976 mibi
1477 1937 1526 1974 ex-

176 2007 261 2073 pertu
281 2002 327 2055 rel
347 2000 527 2070 impossibilia
547 2002 591 2055 rel
613 2002 829 2056 sumtuosissima
849 2003 1040 2074 experimenta
1059 2002 1201 2073 proponit,
1222 2001 1270 2056 ubi
1289 2003 1355 2056 fides
1376 2007 1421 2055 est
1440 2017 1526 2071 penes

178 2089 329 2138 auctorem.
368 2084 408 2134 At
428 2082 496 2152 quia
517 2087 704 2137 consentanea
728 2082 794 2136 dicit
814 2090 844 2136 et
863 2083 891 2138 in
912 2084 1011 2139 ceteris
1032 2084 1098 2138 fides
1119 2085 1179 2152 ejus
1208 2083 1358 2153 explorata
1378 2086 1433 2145 est,
1455 2080 1526 2136 nibil

177 2169 223 2218 est
243 2179 291 2218 cur
311 2167 468 2231 suspectum
481 2162 617 2225 babesm;
639 2178 703 2218 nam
716 2180 752 2216 ex
767 2163 831 2217 stilo
846 2171 973 2234 apparet,
995 2163 1082 2218 virum
1096 2179 1210 2236 gravem
1224 2180 1285 2218 esse
1299 2180 1350 2217 neo
1369 2161 1526 2232 vulgarium

180 2243 314 2298 Italorum
334 2241 458 2300 similem.
491 2244 535 2296 Ad
555 2243 625 2296 baec
647 2249 689 2297 tot
709 2249 739 2298 et
760 2249 841 2300 tanta
861 2251 961 2305 ettam
982 2243 1159 2300 conans-ersa
1179 2243 1396 2313 superaedificat,
1418 2249 1450 2296 ιιι
1470 2259 1526 2298 non

177 2321 282 2393 injuria
302 2321 407 2378 censeri
430 2323 542 2387 debeat,
574 2323 771 2378 declinaturum
793 2322 876 2378 fuisse
898 2323 1051 2389 infamiam,
1073 2341 1143 2396 quae
1169 2325 1257 2396 ipsum
1284 2329 1414 2379 secutura
1432 2321 1524 2386 fuerit,

180 2403 204 2460 si
225 2403 301 2460 falsa
320 2403 429 2474 alleget
449 2402 647 2474 experimenta.
688 2405 726 2458 Et
752 2403 856 2474 passim
881 2411 963 2460 taxat
990 2406 1148 2460 fabularum
1172 2405 1349 2468 architectos,
1378 2404 1526 2474 potuitque

181 2483 290 2540 nemine
311 2489 481 2555 suggerente
502 2483 569 2536 illud
590 2484 727 2555 cogitare,
754 2491 834 2556 turpe
856 2503 916 2540 esse
937 2486 1055 2550 doctori,
1081 2503 1141 2541 cum
1162 2486 1245 2555 culpa
1266 2483 1409 2556 redarguit
1428 2484 1525 2553 ipsum.
1567 2505 1569 2512 ¹

181 2563 299 2619 Accedit
318 2563 459 2635 peculiare
480 2569 680 2634 argumentum,
703 2583 750 2620 cur
771 2565 848 2620 etin
868 2566 1062 2622 directionibus
1084 2566 1137 2636 ipsi
1156 2567 1236 2626 fidem
1256 2566 1383 2621 habeam.
1412 2563 1526 2628 Quanti·

182 2651 270 2700 tatem
284 2643 497 2698 declinationum
510 2645 639 2715 proponit
652 2645 700 2698 ille
714 2645 856 2716 perplexis
871 2647 962 2702 nescio
977 2645 1074 2718 quibus
1088 2646 1178 2702 curris
1192 2647 1281 2712 lineis,
1296 2667 1327 2703 ιο
1348 2644 1392 2702 ὁιι
1409 2647 1525 2700 afferens

181 2727 343 2796 modumque
363 2723 490 2781 metiendi
505 2725 728 2797 qualemcunque.
750 2744 804 2780 non
818 2725 998 2791 dissimulans,
1014 2746 1044 2782 se
1058 2749 1090 2782 ro
1109 2729 1182 2784 droco
1201 2727 1409 2798 particularium
1423 2726 1525 2780 dimen-

182 2805 289 2860 sionum
310 2803 455 2876 ignorare;
486 2804 645 2876 quominus
676 2813 832 2877 suspectum
853 2815 898 2862 est
917 2808 1004 2878 ipsum
1024 2828 1056 2864 ro
1080 2829 1129 2864 ιιι.
1170 2809 1232 2879 Ego
1261 2825 1326 2863 vero
1352 2807 1525 2877 deprehendo

182 2900 295 2940 causam
316 2883 427 2939 illarum
446 2883 641 2939 dimensionum
660 2885 867 2958 geometricam,
890 2905 960 2958 quae
981 2888 1174 2958 propemodum
1194 2887 1264 2941 idem
1289 2892 1431 2958 praestat,
1454 2888 1525 2957 quod

182 2965 269 3036 ipsius
290 2961 431 3032 ἆναιιητοι
449 2981 549 3019 curvae
569 2965 678 3020 lineae:
707 2984 757 3020 nec
777 2984 842 3020 curo
863 2969 895 3022 de
916 2967 1167 3039 discrepatiuncula
1191 2967 1318 3030 minima;
1345 2983 1409 3022 nam
1429 2984 1527 3022 sensns

181 3045 211 3101 in
231 3045 308 3100 bisce
330 3044 483 3099 tenerrimis
504 3045 699 3115 experimentis
722 3063 754 3100 ac
767 3046 930 3116 praesertim
950 3047 978 3102 in
992 3055 1051 3102 tam
1069 3047 1163 3118 parvis
1183 3047 1304 3118 globulis
1319 3065 1373 3117 non
1387 3046 1529 3102 descendit

182 3129 218 3182 ad
239 3124 357 3181 minima.
400 3125 492 3181 Causa
513 3142 593 3196 quam
613 3125 670 3181 dixi
699 3128 869 3198 geometrica
888 3128 959 3182 haec
984 3135 1044 3182 est:
1074 3127 1104 3182 in
1123 3128 1208 3198 globo
1233 3126 1389 3198 magnetico
1419 3126 1530 3182 dimidia
1604 3139 1607 3146 ’

182 3223 250 3278 pars
271 3203 422 3277 porrigitur
443 3205 470 3261 in
491 3207 706 3276 septentriones,
736 3206 845 3261 dimidia
864 3207 893 3262 in
914 3215 1054 3262 austrum:
1085 3213 1114 3262 et
1134 3207 1157 3260 si
1182 3209 1376 3263 ferramentum
1397 3223 1446 3260 seu
1466 3223 1528 3261 rer·

182 3285 286 3342 sosium
307 3285 344 3340 sit
365 3284 392 3339 in
413 3285 608 3366 aequinoctiali
627 3287 743 3358 globuli,
765 3287 892 3358 dirigitur
912 3289 1064 3358 parallelos
1086 3287 1134 3342 axi
1154 3289 1270 3358 globuli,
1291 3305 1345 3342 non
1365 3286 1528 3349 inclinaturr

183 3367 208 3422 si
234 3367 295 3420 inde
325 3365 410 3420 merit
440 3367 580 3438 digressa,
610 3367 766 3422 inclinatur.
814 3367 910 3440 Itaque
941 3367 1063 3422 dimidius
1092 3369 1193 3440 globus
1223 3368 1250 3422 in
1281 3382 1366 3422 causa
1393 3373 1529 3422 versatur.

184 3449 314 3502 Ceterum
335 3444 422 3500 omnis
444 3447 590 3502 declinatio
611 3447 639 3501 in
660 3465 713 3501 uno
735 3455 764 3502 et
784 3449 876 3502 eodem
898 3448 998 3503 circulo
1023 3449 1141 3504 maximo
1163 3465 1214 3520 per
1233 3448 1311 3519 polos
1333 3453 1416 3502 eunte
1435 3465 1529 3504 nume·

115 3575 122 3588 .
181 3533 272 3591 ratur,
296 3526 366 3597 quod
388 3526 449 3581 inde
470 3527 514 3591 fit,
537 3528 602 3598 quia
627 3529 773 3582 declinatio
802 3530 886 3584 omnis
908 3532 941 3584 ad
962 3530 1040 3600 polos
1065 3529 1166 3600 vergit.
1206 3529 1322 3584 Etiamsi
1342 3529 1414 3584 cuim
1434 3545 1453 3582 a
1473 3528 1529 3598 pri·

182 3607 259 3664 atino
280 3607 340 3660 loco
361 3612 505 3662 mereatur
525 3608 675 3664 versorium
690 3611 724 3664 sd
739 3614 827 3664 ortum
842 3610 892 3664 sub
906 3612 1000 3664 eodem
1020 3610 1158 3681 parallelo
1173 3616 1202 3664 et
1215 3611 1267 3664 sub
1281 3611 1377 3664 eadem
1397 3608 1530 3664 distantia

182 3705 202 3742 a
223 3687 297 3758 polo,
319 3687 413 3757 itaque
435 3687 548 3752 accidat,
571 3695 603 3742 ut
616 3705 676 3744 cum
695 3688 770 3760 prius
792 3690 842 3743 sub
863 3689 1010 3745 meridiano
1031 3690 1109 3761 primi
1123 3689 1176 3744 loci
1197 3689 1382 3755 declinaverit,
1399 3690 1462 3760 jam
1474 3708 1530 3746 non

183 3769 236 3824 aab
258 3766 317 3832 illo,
338 3768 387 3822 sed
406 3769 458 3822 sub
479 3768 535 3822 alio
555 3769 704 3844 meridiano
726 3771 848 3826 abnuens
864 3771 997 3826 avertice
1018 3771 1096 3842 primi
1116 3771 1275 3826 meridiani:
1296 3779 1390 3826 tamen
1402 3771 1455 3826 boc
1475 3789 1530 3826 non

183 3846 312 3906 venitin
332 3864 444 3902 censum
464 3849 663 3914 declinationis,
685 3849 750 3921 quia
769 3850 911 3906 meridiani
930 3851 1029 3907 infiniti
1048 3859 1121 3916 sunt,
1142 3853 1234 3906 nullus
1253 3852 1307 3906 alio
1327 3852 1426 3922 potior,
1447 3857 1480 3905 ut
1492 3853 1530 3906 ad

184 3929 265 3985 illum
295 3927 382 3984 solum
411 3933 562 3985 ceterorum
593 3925 790 3986 declinationes
820 3939 1027 4001 comparentur;
1057 3932 1137 4002 polus
1157 3949 1222 3987 vero
1244 3939 1288 3987 est
1312 3932 1421 3996 unicus,
1443 3937 1472 3986 et
1493 3933 1527 3986 ad

183 4009 263 4066 illum
285 4015 479 4082 comparantur
499 4009 696 4064 declinationes
717 4011 833 4066 omnium
855 4013 950 4082 apolo
970 4012 1169 4070 distantiarum.
1196 4013 1242 4068 Ex
1262 4013 1359 4084 quibus
1379 4011 1526 4076 conficitur,

185 4087 325 4144 dimidium
343 4088 422 4160 globi
444 4091 478 4144 ad
499 4092 707 4146 mensurandam
732 4092 940 4146 declinationem
961 4110 1015 4146 non
1036 4093 1159 4147 adhiberi
1187 4092 1359 4163 corpulentia
1378 4107 1441 4155 sua,
1464 4091 1529 4162 quia

184 4185 275 4240 neque
297 4167 445 4224 declinatio
466 4169 493 4224 in
513 4170 627 4242 longum
648 4177 677 4224 et
697 4171 797 4234 latum,
827 4172 868 4228 uti
889 4172 959 4236 dixi,
991 4173 1038 4225 sed
1059 4177 1165 4227 tanturn
1185 4173 1214 4228 in
1234 4175 1320 4229 latum
1347 4173 1528 4226 mensuranda

184 4255 323 4322 praestat.
351 4247 404 4304 Ubi
425 4249 446 4303 si
468 4249 551 4308 etiam
572 4253 606 4306 ad
626 4251 738 4324 longum
758 4251 898 4324 respicias,
921 4251 1067 4308 declinatio
1087 4253 1179 4323 potius
1199 4254 1278 4308 nulla
1297 4259 1340 4306 est
1360 4253 1387 4305 in
1405 4253 1526 4324 longum,

185 4349 219 4386 eo
240 4329 315 4402 ipso,
348 4332 417 4400 quod
440 4329 497 4386 dixi
527 4331 733 4386 declinationem
754 4332 781 4387 in
802 4331 961 4397 meridiano,
993 4333 1037 4404 qui
1057 4334 1170 4404 globum
1200 4333 1314 4388 bisecat.
1354 4331 1528 4402 Relinquitur

185 4428 263 4484 ergo,
285 4410 309 4466 si
330 4409 466 4466 dimidium
482 4411 563 4484 globi
584 4419 724 4468 mensurat
749 4411 959 4476 declinationes,
988 4432 1040 4468 non
1061 4421 1200 4469 mensurat
1225 4420 1316 4468 autern
1345 4411 1525 4482 corpulentia,

184 4490 357 4549 mensurabit
377 4489 464 4562 igitur
485 4493 591 4546 'circulo
617 4492 734 4548 maximo
755 4511 804 4548 seu
831 4494 912 4564 plano
939 4494 1081 4548 meridiani
1105 4512 1155 4565 per
1179 4500 1300 4548 centrum
1321 4499 1416 4555 eunte,
1441 4494 1526 4563 plano

185 4573 298 4644 inquam
318 4571 433 4635 bisecto,
456 4572 520 4644 quia
541 4579 570 4627 et
588 4573 667 4646 globi
687 4573 822 4628 dimidium
843 4580 949 4630 tautum
970 4575 1125 4630 assumitur.

274 4653 319 4708 Sit
331 4651 403 4707 Aca
419 4656 485 4726 (lig.
511 4656 575 4716 133)
597 4653 780 4709 semicirculus
794 4653 872 4726 globi
892 4656 1041 4726 magnetici
1056 4673 1105 4710 seu
1124 4653 1305 4717 telluriculae,
1327 4653 1376 4706 AB
1390 4652 1418 4706 in
1432 4652 1526 4725 aequi·

185 4733 309 4798 noctirssi,
332 4733 353 4788 C
374 4733 468 4802 polus,
491 4733 537 4790 CD
564 4733 699 4788 dimidium
726 4733 796 4790 axis.
835 4738 870 4799 A,
891 4735 923 4800 E,
945 4737 974 4800 F,
996 4737 1029 4800 G,
1050 4737 1086 4800 H,
1108 4737 1128 4790 C
1148 4733 1247 4804 diversi
1271 4733 1377 4804 positus
1403 4733 1525 4790 versorii.

184 4817 332 4872 Ducentur
353 4831 389 4866 ex
409 4813 442 4878 E,
460 4815 490 4877 F,
510 4815 542 4876 G.
563 4815 590 4870 Η
609 4813 741 4885 paralleli
760 4813 812 4884 ipsi
832 4815 890 4870 AB.
923 4815 988 4870 Cum
1009 4833 1077 4888 ergo
1098 4813 1244 4870 rersorium
1269 4813 1297 4868 in
1316 4818 1343 4868 A
1367 4819 1412 4869 est
1430 4817 1524 4885 paral-

184 4897 273 4959 lelum
295 4891 356 4970 ipsi
370 4893 432 4960 DA,
454 4913 505 4955 nec
524 4891 684 4964 inclinatur,
706 4895 770 4976 quia
791 4902 877 4976 totam
899 4898 1080 4974 quantitatem
1099 4895 1170 4956 ACB
1190 4894 1267 4968 plani
1292 4895 1465 4954 hebetante
1485 4913 1524 4972 ae,
