3582 5558
214 241 218 252 «
339 276 384 344 74
759 272 860 326 Literee
878 269 980 338 Keplerl
998 235 1150 336 aliorumque
1167 273 1270 324 mutuae

337 457 368 520 in
392 457 520 520 arcubus
543 455 610 516 viee
634 468 706 516 ense
731 453 918 535 aequalibus.
944 447 1057 522 duan
1076 447 1130 512 Sol
1154 448 1272 528 longius
1294 465 1380 512 rere
1400 447 1474 520 (non
1488 451 1671 528 apparenter)

337 548 368 610 in
392 564 525 628 apogaeo
549 551 682 606 moratur
704 563 793 626 qnam
816 541 1026 620 inperigaeo;
1051 539 1090 608 ad
1104 539 1327 617 elongationem
1350 536 1442 616 igitur
1465 535 1583 600 virtutis
1605 557 1671 626 con-

327 637 431 698 ‘onrrit
453 635 579 718 physica
601 643 632 694 et
655 633 758 713 optica
781 651 873 692 causa
897 619 1053 691 tarditatis
1077 635 1185 691 motus.
1211 657 1252 670 -

406 741 497 792 naec
514 746 649 806 sequnntur
666 739 837 803 responsiones
855 731 957 800 Kepleri
976 735 1009 785 ad
1032 714 1189 798 quaertionee
1207 733 1315 792 dabricii
1335 731 1525 788 dveminimu.
1544 745 1604 796 quas
1620 731 1674 780 loeis

339 827 412 879 cupre
429 814 513 864 citatis
531 813 685 868 imemimue.
710 810 740 859 Iu
757 810 807 860 tine
826 807 944 874 epistolas
961 805 1026 860 redit
1042 805 1166 870 Kopleros
1185 805 1218 856 ad
1234 803 1351 861 Martem,
1368 805 1406 852 luis
1426 804 1536 854 Fabricio
1556 801 1598 866 (ut
1614 805 1673 867 prim

339 882 450 952 Maglno)
469 885 590 936 rationem
608 898 680 934 anam
697 880 847 946 procedendi
865 879 999 944 eprcaas,
1028 890 1102 941 quam
1121 883 1220 928 secutus
1239 883 1277 926 est
1295 873 1355 940 Cap.
1375 873 1443 925 XVI.
1464 882 1489 924 at
1506 873 1582 925 XLII.
1610 873 1672 923 Gom·

338 973 414 1018 ment.
441 963 545 1016 Mnus:
893 935 964 1012 Xam
994 967 1120 1030 ponam,
1154 967 1230 1029 quae
1261 948 1318 1010 duo
1351 947 1442 1008 toties
1472 967 1491 1008 a
1518 965 1563 1008 me
1591 945 1672 1026 petis.

814 1039 865 1104 Sit
888 1042 918 1102 A
942 1038 1004 1112 Sol,
1027 1037 1055 1100 B
1079 1046 1214 1101 centrum
1237 1036 1398 1099 eccentrioi
1417 1035 1536 1111 Martis,
1562 1033 1585 1098 C
1609 1053 1672 1097 oen-

427 1129 432 1140 ·
519 1107 572 1175 ¹³⁸·
593 1103 634 1156 ¹⁶·
733 1131 738 1143 ·
815 1137 894 1190 rrum
917 1127 1084 1210 aequantis,
1109 1125 1181 1204 no,
1205 1128 1270 1202 nr,
1295 1127 1361 1201 nn,
1388 1125 1444 1186 An
1468 1132 1594 1206 quatuor
1615 1121 1674 1184 nea

449 1219 453 1228 '
570 1228 574 1259 ²
812 1217 924 1281 Martis
947 1217 977 1279 in
1000 1225 1129 1299 quatuor
1152 1215 1387 1298 oppositionibus
1411 1234 1478 1276 cum
1499 1214 1569 1276 Sole
1592 1212 1673 1275 veris.

811 1307 860 1370 Ex
884 1306 991 1390 quibus
1015 1306 1125 1369 dantur
1148 1305 1249 1386 anguli
1274 1305 1314 1366 ad
1333 1305 1374 1388 A.
1416 1303 1529 1384 Anguli
1551 1321 1619 1364 vero
1641 1301 1674 1364 ad

812 1395 836 1459 O
862 1396 972 1459 dantur
997 1403 1161 1458 samatus
1187 1393 1369 1457 tractatione
1403 1401 1531 1473 quatuor
1559 1409 1674 1454 anoma-

811 1485 919 1548 liarum
933 1497 1081 1550 'verarum
1113 1483 1317 1566 simplicium,
1344 1483 1529 1564 temporibus
1556 1499 1674 1563 respon-

814 1575 957 1653 dentium,
981 1575 1039 1637 etsi
1064 1576 1160 1638 falsus
1182 1574 1232 1644 sit,
1247 1573 1330 1635 hisce
1354 1573 1465 1635 seculis
1488 1579 1586 1634 motus
1609 1589 1676 1632 ano-

814 1665 940 1741 maliae,
973 1664 1060 1726 modo
1089 1683 1159 1726 vere
1183 1670 1318 1736 constet,
1348 1672 1381 1726 ut
1404 1669 1525 1724 constat
1558 1661 1677 1742 quidem,

651 1829 655 1840 ,
704 1775 780 1830 *re
814 1755 967 1818 restitutio
990 1753 1110 1834 integra
1132 1771 1220 1836 quarn
1247 1753 1392 1833 proxime.
1439 1751 1495 1812 His
1519 1749 1599 1812 datis
1619 1749 1677 1830 pri-

814 1863 894 1906 mum
916 1861 993 1923 pone
1025 1843 1156 1923 aliquam
1186 1841 1366 1904 anomaliam
1393 1859 1447 1920 pro
1471 1847 1560 1916 vera',
1591 1845 1621 1900 et
1642 1837 1679 1899 sit

816 1933 869 1996 illa
893 1951 974 2006 vera,
999 1950 1087 2012 qnam
1112 1933 1187 1994 dant
1209 1931 1339 1994 usitatae
1369 1929 1509 2005 tabulae;
1539 1933 1679 2010 ponuntur

749 2065 752 2070 ι
818 2040 889 2102 ergo
914 2021 1014 2100 anguli
1037 2019 1135 2095 Hor,
1159 2019 1262 2096 HCG,
1286 2018 1382 2095 HOD,
1407 2017 1501 2080 HGE.
1549 2015 1679 2082 Secundo

728 2185 733 2194 ι
814 2130 891 2195 pone
929 2110 1049 2190 aliquod
1088 2129 1254 2190 apogaeum
1288 2129 1342 2172 seu
1377 2109 1477 2189 potins
1518 2107 1679 2198 ephebiam

340 2203 469 2280 ponatur
490 2197 521 2260 id
543 2196 652 2278 primo,
687 2193 766 2276 qss⁰d
796 2202 872 2264 dant
902 2219 1005 2262 omnes
1037 2199 1170 2262 tabulae.
1217 2201 1252 2260 In
1282 2199 1442 2278 triangulis
1473 2197 1565 2276 igitur
1586 2197 1621 2269 F,
1644 2193 1678 2264 G,

340 2289 378 2364 D,
402 2287 428 2350 E
451 2305 541 2368 snper
563 2285 711 2360 communi
734 2281 790 2348 Ac
820 2289 973 2353 stantibus
1006 2289 1115 2351 dantur
1143 2308 1245 2350 ornnes
1274 2288 1396 2368 anguli;
1430 2277 1551 2348 assum'e
1576 2283 1630 2348 AC
1652 2285 1680 2345 in

342 2396 512 2460 quecunque
534 2387 684 2451 mensura,
707 2382 782 2453 puta
809 2375 948 2454 100000,
973 2387 1006 2439 et
1028 2386 1169 2458 computa
1191 2379 1290 2440 latera
1313 2377 1377 2451 Ar,
1402 2375 1469 2450 ΑΕ,
1486 2375 1558 2450 AD,
1574 2373 1632 2437 AG
1653 2373 1679 2433 in

341 2467 532 2550 proportione
565 2461 630 2528 Ac.
677 2463 782 2527 Habes
812 2467 965 2548 triangula
987 2455 1089 2542 ΒΑΕ,
1113 2465 1218 2541 DAG,
1245 2465 1341 2538 GAF,
1364 2463 1466 2542 ΕΑΕ,
1498 2465 1529 2527 in
1561 2460 1679 2543 singulis

341 2558 398 2618 dno
422 2553 519 2618 latera
541 2573 607 2618 cnm
631 2555 865 2634 comprehenso;
899 2575 1009 2638 quaere
1033 2575 1104 2636 ergo
1132 2566 1163 2618 et
1187 2556 1313 2638 angulos
1342 2555 1380 2616 ad
1409 2553 1510 2618 beses.
1560 2551 1680 2624 Quando

342 2664 411 2725 crgo
434 2641 635 2724 composueris
659 2641 754 2721 AFG,
779 2647 872 2722 ΑΕΕ,
896 2647 969 2708 item
993 2645 1089 2721 ΑΒΕ,
1113 2643 1214 2720 Ano,
1239 2645 1351 2707 debent
1375 2640 1404 2705 hi
1429 2644 1486 2706 duo
1510 2639 1679 2724 oppositiD

342 2745 377 2820 et¹
390 2733 415 2796 F
429 2734 460 2796 in
484 2732 687 2814 quadrilatero
707 2733 735 2794 in
751 2735 861 2799 circulo
881 2735 1003 2816 aequari
1027 2731 1162 2797 2rectis.
1202 2733 1235 2796 Si
1256 2754 1314 2796 nou
1339 2744 1514 2815 aequantur,
1542 2729 1681 2794 mutanda

342 2832 390 2904 est
410 2823 530 2903 positio
559 2823 709 2908 posterior
741 2825 885 2906 apogaei,
919 2832 1039 2887 retenta
1070 2824 1220 2904 positione
1248 2823 1339 2904 priori
1373 2823 1562 2899 anomaliae,
1598 2821 1680 2902 idque

240 2917 243 2922 ’
342 2912 508 2978 faciendum
527 2911 626 2986 toties,
652 2913 746 2976 donec
761 2915 822 2977 bini
837 2913 968 2996 oppositi
983 2914 1012 2978 in
1028 2914 1232 2994 quadrilatero
1256 2923 1423 2994 aequantur
1442 2911 1559 2974 duobus
1579 2910 1680 2980 rectis;

342 3013 374 3065 et
397 3012 465 3063 tnnc
488 3001 565 3078 scio,
599 3001 677 3081 qnod
706 3004 815 3082 positio
840 3005 967 3084 apogaei
1000 3003 1114 3082 (posita
1138 3004 1194 3064 hac
1218 3004 1369 3064 anomalia
1400 3001 1514 3075 media)
1539 3021 1613 3062 vera
1636 2999 1680 3061 sit.

342 3091 433 3155 anls
456 3097 521 3154 arte
546 3089 657 3165 scitur,
689 3092 767 3154 sitne
799 3091 1048 3175 progrediendum
1072 3110 1110 3152 an
1133 3093 1361 3171 regrediendum
1392 3110 1544 3176 apogaeo,
1570 3095 1684 3171 oportet

341 3181 503 3264 periculum
526 3181 637 3241 lacere.
684 3180 785 3244 Semel
809 3193 909 3244 antem
939 3180 1146 3244 animadverso
1175 3182 1246 3260 quid
1273 3181 1446 3260 proficiatur
1468 3181 1497 3241 in
1523 3179 1682 3260 sequendis

344 3271 455 3333 dnobus
480 3269 626 3361 oppositis
651 3272 845 3350 quadrilateri
868 3292 934 3334 cum
948 3267 969 3333 2
983 3271 1092 3345 rectis,
1122 3271 1147 3331 si
1162 3265 1388 3349 progrediamur
1410 3271 1458 3330 vel
1473 3271 1683 3348 regrediamur,

343 3369 374 3424 et
397 3366 539 3440 quantum
562 3359 669 3434 etiarn,
696 3360 761 3440 jam
786 3363 872 3424 nobis
895 3369 965 3423 sunt
988 3355 1191 3440 oculi'aperti
1215 3360 1252 3419 ad
1275 3359 1541 3440 proportionaliter
1573 3375 1684 3438 semper

342 3449 464 3530 propius
488 3448 700 3515 accedendum.
749 3447 877 3520 Quando
902 3469 973 3530 ergo
996 3451 1031 3524 F,
1051 3449 1079 3510 D
1103 3449 1161 3511 dno
1185 3449 1260 3510 recti
1284 3457 1363 3524 sunt,
1388 3449 1418 3510 h.
1443 3467 1468 3511 e.
1494 3448 1684 3528 quandoper

344 3537 503 3600 motionem
527 3545 557 3597 et
582 3537 778 3600 variationem
803 3539 929 3620 apcgaei
953 3539 992 3612 D,
1010 3537 1047 3613 E,
1062 3539 1095 3618 Ε,
1114 3536 1143 3598 G
1167 3537 1303 3599 acumina
1326 3539 1501 3618 angulomm
1524 3539 1555 3600 in
1580 3535 1684 3599 circulo

329 3627 456 3716 ¹suerint
477 3633 572 3700 recte,
589 3625 655 3701 jam
678 3625 879 3689 accedendum
904 3627 961 3688 erit
984 3627 1024 3687 ad
1046 3627 1231 3706 probandam
1254 3627 1383 3706 priorem
1407 3627 1590 3707 positionem
1614 3643 1683 3686 ano-

345 3715 453 3778 maliae
478 3713 631 3794 simplicis,
656 3733 765 3778 verane
790 3717 881 3778 fuerit
904 3735 941 3776 an
958 3716 1045 3790 salsa,
1069 3714 1099 3777 in
1114 3709 1190 3778 buno
1215 3718 1352 3779 modum:
1377 3717 1406 3778 in
1422 3721 1458 3785 Δ
1474 3713 1558 3778 GFE
1583 3717 1685 3777 dantur

344 3805 441 3868 latera
464 3822 530 3865 oum
553 3803 767 3883 comprehenso
790 3805 825 3880 F,
851 3823 960 3886 quaere
985 3803 1069 3865 basin
1095 3801 1151 3866 GE
1175 3825 1241 3868 cnm
1264 3805 1381 3886 angulis
1405 3805 1635 3886 adjacentibus,
1657 3809 1685 3860 et

345 3914 411 3958 cum
435 3893 511 3963 scie,
535 3891 616 3974 qnod
639 3891 723 3954 GBE
746 3892 788 3955 sit
811 3893 917 3974 duplus
941 3894 980 3955 ad
1005 3891 1105 3968 GFE,
1131 3895 1201 3974 qnia
1223 3895 1253 3958 in
1277 3905 1399 3966 centro,
1430 3912 1500 3974 ergo
1525 3895 1637 3956 dantur
1658 3892 1709 3952 in·

345 3981 444 4060 GBE,
469 3982 625 4044 exlatere
654 3990 686 4042 et
715 3981 833 4062 angulis
862 4003 930 4046 crus
962 3979 1018 4044 GB
1041 3982 1089 4043 vel
1111 3983 1166 4044 ΒΕ
1190 3985 1327 4064 aequalia
1350 3985 1380 4046 in
1404 3985 1597 4066 proportione
1622 3978 1683 4052 AC,

345 4074 423 4156 qnod
446 4091 543 4135 serva.
590 4069 719 4132 Rursum
742 4071 771 4132 in
797 4075 832 4140 Δ
858 4069 946 4134 GAE
970 4091 1006 4132 ex
1031 4069 1116 4132 GAF
1138 4081 1170 4133 et
1192 4073 1274 4138 FAE
1306 4075 1416 4154 junctis
1450 4071 1685 4151 datur,angnlns

344 4161 443 4233 GAE,
468 4169 499 4223 et
522 4159 699 4233 lateraAE,
717 4158 779 4222 AG
803 4156 970 4235 dabantor;
996 4161 1083 4222 modo
1108 4151 1211 4224 aton
1236 4163 1372 4238 dabatur,
1397 4162 1571 4242 poterisque
1596 4179 1685 4243 qnae-

344 4273 411 4318 rere
434 4260 557 4334 propter
580 4268 756 4311 consensum
781 4269 818 4312 ex
843 4249 913 4327 GA,
928 4249 995 4312 ΑΕ.
1032 4249 1149 4330 Dantur
1172 4251 1240 4314 hine
1264 4261 1296 4314 et
1317 4251 1415 4324 Aen,
1442 4262 1474 4312 et
1496 4247 1684 4331 priusBGE‚

343 4343 470 4428 junctim
494 4359 564 4420 ergo
587 4337 676 4401 ΒΘΑ
700 4338 819 4422 (potest
851 4360 917 4400 esse
949 4359 1057 4412 casus,
1088 4348 1122 4401 ut
1154 4341 1349 4403 subtrahendi
1379 4336 1505 4415 sint¹¹).
1552 4342 1634 4428 Ergp
1658 4338 1685 4398 in

345 4429 478 4502 ABGA
495 4431 604 4492 dantur
617 4425 686 4502 BG,
704 4425 774 4502 GA,
794 4419 939 4501 ΛΒΟΑ,
962 4429 1114 4508 quaeritur
1127 4430 1192 4507 BA,
1213 4440 1244 4492 et
1259 4429 1355 4493 GAB.
1381 4431 1569 4492 .Ponebatur
1589 4439 1685 4492 autern

346 4530 377 4584 et
394 4519 603 4583 verificabatur
616 4517 699 4597 prius
719 4515 816 4592 ΕΑΘ,
833 4515 924 4580 GAH
938 4535 975 4578 ex
988 4533 1130 4599 apogaeo,
1149 4528 1196 4582 est
1209 4540 1238 4584 n.
1253 4520 1402 4582 anomalia
1416 4529 1586 4600 coaequata
1604 4520 1686 4599 hujus

346 4609 414 4673 loci.
452 4609 486 4672 si
509 4627 581 4688 ergo
604 4607 692 4670 EAH
715 4613 746 4668 et
768 4605 852 4669 ΕΑΒ
878 4609 1029 4688 aequales,
1054 4609 1208 4672 verificata
1230 4619 1279 4672 est
1301 4609 1410 4690 positio
1433 4609 1530 4691 prima
1555 4623 1684 4690 qnoque3

348 4709 379 4759 et
401 4698 444 4759 sic
466 4716 564 4777 porro.
611 4696 664 4759 Sin
688 4695 794 4770 minus,
819 4713 836 4758 o
861 4695 1026 4778 improbum
1049 4699 1195 4775 laborem,
1219 4707 1297 4761 tunc¹
1314 4707 1434 4779 oportet
1456 4718 1565 4760 novam
1590 4701 1686 4760 facere

346 4785 526 4872 positionem
541 4787 595 4850 dec.
613 4817 654 4830 -
678 4785 738 4850 Ubi
751 4804 806 4869 per
824 4787 986 4850 secundam
1008 4789 1186 4870 positionem
1209 4787 1316 4853 iterum
1332 4787 1372 4852 ad
1386 4789 1474 4853 finem
1489 4797 1536 4852 est
1556 4796 1685 4864 ventum,
