3606 5562
597 347 738 436 ailoplsro
757 342 897 413 amanium,
1214 299 1215 307 ’
1356 339 1419 425 693
1446 445 1451 453 Ι
1525 441 1528 449 1

86 537 133 593 Sed
150 539 182 590 sit
199 537 223 590 id
242 539 383 598 iersndnm,
409 541 523 604 quoniam
541 546 594 590 tum
611 541 638 590 re
653 553 712 590 vera
730 539 852 601 Traianus
879 551 931 588 nna
955 551 1011 587 cnm
1029 533 1112 588 Nerva
1136 535 1318 601 imparitavsrit.
1357 537 1422 600 Quid

85 626 173 680 quaero
191 611 287 678 reliquis
311 611 517 662 observationibus
545 613 654 662 omnihus
673 611 704 662 ah
727 611 778 674 ipso
797 609 938 660 Ptolemaeo
965 607 1055 659 hanins
1073 607 1223 674 ¹iaciemus?
1253 607 1318 660 Nam
1338 613 1421 674 aequi·

85 684 189 735 noctium
207 681 350 732 autumnale
368 683 504 734 observavit
522 681 563 732 25.
583 681 650 746 Sept.
671 695 694 732 a
715 679 759 730 ch.
780 677 838 730 1³2.
858 679 930 744 idque
947 679 988 729 lib.
1008 677 1052 730 lll.
1073 694 1095 730 c.
1113 677 1138 728 3.
1158 679 1276 730 adscribit
1295 695 1361 731 anno
1381 681 1422 730 li.

85 755 192 812 Adriani,
212 768 267 804 curu
286 755 415 816 contigerit
434 768 498 805 anno
517 754 626 817 ejusdem
646 749 686 802 10.
712 753 745 802 Et
763 752 850 805 Lunae
869 751 992 801 delectum
1011 750 1034 801 d.
1055 747 1077 799 0.
1092 749 1153 814 Mal.
1177 747 1235 800 133.
1255 752 1340 801 tribuit
1358 765 1424 803 anuo

86 826 184 877 Adriani
203 822 245 874 17.
265 827 354 882 eidem,
372 827 413 889 qui
431 825 540 889 ejusdem
561 823 601 874 10.
621 823 719 881 etouit3
739 823 850 874 deiectus
869 816 895 886 )
916 819 957 870 2⁰.
973 821 1029 872 Oct
1049 836 1071 872 a.
1094 819 1151 870 131.
1172 822 1318 872 adscribitur
1335 836 1358 873 a.
1380 820 1421 873 10.

87 896 186 948 Adriani
205 911 247 960 pro
268 895 308 945 13.
346 895 387 946 Sic
404 896 560 947 Ptolemaeus
579 897 714 947 observavit
733 887 757 959 Ω
779 891 819 943 ld.
833 893 897 944 Dec.
914 890 971 950 138,
990 899 1015 943 et
1032 894 1092 943 libro
1104 893 1132 944 X.
1154 907 1209 957 cap.
1223 891 1248 944 1.
1268 909 1323 945 eam
1342 897 1423 946 obser·

86 969 204 1018 sationem
224 968 336 1033 assignat
354 981 420 1018 anno
439 968 472 1018 ΙΙ.
487 969 612 1025 Antonini,
632 982 686 1018 cnm
700 966 760 1016 ldib.
775 965 823 1015 Jut.
836 967 944 1029 proxime
962 965 1166 1028 praecedentibus
1185 965 1282 1016 demum
1301 966 1426 1020 inchoavit

85 1039 171 1104 primns
190 1039 298 1102 ejusdem
317 1051 404 1089 annus.
442 1039 592 1089 observavit
604 1036 646 1087 23.
666 1037 732 1101 Sept.
756 1033 812 1086 130.
834 1037 1013 1100 aequinoctium
1033 1043 1142 1088 autumn
1163 1043 1190 1087 et
1208 1034 1248 1084 22.
1268 1037 1344 1088 Mart.
1366 1035 1425 1087 110.

86 1110 189 1166 vernale,
206 1111 290 1174 sicque
314 1117 442 1175 ntmmque
462 1111 598 1160 observavit
618 1114 730 1160 currente
749 1121 813 1158 anno
828 1106 851 1154 2.
865 1106 993 1165 Antonini,
1014 1123 1069 1157 cum
1088 1108 1182 1158 diserta
1200 1109 1279 1158 verbis
1297 1115 1426 1174 utrumqne

86 1181 207 1232 adscribat
226 1195 290 1230 anno
309 1176 333 1230 3.
353 1173 471 1244 ejusdem,
501 1181 563 1230 adeo
581 1187 610 1232 nt
627 1193 711 1230 omues
739 1179 921 1228 observationes
938 1177 1074 1229 Ptolemaei
1096 1195 1145 1229 nno
1173 1193 1238 1229 auno
1257 1181 1328 1232 citius
1347 1182 1425 1231 conti·

87 1253 172 1318 gerint,
192 1266 264 1317 quam
284 1251 315 1302 ab
333 1254 452 1316 ipsissimo
470 1265 553 1302 earum
573 1251 674 1304 authore
692 1251 863 1300 inscribantur.

169 1323 254 1374 Voluit
271 1323 337 1374 hauc
355 1323 525 1374 difficultatem
544 1325 635 1374 esitare
653 1321 686 1372 Η.
705 1321 864 1387 Buntingus,
889 1327 1022 1372 utcontra
1048 1321 1206 1372 autoritatem
1228 1322 1427 1386 gravissimorum

89 1393 213 1445 authorum
231 1410 245 1444 e
261 1395 342 1445 medio
361 1394 494 1446 tollendum
513 1396 636 1446 censuerit
653 1393 805 1444 consulatum
819 1391 945 1444 Severiaui
959 1391 982 1441 2.
997 1400 1023 1443 et
1035 1392 1113 1444 Sentii
1126 1393 1253 1458 Augurini,
1273 1396 1315 1460 qni
1328 1407 1351 1444 a
1367 1391 1425 1444 1³2.

90 1466 150 1516 Coss.
171 1466 286 1516 ordinarii
305 1467 393 1536 iuuere.¹
417 1466 474 1517 erl
493 1467 535 1518 des
552 1467 633 1519 Herrn
650 1464 785 1516 Bedenheu
804 1465 899 1515 ratione
928 1464 1054 1528 eclipsium
1076 1465 1263 1528 praeteritorum
1290 1471 1428 1530 temporum

89 1551 142 1604 geru
160 1536 316 1592 samehmeu.

169 1609 253 1660 Fallet
269 1609 315 1658 mir
333 1623 364 1658 sn
377 1607 492 1666 Gemdtb,
510 1608 557 1658 vio
576 1623 602 1658 cs
620 1608 725 1662 homme.
745 1605 801 1658 dass
821 1605 939 1656 derHerr
957 1607 996 1657 die
1015 1607 1179 1658 differentiam
1198 1607 1428 1679 rationotenrpbris

88 1683 167 1730 mortis
186 1680 320 1731 Alexandri
328 1679 364 1728 Μ.
385 1679 506 1730 nnhchen
524 1679 681 1729 Ptolomaeus
700 1677 922 1742 uudAlbateguins
941 1691 968 1727 sc
986 1679 1035 1728 lest
1053 1679 1165 1738 anaiehe,
1184 1678 1234 1728 und
1252 1679 1289 1728 nit
1307 1679 1428 1737 bedente,

88 1753 141 1806 dass
159 1751 203 1802 des
221 1750 377 1801 Ptolemaeus
395 1752 463 1802 seius
477 1749 575 1800 Sacheu
595 1749 762 1809 aChaldaeis,
782 1749 832 1798 und
851 1749 890 1798 die
910 1745 1030 1802 Chaldaei
1047 1756 1149 1802 mortem
1167 1750 1205 1798 rol
1223 1750 1312 1800 saltem
1329 1765 1428 1804 monar-

22 1867 23 1890 ,
89 1823 164 1872 chiam
182 1822 315 1873 Alexandri
329 1821 363 1872 bl.
383 1828 442 1872 aute
456 1821 500 1872 Ch.
515 1817 574 1870 312.
594 1822 721 1872 desinente
740 1820 778 1870 vel
792 1817 851 1869 311.
871 1827 984 1870 sumente
1002 1828 1109 1888 gesetat.
1135 1819 1210 1871 Dices
1229 1821 1341 1880 iortasse,
1361 1823 1428 1874 illam

22 1893 24 1954 Q
88 1894 223 1957 opinionem
242 1908 295 1944 esse
315 1893 463 1952 absurdam,
482 1893 525 1943 sed
544 1893 680 1950 considera,
700 1891 869 1942 Ptolemaeum
889 1897 914 1941 et
932 1891 1098 1956 Hipparchum
1116 1893 1232 1958 pleraque
1251 1907 1280 1943 er
1294 1893 1426 1944 Chaldaeis

87 1964 211 2024 hausisees
230 1965 319 2016 deinde
340 1965 505 2028 contemplare
517 1978 609 2029 quaeso
622 1965 725 2020 Livium,
744 1964 783 2012 ubi
798 1963 828 2014 de
841 1963 939 2020 Perseo,
959 1965 1043 2014 ultimo
1056 1963 1221 2015 Macedonum
1233 1978 1291 2029 rege
1303 1965 1426 2016 debellato

22 2073 23 2076 ,
88 2038 145 2100 agit,
159 2050 261 2102 regnum
274 2035 461 2087 Macedonicum
475 2049 594 2086 asummo
607 2036 703 2101 imtigio
718 2049 793 2098 usque
806 2033 839 2084 ad
851 2035 975 2085 interitum
988 2036 1046 2084 solis
1057 2033 1107 2086 150
1117 2037 1188 2086 annis
1200 2037 1297 2086 enneae
1310 2036 1426 2100 aidrrpat.

87 2105 164 2156 Penas
190 2107 275 2172 itaque
300 2109 372 2170 justa
390 2106 527 2157 Chaldaeos
546 2121 569 2156 a.
590 2121 613 2157 a
634 2105 678 2156 Ch.
699 2103 758 2154 311.
788 2105 858 2156 Alex.
877 2103 912 2154 Μ.
941 2105 1095 2169 Babylonem
1121 2121 1244 2158 reversum
1271 2107 1345 2172 paulo
1372 2115 1428 2172 post

22 2179 24 2238 ᾗ
87 2177 179 2238 obiisse,
199 2185 275 2244 atque
295 2193 311 2228 a
328 2185 437 2243 tempore
454 2179 538 2227 mortis
555 2178 634 2236 illins,
659 2176 724 2242 qnod
741 2176 814 2226 Judai
834 2189 928 2241 quoqne
947 2191 1012 2227 anuo
1031 2191 1056 2228 a.
1075 2177 1119 2228 ch.
1141 2173 1199 2226 310.
1220 2177 1350 2238 cohocant,
1369 2181 1426 2229 sub-

22 2243 23 2246 ’
88 2249 154 2300 nahe
174 2247 235 2311 150,
263 2251 401 2300 remanebit
428 2251 512 2314 utique
539 2263 618 2299 annus
637 2263 660 2298 a.
681 2247 724 2298 ch.
747 2244 806 2305 100,
834 2261 881 2311 quo
909 2249 1013 2314 contigit
1040 2249 1137 2314 eclipsis
1155 2241 1192 2312 D,
1211 2259 1298 2315 quam'
1312 2249 1428 2303 describit

23 2325 24 2328 ’
88 2319 174 2376 Livius,
194 2328 222 2371 et
239 2323 279 2370 cni
291 2321 399 2370 totalem·
412 2320 580 2378 characterem
599 2321 694 2370 ratione
712 2319 828 2383 temporis
840 2325 867 2368 et
879 2317 1013 2371 durationis
1031 2322 1123 2379 tribuit,
1143 2321 1315 2388 cuirelragan'
1334 2322 1426 2387 absquo
1463 2313 1466 2322 '

88 2391 208 2443 calumnia
226 2392 265 2441 vix
283 2397 357 2456 atqne
376 2391 438 2442 adeo
456 2407 488 2442 ne
506 2393 546 2442 vix
563 2391 661 2457 quidem
678 2391 766 2455 aliquis
784 2396 866 2456 queat.
1028 2387 1030 2398 '
1372 2399 1374 2406 ¹

170 2463 260 2514 Dicses
279 2463 346 2514 Alles
364 2463 389 2513 iu
408 2463 446 2512 Εἰ]
464 2461 508 2514 doc.
538 2508 539 2516 ,

169 2535 266 2586 Datum
283 2533 409 2586 hliinchen
427 2533 473 2586 dte.

169 2641 328 2706 Kaplerns
346 2640 470 2705 respoudit
487 2635 522 2700 (d.
543 2636 568 2688 7.
588 2637 644 2706 Oct.
666 2634 741 2689 1302.
779 2639 863 2704 Gomp.
884 2629 940 2691 vor.
959 2639 990 2690 ll.
1015 2655 1039 2706 p.
1059 2637 1102 2690 77.
1121 2639 1182 2694 735.
1202 2650 1228 2695 ο1
1245 2643 1292 2696 111.
1318 2660 1342 2710 p.
1362 2639 1426 2706 am:

171 2713 295 2777 ...Ac
318 2712 470 2792 cumipse
493 2710 639 2788 horteris,
663 2720 697 2772 ut
719 2712 881 2793 concordes
905 2712 1008 2786 simus,
1034 2712 1120 2776 dabis
1144 2715 1273 2786 veniam,
1298 2717 1324 2778 si
1348 2737 1425 2798 qnae

90 2803 125 2864 ad
140 2803 411 2884 Progymnasrnata
433 2808 636 2871 accesserunt,
659 2799 697 2862 ab
711 2800 785 2880 ipsis
801 2801 997 2874 (haeredibus
1013 2801 1179 2886 Tychonis)
1202 2806 1314 2886 potius,
1339 2823 1426 2886 quam

89 2911 172 2954 ame
195 2893 301 2972 Magn.
326 2891 420 2952 Tuam
444 2897 546 2970 petere
570 2889 687 2970 cupiam
719 2893 812 2958 -(‚‚Don
825 2897 1000 2962 Appendices,
1019 2898 1242 2952 anditflsrvsrnu
1257 2905 1427 2962 nonnosus,

87 2979 137 3030 libri
155 2981 227 3045 primi
245 2979 376 3046 Progymn.
396 2979 463 3028 wollt
480 2977 520 3029 ich
538 2989 598 3046 geru
616 2977 698 3034 lesen,
724 2978 774 3027 nud
797 2978 842 3027 wie
868 2977 943 3028 durch
967 2979 1098 3030 desselben
1117 2980 1267 3048 Audentung
1290 2983 1447 3048 geschicht'

87 3052 143 3101 srlrd
161 3053 208 3102 das
226 3049 302 3102 Werk
319 3050 436 3102 hiedurch
455 3065 496 3100 um
515 3063 541 3099 so
562 3049 609 3098 viel
634 3049 703 3099 mehr
720 3047 902 3099 Nachdonlsoue
920 3050 959 3099 boi
982 3050 1109 3116 gelehrteu
1128 3053 1225 3103 Leuteu
1243 3051 1425 3118 orsochon-⁸03

88 3123 157 3184 mihi
179 3123 261 3185 enim
283 3122 401 3185 unicum
425 3123 533 3184 saltem
557 3121 710 3200 exemplar
728 3127 793 3183 est:
819 3121 856 3182 ab
871 3120 945 3202 ipsis
959 3121 1061 3202 Magn.
1079 3124 1159 3185 Tuae
1183 3125 1300 3187 nominc
1324 3135 1426 3206 petere

87 3212 274 3278 invidiosum.
311 3212 347 3274 In
370 3219 452 3274 motu
471 3210 552 3274 Solis
575 3209 648 3284 nihil
672 3207 753 3270 aliud
775 3217 909 3271 mutatur
934 3230 987 3290 per
1010 3211 1214 3292 appendicem,
1239 3233 1325 3295 quam
1349 3216 1427 3296 quod

88 3300 152 3381 ipsa
164 3301 259 3364 realis
273 3300 481 3363 eccentricitas
496 3297 618 3362 dimidio
639 3297 819 3374 diminuitur,
841 3318 894 3378 pro
909 3300 1022 3382 reliquo
1039 3301 1160 3364 dimidio
1174 3302 1252 3365 ratio
1269 3303 1427 3385 aequantia

89 3391 287 3454 substituitur.
326 3391 376 3452 lta
397 3389 570 3452 insolidum
594 3388 714 3450 eaedem
739 3395 860 3450 manent
882 3391 1087 3469 aequationes‚
1111 3411 1168 3453 uno
1188 3393 1264 3454 iorte
1289 3393 1427 3474 scrupulo
1506 3427 1510 3436 ,

88 3479 115 3540 in
140 3477 198 3544 19⁰
221 3479 259 3556 ὅ,
290 3475 345 3540 11ο
368 3484 393 3554 ii
416 3477 597 3541 desiderato.
643 3476 746 3538 Lunae
771 3477 887 3539 theoria
909 3473 1000 3541 etiam
1027 3487 1130 3544 manet
1157 3481 1242 3543 salva
1267 3489 1298 3543 ct
1319 3482 1428 3545 illaesa

86 3578 139 3648 p'er
160 3569 365 3652 appendicem,
389 3566 518 3649 paucula
540 3566 579 3628 ad
593 3566 721 3646 eclipses
745 3565 925 3646 pertinentia
948 3575 1119 3648 tanguntur.
1157 3569 1304 3632 Privatim
1326 3577 1427 3634 tamen

22 3687 24 3732 1
88 3658 167 3738 agito
191 3656 315 3740 aliquid,
339 3676 398 3719 non
417 3658 481 3737 jam
504 3663 537 3718 ut
559 3655 769 3736 praecisiorem
793 3655 937 3717 calculum
954 3657 1018 3738 (qui
1041 3659 1239 3740 posteriorum
1258 3679 1330 3722 cura
1344 3659 1426 3737 erit),

88 3747 139 3809 sed
162 3756 196 3811 nt
220 3745 438 3810 credibiliorem
462 3753 494 3808 et
509 3743 720 3825 simpliciorem
744 3745 852 3806 facicm
868 3744 1058 3826 hypothesin.
1087 3747 1273 3812 Difficillime
1291 3769 1340 3812 res
1362 3760 1427 3812 est:

88 3843 117 3896 et
136 3843 239 3899 tamen
265 3835 412 3900 interdum
431 3831 482 3898 'mc
509 3853 630 3914 scopum
660 3832 780 3913 penitus
810 3833 1058 3917 tetigisseputo.
1101 3837 1138 3900 Id
1161 3837 1243 3916 agito
1267 3839 1427 3920 (quemad-

89 3925 203 3988 modum
229 3925 257 3986 in
281 3923 406 3999 Marte),
431 3931 464 3987 ut
486 3924 572 3985 Luna
595 3940 682 3985 uuum
705 3922 801 3984 solnm
825 3922 936 3984 hebeat
959 3923 1141 4008 epicyclum,
1166 3931 1223 4009 qud
1250 3927 1427 3989 eccentrici-
1536 3961 1539 3968 ι

89 4021 178 4078 tatem
202 4014 340 4090 conficit3
364 4013 497 4094 reliquae
519 4009 762 4093 inaequalitates,
784 4019 847 4072 tres
870 4030 991 4074 numero
1014 4014 1044 4076 iu
1068 4015 1187 4095 longum
1212 4017 1260 4089 (ut
1282 4015 1313 4077 in
1328 4015 1428 4078 Marte

90 4107 178 4180 meo),
202 4103 268 4166 sint
290 4123 309 4164 a
332 4102 432 4166 causis
454 4099 597 4184 physicis.
644 4100 718 4161 Tum
742 4118 798 4161 non
823 4099 949 4179 emplius
977 4103 1138 4166 absurdum
1162 4104 1236 4180 erit,
1259 4103 1428 4185 inaequali-

89 4200 182 4255 tatem
205 4179 389 4254 mensimam
413 4213 432 4254 a
453 4208 525 4253 vero
548 4187 630 4253 Solis
661 4189 726 4251 loco
756 4189 895 4270 pendere.
941 4187 1003 4254 Sed
1032 4195 1120 4274 plane
1153 4193 1197 4255 nti
1223 4200 1272 4268 tu,
1306 4193 1350 4254 sic
1373 4211 1429 4273 ego

90 4299 205 4365 quoque
220 4281 328 4356 sentio,
352 4279 561 4362 aequationem
574 4277 717 4358 temporis
732 4295 799 4340 esse
814 4285 995 4358 suspectam,
1019 4283 1088 4364 quia
1109 4281 1238 4362 negligit
1259 4281 1428 4366 inaequali-

43 4391 45 4396 ’
88 4379 180 4435 tatem
206 4371 479 4433 additamentomm
503 4367 680 4429 diurnomm.
814 4383 817 4391 “
1033 4419 1035 4424 ,
1220 4439 1223 4446 ¹

174 4460 393 4534 Quaestionem
416 4455 728 4535 chronologicam,
758 4453 784 4516 si
808 4453 882 4515 bene
905 4456 1052 4538 percipio,
1077 4457 1255 4540 Magnitudo
1277 4465 1331 4521 tua
1354 4459 1430 4521 bene

87 4550 207 4630 quidem
236 4550 343 4624 solvit,
377 4548 431 4611 sed
460 4547 505 4607 ita
535 4552 568 4606 ut
598 4553 698 4606 tamen
730 4543 787 4605 dno
818 4544 948 4626 scrupuli
977 4545 1138 4610 resideant.
1185 4547 1309 4611 Summa
1334 4549 1429 4612 haec:

87 4637 282 4702 Ptolemaeus
301 4657 395 4700 anuos
411 4635 511 4699 obitos
524 4631 690 4695 Alexandri
708 4631 851 4712 intelligit
864 4635 1041 4716 Aegyptios,
1066 4636 1268 4718 Albategnius
1282 4635 1429 4700 Julianus.

87 4725 280 4791 Ptolemaeus
298 4747 316 4787 a
336 4725 386 4791 12.
401 4727 479 4792 Nos.
499 4729 625 4784 mortem
638 4719 805 4782 Alexandri
827 4724 1025 4803 praecedente
1050 4733 1205 4802 nurnerat3
1229 4726 1431 4806 Albeteguius

88 4817 216 4882 forsitan
240 4837 260 4878 a
282 4814 412 4879 solstitio
434 4812 567 4896 proxime
594 4814 718 4871 mortem
736 4809 903 4875 Alexandri
926 4821 1029 4876 secuto
1053 4832 1163 4897 perque
1187 4813 1252 4876 dies
1275 4815 1430 4896 pauculos.

169 4907 263 4968 llaec
287 4902 313 4967 si
335 4905 463 4968 concedo
482 4903 512 4965 iu
527 4915 682 4983 praesens,
706 4918 816 4979 quaero
832 4909 933 4965 antem
950 4904 1056 4984 primo,
1081 4903 1151 4988 quid
1166 4923 1259 4967 causa
1277 4903 1335 4982 sit,
1351 4904 1432 4988 quod
