3552 5562
378 279 422 351 20
815 279 844 332 in
864 277 1097 332 commonuisses
1115 287 1184 334 motu
1200 275 1289 330 Martis

379 462 455 525 vitio
479 467 511 524 et
532 447 903 541 praecipitantia'caicuii,
927 475 981 519 seu
1004 475 1178 540 quacunque
1194 455 1256 518 alia
1270 455 1397 518 ratione.
1436 455 1511 522 Ourn
1532 455 1619 538 igitur
1631 458 1708 522 etiam

378 571 432 634 per
455 570 488 613 se
511 550 608 631 ipsum
630 554 803 632 suspectum
826 546 876 621 sit,
900 565 1053 609 assumere
1077 545 1276 628 quantitatem
1298 547 1457 627 aequastis
1478 549 1612 628 praeciso
1633 549 1709 612 dimi-

252 717 256 726 ,
379 641 461 704 diam
484 637 717 701 eccentricitatis
740 637 845 711 totius,
869 635 927 698 erit
948 636 1041 716 igitur
1063 643 1133 698 aute
1157 634 1257 698 omnia
1279 637 1336 698 hoo
1358 637 1456 718 ipsum
1479 638 1585 718 majori
1605 639 1709 720 prasci.

379 731 463 794 sione
485 728 670 800 tentandum,
695 745 783 807 quarn
805 725 952 787 hactenus
975 745 995 787 a
1017 745 1062 787 me
1086 725 1199 787 factum
1222 732 1279 788 esi.
1387 781 1390 792 ,

467 821 532 882 Hoc
555 817 781 880 fundamentum
807 814 866 878 erit
895 815 1025 878 omniurn
1054 832 1130 897 quae
1159 833 1250 896 porro
1273 815 1305 876 in
1327 815 1427 876 Marte
1457 817 1567 878 tentari
1589 825 1708 897 possunt.

379 908 439 975 Ubi
462 909 498 970 de
521 906 689 990 quantitate
713 903 895 980 convenerit,
918 911 1111 968 construatur
1133 911 1242 986 postea
1264 903 1368 967 tabula
1391 903 1431 964 ad
1453 903 1588 985 singulos
1615 908 1710 986 grados

380 999 417 1061 ab
441 1013 575 1078 apogaeo
600 995 697 1070 Solis,
729 993 874 1058 exhibens
906 993 1083 1058 distantiam
1106 992 1189 1057 Solis
1212 1013 1231 1055 a
1253 995 1357 1056 Terra.
1403 992 1499 1056 Simul
1532 995 1622 1058 etiam
1642 997 1709 1056 reri-

379 1089 505 1149 deantur
528 1083 723 1166 aequationes
748 1085 878 1147 eccentri
901 1081 1030 1158 Solaria
1053 1102 1129 1165 quae
1152 1079 1310 1146 circae15⁰
1324 1081 1362 1143 ab
1378 1101 1513 1162 apogaeo
1537 1086 1710 1148 mutabuntur

378 1176 421 1250 (si
444 1173 568 1238 dimidia
591 1173 633 1236 sit
655 1172 865 1235 eccentricitas
879 1191 958 1236 nova
976 1174 1133 1257 antiquae)
1153 1171 1241 1234 unius
1261 1169 1393 1252 scrupuli
1410 1173 1578 1253 quantitate
1597 1174 1708 1236 circiter.

465 1265 536 1327 Jam
559 1263 638 1344 quod
659 1261 758 1343 ipsum
776 1263 886 1325 Martis
909 1263 1108 1326 eccentricum
1129 1261 1249 1338 attinet,
1273 1262 1304 1324 in
1327 1279 1364 1322 eo
1386 1261 1515 1342 primum
1533 1265 1710 1346 aequationes

376 1372 437 1416 non
459 1352 535 1415 bene
558 1351 680 1426 habent,
697 1352 746 1424 ,(ιιι
769 1375 849 1426 marg.
879 1353 964 1416 Haeo
987 1351 1105 1416 demum
1127 1351 1176 1414 dio
1199 1349 1371 1432 paschatis)
1398 1352 1525 1435 ideoque
1548 1352 1654 1415 vitiosa
1674 1359 1711 1414 est

373 1440 529 1525 proportio
552 1440 748 1504 circeiiorum.
794 1443 873 1504 Nam
896 1441 1063 1522 ἀκροινχιαι
1085 1441 1313 1504 observationes
1336 1439 1450 1502 habent
1472 1443 1529 1504 hoc
1549 1442 1624 1516 vitii,
1646 1442 1710 1523 quod

374 1530 510 1594 reductio
533 1531 667 1594 locorum
690 1529 895 1612 ecliptioorum
918 1531 957 1592 ad
981 1531 1108 1593 orbitarn
1124 1537 1149 1602 d
1165 1531 1247 1592 iacta
1270 1536 1318 1592 est
1338 1549 1393 1611 per
1415 1530 1604 1594 latitudinem
1627 1531 1709 1593 maxi-

373 1639 454 1682 mam
473 1618 597 1682 boream
620 1626 653 1680 et
675 1619 857 1696 austrinam,
890 1639 966 1701 quae
990 1619 1147 1684 debuisset
1168 1621 1232 1684 fieri
1254 1625 1372 1682 tantum
1395 1638 1450 1699 per
1473 1621 1614 1702 anguium
1635 1620 1710 1682 incli-

375 1707 508 1772 nationis
531 1707 700 1772 eocentrici.
739 1709 806 1770 Hoc
825 1717 914 1792 pacto
941 1707 992 1774 10⁴
1016 1708 1126 1790 alicubi
1150 1717 1220 1772 sunt
1243 1708 1358 1784 addita,
1383 1709 1432 1772 ubi
1455 1729 1514 1772 uon
1538 1711 1616 1772 ultra
1637 1727 1711 1771 mun

377 1797 487 1860 luisset
508 1797 685 1862 addendum.
736 1799 842 1881 ltaque
872 1795 1009 1878 exsurgit
1022 1817 1061 1862 ex
1083 1799 1306 1880 comparatione
1325 1795 1424 1860 dextri
1453 1806 1484 1860 et
1500 1799 1615 1862 sinistri
1633 1797 1711 1860 semi-

374 1886 478 1950 circuli
501 1886 670 1950 differentia
693 1887 812 1951 circiter
834 1885 898 1952 20¹.
941 1886 1060 1959 Quodsi
1082 1889 1119 1950 de
1143 1907 1221 1950 novo
1245 1894 1400 1950 struantur
1429 1889 1715 1970 prosthaphaersses

377 1993 545 2057 apogaeum
568 1975 688 2059 quidem
711 1985 764 2039 aut
786 1978 891 2040 eodem
914 1978 981 2039 loco
1004 1978 1147 2054 manebit,
1170 1983 1224 2038 aut
1244 1996 1349 2056 parum
1372 1975 1533 2040 admodum
1555 1977 1711 2047 mutabitur,

377 2072 411 2127 at
442 2065 607 2128 variabitur
631 2065 787 2148 proportio
810 2067 1013 2141 cimeliorum,
1037 2067 1140 2130 forsan
1168 2073 1201 2126 et
1229 2066 1297 2146 ipsa
1328 2067 1487 2147 aequantia
1519 2065 1712 2131 eccentricitas

369 2153 513 2216 nonnihil
536 2153 759 2227 emendabitur,
789 2155 833 2217 sic
863 2163 897 2218 ut
918 2157 1066 2218 maximae
1089 2153 1285 2236 aequatioues
1307 2156 1382 2217 liant
1408 2155 1500 2236 paulo
1523 2157 1651 2238 majores
1671 2159 1712 2214 aut

248 2257 254 2274 ·
376 2243 517 2306 minores.
569 2219 708 2306 lianebit
737 2263 904 2326 apogaeum
930 2244 1014 2318 ideo,
1045 2245 1114 2326 quie
1140 2243 1210 2306 nodi
1238 2251 1309 2306 sunt
1339 2245 1402 2306 iere
1431 2243 1461 2330 in
1491 2243 1712 2335 longitudinibus

375 2331 500 2407 mediis,
533 2340 565 2395 et
595 2349 666 2394 vere
694 2333 861 2415 aequaliter
890 2355 909 2396 a
937 2333 1024 2397 nodis
1054 2333 1194 2416 aequalia
1221 2351 1275 2414 per
1304 2333 1508 2401 reductionem
1538 2336 1579 2400 ad
1600 2333 1711 2398 orbitam

375 2429 446 2484 sunt
468 2421 580 2484 addita.
627 2421 795 2485 Mutabitur
818 2423 957 2506 aequatio
981 2422 1112 2485 maxima
1140 2431 1315 2504 propterea,
1346 2422 1418 2504 quia
1447 2442 1502 2504 per
1524 2423 1711 2488 reductionem

376 2509 576 2590 jamdictam
598 2511 684 2573 Mars
707 2513 844 2594 utrinque
874 2520 905 2575 et
934 2513 973 2573 ad
1002 2530 1168 2593 apogaeum
1197 2519 1228 2574 et
1258 2511 1297 2574 od
1325 2512 1499 2593 perigaeum
1527 2514 1647 2595 propius
1667 2509 1713 2572 luit

296 2593 299 2602 ’
375 2599 525 2674 admotus,
549 2617 638 2681 quam
661 2618 693 2661 re
717 2619 789 2662 vera
813 2609 887 2666 erat.
926 2600 1068 2665 Conditio
1092 2619 1164 2662 vero
1188 2599 1301 2662 circelli
1324 2601 1381 2662 hoc
1404 2599 1501 2684 affert,
1526 2611 1560 2664 ut
1583 2603 1608 2664 si
1626 2619 1711 2662 remo-

375 2695 447 2748 veat
468 2689 599 2750 Martem
622 2687 660 2749 ab
684 2707 818 2769 apogaeo
841 2692 879 2754 in·
895 2698 1050 2773 utramque
1074 2697 1208 2770 partem,
1237 2689 1361 2771 propius
1390 2709 1456 2752 eurn
1484 2692 1524 2753 ad
1553 2691 1709 2772 perigaeum

376 2777 538 2840 admoveat
561 2785 613 2839 aut
636 2786 755 2841 contra:
780 2780 882 2862 sicque
906 2780 1052 2842 alterutro
1070 2778 1137 2841 loco
1154 2780 1334 2842 contrarium
1353 2773 1396 2854 ei‚'
1415 2781 1493 2860 quod
1514 2781 1612 2853 debet,
1634 2795 1710 2860 prae-

348 2865 521 2941 ·stabitor,
552 2864 579 2927 si
611 2867 706 2928 solam
737 2869 962 2950 proportionem
993 2869 1182 2931 cimeliorum
1208 2875 1367 2932 mutemus.
1414 2869 1523 2950 itaquo
1554 2869 1668 2932 omniuo
1688 2871 1711 2924 ot

373 2955 471 3036 ipsam
494 2949 729 3018 eccentricitatis
752 2959 950 3038 quantitatem
974 2957 1005 3019 in
1021 2956 1188 3020 subsidium
1201 2958 1349 3019 advocare
1366 2957 1550 3024 debebimus.
1589 2953 1711 3020 Proderit

374 3051 485 3120 autem,
499 3045 578 3124 lianc
594 3046 806 3125 aequationum
826 3047 961 3110 tabulam
985 3045 1146 3129 dupliciter
1170 3047 1331 3110 restituere
1350 3047 1478 3128 primurn
1498 3048 1597 3110 relata
1615 3043 1709 3110 Martis

374 3132 600 3198 eccentricitate
619 3135 657 3196 ad
675 3135 806 3200 medium
823 3137 922 3201 locum
937 3135 1030 3200 Solis.
1058 3138 1126 3198 Hoc
1141 3137 1229 3198 modo
1245 3135 1428 3200 constitutae
1448 3134 1642 3219 aequationes
1657 3133 1710 3196 cal-

374 3223 441 3286 culo
464 3223 577 3285 usitato
601 3225 736 3288 servient
756 3227 901 3308 nobisque
924 3226 1069 3308 prodesse
1084 3232 1228 3306 poterunt
1241 3224 1386 3288 ulteriora
1408 3225 1612 3301 tentantibus3
1636 3223 1710 3285 dilie-

374 3320 442 3374 rent
462 3319 565 3374 tamon
594 3313 786 3379 nihilominus
809 3336 828 3378 a
850 3316 947 3391 veris,
979 3315 1009 3378 in
1035 3315 1112 3379 iocis
1135 3313 1284 3396 aliquibus
1300 3314 1420 3378 circiter
1443 3312 1484 3389 5¹,
1512 3323 1637 3397 propter
1650 3331 1710 3375 cau-

375 3419 440 3462 sam
461 3408 534 3480 post
555 3400 720 3466 dicendam.
767 3405 885 3468 Deinde
901 3407 992 3478 etiam
1006 3406 1064 3468 hoc
1079 3405 1169 3468 modo
1185 3403 1244 3465 erit
1262 3405 1463 3466 construenda
1484 3406 1590 3468 tabula
1612 3421 1711 3484 aequa-

374 3489 499 3563 tionum,
522 3497 558 3551 ut
580 3508 682 3554 omnes
705 3493 833 3572 primum
855 3493 1060 3574 oppositiones
1076 3493 1187 3557 Martis
1209 3500 1241 3554 et
1255 3491 1338 3556 Solis
1361 3493 1539 3558 reducamus
1562 3496 1599 3556 ad
1623 3507 1712 3553 veron

291 3653 294 3658 ἱ
374 3577 473 3638 locum
497 3577 667 3658 oppositum
690 3581 787 3657 Solis,
811 3582 919 3644 deinde
940 3601 994 3662 per
1017 3583 1158 3662 angulum
1179 3580 1385 3646 inclinationis
1401 3583 1560 3646 'maximae
1588 3584 1629 3656 (si
1650 3581 1712 3643 haec

374 3665 592 3745 scrupulositas
615 3669 787 3732 necessaria
818 3670 982 3744 videbitur)
1014 3690 1104 3733 verus
1137 3673 1222 3744 iocus
1254 3672 1410 3752 oppositus
1435 3671 1518 3736 Solis
1549 3673 1607 3736 erit
1634 3669 1712 3732 redu·

373 3755 485 3817 condus
508 3755 547 3816 ad
570 3757 698 3820 orbitam
721 3758 846 3836 Martis,
877 3779 936 3841 qna
959 3760 1132 3824 reductione
1156 3761 1295 3843 nuspiam
1317 3760 1398 3823 ultra
1424 3759 1451 3822 l‘
1476 3759 1541 3825 20⁸
1563 3759 1713 3824 mutabitur

373 3845 458 3906 iocus
481 3842 601 3907 Martis.
654 3847 721 3910 Hoc
749 3857 838 3930 pacto
868 3847 895 3912 si
923 3857 1077 3912 struantur
1105 3869 1153 3915 ex.
1174 3848 1214 3914 10
1245 3849 1508 3914 observationibus
1539 3842 1713 3932 acronychiis

373 3952 471 3996 novae
493 3934 706 4016 aquationes,
738 3938 827 4001 cadet
849 3937 982 4019 ipsamm
1004 3937 1155 4020 apheiium
1184 3940 1266 4012 (loco
1290 3940 1418 4022 apogaei
1440 3940 1518 4002 hanc
1541 3959 1643 4005 vocem
1660 3937 1714 4017 jam

376 4021 541 4098 substituo)
564 4025 594 4086 in
619 4019 713 4113 6⁰q
746 4027 881 4103 circiter,
912 4028 1027 4109 eritque
1058 4027 1268 4092 eccentricitas
1301 4028 1459 4112 aequantis
1491 4050 1511 4091 a
1533 4030 1604 4094 Sole
1636 4024 1714 4108 paolo

415 4147 470 4214 pq,
491 4145 514 4197 ¹,
559 4113 675 4190 minor,
706 4135 794 4197 quam
817 4137 836 4179 a
858 4117 956 4179 medio
989 4118 1056 4194 loco
1080 4116 1172 4180 Solis.
1217 4118 1307 4183 Licet
1329 4118 1360 4181 id
1391 4117 1483 4180 etiarn
1514 4117 1642 4202 experiri
1667 4127 1713 4196 per

397 4225 400 4232 ·
568 4203 752 4284 triangulum
773 4205 869 4281 ABG,
893 4204 944 4268 nbi
966 4207 997 4269 A
1020 4213 1069 4269 est
1091 4206 1207 4269 medius
1230 4206 1315 4271 iocus
1337 4205 1436 4283 Solis,
1459 4209 1485 4270 B
1509 4209 1581 4284 Sol,
1606 4207 1630 4272 O
1652 4221 1714 4266 cen-

568 4299 647 4354 trum
670 4293 863 4376 aequalitatis
886 4293 997 4358 Martis
1026 4297 1122 4370 (more
1145 4296 1304 4372 Ptolem),
1327 4297 1384 4360 AB
1412 4297 1621 4360 eccentricitas
1643 4289 1715 4357 Solis

491 4418 494 4428 ‹
568 4388 648 4458 tota,
676 4390 710 4445 ut
731 4383 878 4446 hactenns
910 4383 965 4446 iiia
987 4384 1044 4446 luit
1066 4393 1239 4467 usurpata„
1265 4382 1323 4448 Ao
1356 4387 1567 4450 eccentricitas
1597 4382 1715 4448 maxima

567 4469 678 4534 Martis
715 4473 861 4534 hactenus
898 4472 1021 4535 credita.
1068 4475 1137 4537 Erit
1166 4493 1237 4556 ergo
1270 4473 1327 4538 ΟΒ·
1360 4476 1569 4540 eccentricitas
1597 4496 1616 4536 a
1642 4469 1713 4535 Sole.

566 4558 651 4625 Bac
675 4561 804 4642 angulus
826 4561 947 4625 circiter
969 4555 1068 4645 aiii„
1093 4573 1235 4646 quantum
1258 4571 1308 4625 est
1334 4563 1412 4627 inter
1434 4559 1473 4629 6⁰
1496 4580 1529 4632 ee
1552 4574 1585 4627 et
1607 4558 1664 4625 24⁰
1685 4563 1713 4631 tl·

567 4650 669 4732 Atque
692 4659 725 4713 ut
747 4650 817 4714 hino
840 4651 994 4714 commode
1013 4651 1052 4714 ad
1070 4652 1101 4716 id
1115 4661 1279 4728 transeam,
1303 4653 1386 4736 cujus
1406 4654 1470 4735 jam
1488 4655 1535 4718 bis
1558 4653 1615 4716 ieci
1638 4665 1714 4713 men·

568 4739 698 4805 tionem:
724 4739 888 4817 sciendum,
912 4741 990 4824 quod
1013 4741 1041 4804 si
1058 4744 1097 4805 ad
1112 4743 1214 4807 Solem
1237 4743 1334 4824 ipsum
1357 4743 1526 4808 referantur
1548 4734 1715 4806 eccentrici-

534 4875 546 4924 ¹„
568 4836 658 4911 tates,
684 4830 715 4894 id
738 4830 828 4894 aliter
850 4829 914 4896 lieri
931 4849 991 4894 non
1014 4833 1121 4914 possit,
1146 4851 1234 4916 quarn
1248 4833 1338 4896 rnodo
1357 4833 1422 4914 jam
1445 4833 1573 4914 depicto,
1597 4829 1715 4909 trajecta
