3606 5562
418 321 482 389 710
953 323 1064 374 Lunata
1079 319 1107 370 Τ.
1126 321 1217 376 Brahet

503 498 576 550 Hanc
594 499 774 550 dedicationem
792 499 900 566 requitur
912 500 1005 566 pagina
1017 513 1117 550 trema:
1139 491 1251 558 ,Tabula
1270 495 1423 566 aquadocia
1441 499 1532 550 ᾱὶοηω
1552 499 1727 550 mturaiinmnl

415 584 507 620 annum
527 567 595 618 1616
615 571 770 634 completum.
789 587 835 636 qno
855 585 920 620 anno
939 585 1076 636 apogaeum
1095 569 1157 620 Solis
1175 571 1272 634 ponitur
1289 572 1314 618 in
1334 565 1364 618 0υ
1376 577 1408 626 ὃ
1427 572 1563 636 completo:
1584 567 1725 635 aquatici?

413 642 522 691 maxim
540 637 570 688 2ο
589 638 613 690 ³¹
633 639 713 699 45”,“
737 643 774 691 his
798 643 926 706 adscriptis
945 643 1039 692 verbis:
1069 641 1182 702 „Absolri
1203 640 1243 690 1⁴.
1263 639 1347 691 Martii
1368 638 1443 692 tttt.
1479 639 1535 692 Non
1554 643 1663 707 usurpari
1677 641 1728 691 illm

412 713 438 761 in
456 712 642 777 Ephsmeridc.“
664 741 696 752 -
715 713 787 764 Hanc
804 713 916 766 tabulam
934 714 1039 777 excipit:

713 875 865 939 Schema
892 874 1149 958 Hypotheseos
1177 847 1450 952 Lnngitndinis.

498 1039 547 1102 Sit
569 1043 599 1104 A
622 1042 733 1117 Terra,
763 1045 789 1106 B
819 1051 953 1104 centrum
983 1042 1140 1104 eccsntrici
1163 1043 1266 1104 Lunae
1291 1041 1395 1115 HDK,
1419 1039 1475 1102 AB
1499 1040 1582 1102 linea
1604 1038 1726 1112 absidum,

411 1128 439 1188 Η
458 1145 631 1210 apogaeum,
656 1133 865 1212 Iperigaeum.
903 1130 1005 1194 Motus
1028 1131 1114 1211 hujus
1138 1131 1234 1192 lineae
1258 1138 1306 1191 est
1323 1131 1353 1191 in
1374 1130 1591 1209 consequentia
1608 1135 1726 1206 apnnctc

569 1291 574 1304 ,
803 1221 1014 1300 aequinoctiali
1038 1239 1127 1300 super
1148 1228 1258 1300 puncto
1272 1222 1302 1280 A
1322 1237 1373 1280 sen
1388 1227 1491 1280 centro
1506 1219 1619 1280 Terrae
1637 1237 1726 1297 aequa-

548 1291 600 1357 F¹ss·
622 1287 662 1341 ¹⁹·
801 1310 888 1383 bilis,
921 1310 1071 1372 restitutio
1099 1328 1242 1370 annornm
1266 1300 1341 1389 8¹l2.
1385 1308 1436 1370 Ad
1468 1307 1621 1370 novilunia
1649 1315 1726 1366 tamen

800 1409 1002 1480 comparatum
1028 1399 1082 1460 hoc
1106 1416 1270 1479 apogaeum
1296 1396 1444 1459 videbitur
1467 1396 1506 1458 ab
1529 1396 1594 1458 illis
1615 1403 1726 1457 renue-

799 1488 884 1562 dere,
920 1487 990 1569 quia
1021 1491 1137 1568 se‘mper
1168 1487 1250 1566 prius
1283 1485 1320 1546 ad
1354 1504 1520 1566 apogaeum
1553 1485 1631 1546 redit
1651 1485 1725 1554 Luna

800 1595 888 1656 qnam
910 1577 949 1640 ad
972 1576 1083 1638 Solem.
1127 1577 1161 1638 In
1191 1574 1357 1636 eccentricc
1387 1581 1543 1638 moveatur
1565 1575 1595 1638 D
1618 1583 1727 1634 centrum

799 1666 924 1746 epicycli
940 1664 996 1727 FG
1018 1663 1184 1746 aequaliter
1207 1665 1287 1726 circa
1307 1661 1331 1726 C
1352 1671 1492 1743 punctum
1513 1663 1643 1744 aliquod,
1666 1661 1725 1741 quud

798 1754 1000 1834 aequaturium
1021 1755 1148 1817 dicunt..
1168 1754 1283 1834 Estque
1306 1752 1437 1833 qualium
1457 1752 1513 1814 BD
1532 1747 1667 1824 100000,
1688 1759 1725 1810 ta-

717 1829 736 1868 ¹
796 1842 867 1905 lium
889 1843 946 1906 BA
969 1840 1075 1916 5074,
1106 1841 1412 1922 compositascilicet
1434 1861 1472 1902 ex
1494 1837 1585 1906 2900
1608 1849 1637 1901 et
1659 1835 1725 1900 titt

796 1931 1027 1995 dimensionibus
1050 1932 1242 2014 Tychonicis,
1271 1931 1431 1994 earundem
1453 1929 1505 1994 BG
1536 1936 1586 1992 est
1608 1925 1685 1992 5800
1704 1940 1725 1986 et

796 2021 851 2084 DE
882 2021 1103 2083 semidiameter
1133 2019 1258 2102 epinycli
1288 2017 1375 2082 2174
1398 2029 1431 2080 ut
1460 2019 1541 2099 apud
1565 2017 1723 2102 Tychonem.

399 2101 536 2184 Epicycli
560 2117 658 2170 motus
682 2110 752 2172 talis
779 2117 844 2172 est:
877 2111 917 2172 sit
939 2109 994 2171 DE
1020 2110 1165 2172 diameter
1195 2111 1222 2170 in
1248 2109 1329 2170 omni
1350 2108 1410 2170 situ
1434 2107 1563 2189 epicycli
1585 2106 1724 2188 parallelos

316 2243 319 2251 ,
400 2191 439 2251 ad
462 2191 507 2254 HI
539 2194 647 2259 lineam
680 2198 834 2274 absidum,
866 2207 1036 2262 monstrans
1069 2199 1193 2281 epicyoli
1225 2204 1336 2278 puncta
1364 2197 1523 2260 eccentrici
1554 2215 1679 2278 apogaen
1702 2201 1724 2252 et

400 2281 542 2360 perigaeo
561 2288 783 2364 respondentia,
807 2296 841 2350 nt
862 2289 889 2350 E
907 2288 1092 2370 respopdens
1116 2295 1224 2368 puncto
1248 2287 1260 2348 l
1283 2287 1445 2367 perigaeo;
1469 2285 1551 2366 quod
1572 2285 1723 2366 perigaenm

398 2367 527 2450 epinycli
551 2372 650 2436 dicere
674 2395 788 2452 vereor,
813 2378 892 2458 quod
915 2377 1009 2439 abusu
1032 2377 1115 2438 vocis
1139 2378 1280 2439 lectorem
1302 2375 1395 2438 nolim
1417 2375 1610 2450 confundere,
1633 2371 1722 2454 quial)

317 2471 323 2488 ¹
396 2457 465 2520 inI
495 2463 676 2540 transpositu
691 2465 725 2526 «E
749 2467 878 2528 omnium
903 2465 1028 2546 epicycli
1056 2473 1231 2546 punctorum
1260 2465 1434 2544 longissime
1458 2463 1495 2525 ab
1517 2465 1550 2526 A
1574 2461 1679 2535 aberit,
1701 2467 1723 2520 et

397 2545 441 2607 sic
474 2549 596 2629 antiqua
624 2552 707 2613 vocis
739 2554 859 2616 notione
892 2553 1025 2632 ἀπογειον
1057 2555 1210 2616 efficietur.
1257 2554 1290 2614 In
1319 2555 1375 2616 hoc
1402 2553 1544 2632 igiturE
1572 2560 1675 2634 puncto
1693 2547 1722 2608 sit

397 2653 504 2714 corpus
527 2637 630 2698 Lunae
655 2641 771 2720 quoties
795 2651 928 2704 centrum
953 2641 1078 2724 epicycli
1101 2644 1129 2704 D
1153 2644 1182 2706 in
1214 2643 1322 2706 lineam
1342 2661 1398 2722 per
1419 2643 1450 2706 A
1473 2643 1601 2704 Terram
1622 2649 1651 2701 et
1669 2657 1721 2698 ccr-

396 2742 452 2804 pus
467 2722 549 2785 Solis
565 2727 703 2809 utrinque
720 2731 895 2810 productam
918 2731 1033 2802 incidit,
1057 2731 1086 2794 in
1111 2733 1246 2795 omnibus
1264 2731 1381 2794 scilicet
1403 2730 1567 2794 noviluniis
1590 2738 1621 2792 et
1641 2725 1720 2810 pleni·

397 2810 496 2874 inuiis.
541 2813 591 2877 Ab
622 2816 679 2879 hac
708 2817 789 2882 linea
815 2829 958 2901 qnantum
988 2830 1121 2884 centrum
1151 2821 1277 2903 epinycli
1299 2821 1327 2884 D
1352 2819 1516 2900 digreditur
1544 2829 1628 2882 motu
1649 2817 1719 2878 adh

397 2909 591 2982 comparato,
624 2906 713 2987 duplo
742 2909 830 2989 hujus
859 2910 960 2990 anguli
988 2929 1095 2992 corpus
1118 2911 1222 2973 Lunae
1253 2910 1290 2972 ab
1313 2909 1340 2970 Ε
1363 2929 1471 2972 versus
1492 2907 1522 2972 G
1546 2907 1718 2989 digrediatur.

395 2991 438 3054 Ut
470 2991 496 3053 si
525 2992 608 3054 linea
639 3015 693 3076 per
722 2999 846 3061 Temam
878 3008 911 3060 et
942 2998 1043 3062 Solem
1076 3000 1116 3062 sit
1145 3001 1205 3062 ΑΚ
1237 2999 1267 3062 in
1299 2998 1548 3062 antecedentibus
1580 2997 1718 3078 signomn,

395 3088 523 3162 quantus
547 3092 595 3144 est
618 3105 704 3148 arcus
727 3087 830 3162 KHD,
856 3089 882 3150 si
906 3106 943 3149 ex
964 3089 994 3153 A
1018 3088 1187 3168 descriptus
1211 3095 1309 3162 esset,
1340 3088 1429 3168 duplo
1452 3089 1550 3168 major
1574 3087 1630 3148 erit
1651 3101 1718 3144 arcus

395 3167 491 3244 EGF,
514 3177 545 3231 et
568 3173 654 3236 Luna
677 3173 706 3236 in
730 3178 764 3238 F.
810 3179 896 3240 Hanc
920 3177 1099 3260 hypothesin
1123 3178 1190 3240 dico
1214 3176 1391 3240 satisfacere
1414 3176 1537 3257 placide
1561 3171 1718 3258 Tychcniris

395 3257 431 3319 de
455 3258 558 3320 Lunae
582 3262 710 3325 motibus
733 3267 772 3327 ad
796 3286 902 3329 sensns
927 3265 1133 3328 subtilitatem.
1180 3269 1258 3329 Nam
1282 3267 1360 3348 qnod
1384 3267 1486 3348 Tycho
1509 3286 1570 3327 non
1592 3261 1717 3346 ipsinsD

394 3349 505 3425 puncti,
531 3349 584 3410 Sed
607 3352 696 3431 paulo
721 3355 811 3418 aliam
835 3355 1010 3418 distantiam
1033 3357 1070 3418 ab
1084 3357 1144 3418 ΑΚ
1167 3356 1292 3418 adhibet
1314 3357 1363 3430 (ut
1384 3364 1479 3436 patet,
1504 3355 1530 3417 si
1554 3349 1716 3434 comparatio

394 3435 568 3499 instituatur
582 3439 805 3518 subtilissima),
828 3445 903 3507 nihil
922 3453 1021 3507 umen
1038 3445 1129 3506 verbo
1148 3445 1270 3524 dignum
1292 3443 1322 3506 in
1347 3444 1483 3506 effectum
1505 3443 1576 3506 hinc
1598 3441 1715 3506 resultat

377 3523 466 3622 ¹Plus
490 3525 618 3588 fortasse
642 3532 774 3593 movebit
796 3532 948 3609 lectorem,
973 3533 1050 3614 quod
1067 3534 1262 3616 aequationes
1282 3533 1412 3596 eccentri
1435 3532 1584 3596 maximae
1606 3533 1635 3594 in
1657 3545 1716 3610 qna-

394 3612 524 3674 dratnris
548 3616 666 3679 circiter
689 3621 927 3703 sesquiscrnpnlo
950 3623 1079 3702 majores
1108 3625 1180 3684 liunt
1203 3622 1402 3705 Tychonicis;
1430 3622 1519 3704 idque
1543 3629 1661 3703 propter
1680 3636 1713 3687 ea,

391 3719 466 3782 quae
498 3702 682 3784 Ooperoicns
712 3709 788 3771 libro
817 3712 856 3775 V.
887 3730 951 3792 cap.
983 3709 1013 3774 d.
1047 3711 1127 3773 circa
1158 3707 1286 3773 medium
1319 3711 1546 3775 demonstravit.
1594 3709 1713 3772 Ceterum

391 3791 471 3853 sciat
492 3791 597 3869 lector,
621 3796 677 3858 hoc
697 3799 836 3880 quicquid
855 3809 903 3863 est
916 3821 934 3861 a
949 3821 996 3862 me
1015 3820 1074 3863 nnn
1097 3802 1280 3885 necessitate
1304 3803 1359 3862 sed
1381 3799 1711 3882 consilio'praeteritum.

388 3879 490 3942 Facile
513 3880 591 3944 enim
615 3884 645 3946 id
668 3905 774 3949 cavere
796 3891 975 3969 potuissem,
999 3889 1025 3951 si
1047 3908 1101 3970 pro
1124 3885 1228 3966 8700,
1259 3890 1309 3970 qni
1333 3888 1467 3972 Tychoni
1489 3889 1520 3952 in
1543 3882 1712 3972 quadraturis

389 3978 517 4049 tangens
549 3980 609 4048 est,
643 3973 740 4038 sinum
772 3975 858 4052 8867
890 3980 1058 4059 elegissem.
1105 3979 1150 4041 At
1182 3981 1253 4059 quid
1283 3999 1358 4060 opus
1386 3979 1458 4042 mihi
1490 3979 1548 4040 fuit
1575 3979 1671 4042 rudem
1689 3979 1712 4032 ct

390 4077 530 4159 asperum
548 4079 701 4126 nnmerum
716 4067 873 4145 repudiato
888 4069 1056 4150 Tychonico
1080 4069 1249 4130 adsciscere
1271 4078 1394 4150 propter
1416 4067 1570 4130 tantillam
1592 4067 1712 4128 differen-

389 4155 462 4210 tiam
487 4149 737 4232 sesquiscrnpuli,
771 4175 835 4218 cum
859 4157 961 4238 Tycho
988 4158 1053 4237 ipse
1077 4175 1220 4220 summam
1245 4156 1508 4239 scrupulositatem
1529 4152 1712 4220 tractabilium

389 4244 420 4298 et
444 4240 635 4302 rotundorum
658 4261 846 4306 numerorum
874 4246 1058 4328 compendiis
1080 4249 1294 4328 postposuerit.
1341 4248 1421 4310 Nam
1443 4247 1559 4308 fortuiti
1582 4265 1638 4308 non
1658 4245 1712 4304 suut

390 4326 419 4386 hi
442 4329 555 4390 numeri
578 4326 679 4404 8700,
705 4328 809 4407 5800,
834 4331 939 4410 2900,
971 4353 1093 4416 qnorum
1115 4337 1227 4416 primus
1250 4337 1332 4398 tertii
1355 4336 1462 4417 triplus
1490 4344 1554 4411 cst,
1586 4329 1711 4398 secundus

389 4415 528 4495 duplus*
553 4415 654 4488 Quare
683 4420 775 4482 malni
805 4421 1005 4486 dimensiones
1034 4424 1219 4505 uyehomeas
1249 4425 1377 4488 retinere
1410 4444 1476 4488 cum
1509 4423 1615 4488 calculi
1643 4436 1710 4482 ccm-

389 4505 515 4584 pendio,
553 4525 639 4586 quam
675 4511 715 4571 ad
750 4509 846 4590 ipsam
883 4513 1006 4578 effectus
1038 4513 1199 4598 Tychonici
1237 4514 1437 4578 subtilitatem
1472 4513 1626 4595 adspirare
1659 4509 1709 4570 sine

392 4595 575 4657 necessitate
599 4599 769 4680 praecipua.
1313 4652 1316 4662 ,

476 4683 615 4746 Variatio
638 4689 809 4768 Tychonica
838 4689 957 4770 proprie
987 4700 1035 4753 est
1062 4692 1202 4754 accidens
1231 4699 1330 4754 motus
1358 4691 1457 4754 medii.
1503 4691 1582 4754 Nam
1604 4686 1650 4770 qni
1669 4701 1709 4744 ce·

390 4772 462 4832 teris
485 4773 616 4852 planetis
639 4784 737 4840 motus
761 4777 876 4842 medius
900 4787 957 4855 est,
980 4780 1084 4843 Lnnac
1102 4801 1161 4843 non
1181 4789 1236 4843 est.
1275 4780 1402 4851 Quoties
1426 4779 1504 4842 enim
1523 4780 1608 4842 Luna
1628 4773 1708 4836 lineae

305 4919 310 4934 ,
389 4859 448 4920 ΑΚ
471 4878 525 4940 per
543 4863 666 4928 Terram
683 4874 714 4930 et
728 4866 829 4932 Solem
852 4871 1020 4932 transeunti
1044 4869 1272 4951 appropinquat,
1296 4869 1352 4954 etsi
1375 4871 1465 4952 plane
1489 4870 1520 4932 in
1542 4861 1708 4933 concentrico
