3558 5538
692 325 898 428 ‚neuma
1390 342 1458 416 ‘ost
1563 441 1566 448 1
1679 305 1682 312 ’

120 561 221 606 mense
252 537 372 622 turgido
404 547 435 602 et
465 542 554 621 pleno
587 537 751 602 retardatio
784 538 815 600 in
852 553 985 618 apogaeo
1020 507 1154 617 aequalis
1186 540 1234 594 est
1265 515 1463 592 retardationi

119 641 304 706 menstruae,
331 631 378 692 vel
400 630 471 712 qnia
492 625 535 693 56
560 629 695 714 synodici
718 626 901 709 respondent
922 623 1083 707 periodicis
1107 621 1165 696 60,
1190 631 1238 684 est
1260 619 1351 700 igitur
1375 619 1463 700 quin-

120 723 237 784 decima
259 728 345 803 parte
374 720 479 782 minor.
525 721 589 783 Imo
620 717 696 782 nihil
725 711 777 778 hic
805 717 894 796 agis.'v
926 717 1006 778 Nam
1028 713 1163 796 synodici
1187 711 1299 792 gradus
1323 710 1463 790 aequatio
1550 749 1555 760 ·

1 885 2 894 χ
120 812 213 874 etiam
237 810 386 873 censenda
407 817 455 870 est
485 803 516 871 id
543 807 685 890 gradibus
714 814 745 867 et
771 805 892 868 minutis
917 803 1077 887 synodicis.
1124 803 1219 880 Igitur
1241 799 1353 881 gradus
1376 798 1463 860 unius
1496 883 1499 890 Ι

118 901 208 981 primi
231 899 370 981 aequatio
394 897 520 980 physica
542 907 590 961 est
611 895 644 959 2¹
668 893 742 970 38³¹,
774 903 927 958 menstrua
950 895 1041 955 etiam
1064 889 1096 954 2¹
1120 887 1194 964 38‘2
1225 899 1259 952 at
1273 888 1408 950 variatio
1433 885 1465 948 2¹

119 988 185 1054 521¹
208 988 359 1074 Tychoni,
394 995 427 1048 at
458 1007 496 1048 ex
518 987 682 1068 appendice
709 982 770 1048 132
794 986 827 1045 lit
849 985 921 1046 mihi
946 979 976 1046 3‘
1000 979 1064 1046 34¹¹
1083 977 1175 1044 ἰ10’”.
1221 981 1317 1060 Igitur
1340 977 1466 1058 physica

119 1078 239 1161 quidem
264 1087 295 1139 et
316 1072 470 1139 mens'trua
492 1083 572 1138 teste
595 1075 780 1156 experientia
803 1082 873 1135 sunt
895 1073 1052 1155 aequales,
1081 1079 1114 1133 at
1136 1070 1233 1149 major
1256 1077 1304 1132 est
1326 1067 1464 1130 variatio.

209 1167 244 1230 Si
267 1166 362 1246 major
380 1155 522 1240 variatio,
541 1185 599 1227 non
619 1165 711 1244 igitur
727 1182 843 1225 omnem
866 1162 1072 1225 incitationem
1095 1157 1235 1222 exhaurit
1258 1155 1466 1220 eccentricitas

119 1257 149 1319 in
175 1276 320 1338 apogaeo,
343 1273 399 1318 nec
423 1257 511 1337 plane
535 1255 667 1336 duplicat
690 1254 719 1314 in
742 1253 899 1333 perigaeo,
924 1251 1067 1332 relinquit
1090 1249 1167 1312 enim
1190 1249 1251 1310 illic
1276 1255 1412 1330 quartam
1436 1252 1468 1306 et

119 1347 170 1408 hic
193 1347 247 1408 dat
275 1340 321 1429 'lp
364 1345 433 1407 Dici
456 1345 500 1407 sic
523 1353 646 1424 posset:
679 1343 839 1404 intervallo
868 1342 987 1423 quidem
1010 1339 1108 1402 medio
1135 1335 1264 1402 100000
1287 1337 1379 1398 etiam
1401 1335 1465 1396 lor-

119 1435 229 1498 tifioari
252 1435 381 1516 speciem
409 1435 564 1496 motricem
593 1433 763 1508 alumine,
796 1439 828 1493 at
850 1432 895 1493 illi
922 1451 988 1493 cum
1012 1437 1172 1509 augmento
1201 1428 1248 1487 vel
1273 1423 1467 1488 diminutione

120 1525 273 1588 intervalli
297 1525 469 1585 accrescere
493 1516 690 1604 compositum
713 1521 783 1604 quid
806 1539 844 1582 ex
865 1529 990 1603 utraque
1006 1539 1117 1606 pausa,
1139 1526 1174 1581 ιι
1197 1513 1240 1579 sic
1260 1524 1291 1577 et
1305 1515 1415 1576 Terrae
1439 1522 1470 1574 et
1507 1595 1509 1598 Ι

120 1615 205 1677 Solis
228 1614 343 1675 ratione
367 1605 541 1675 debilitetur
564 1612 612 1673 vel
635 1611 837 1686 confirmetur,
871 1611 948 1673 forte
973 1629 1010 1671 ex
1041 1628 1144 1690 aequo,
1170 1615 1202 1669 at
1224 1607 1254 1668 in
1276 1623 1378 1668 mense
1401 1611 1468 1664 tur-

121 1711 212 1784 gente
241 1703 330 1783 duplo
360 1701 548 1784 aequationis
578 1701 725 1783 physicae·
753 1701 837 1780 argui
867 1700 1110 1781 proportionem,
1144 1697 1221 1779 quod
1250 1716 1293 1758 sc.
1318 1693 1372 1757 Sol
1395 1692 1469 1753 duas

121 1802 236 1874 partes,
262 1792 356 1853 Terra
370 1811 459 1853 unam
474 1791 578 1853 faciat.
610 1793 711 1870 Atque
724 1790 782 1852 hoc
801 1797 850 1851 est
871 1797 975 1852 contra
996 1790 1065 1851 illos
1091 1780 1196 1871 13211Ι
1205 1781 1226 1848 ⁰.
1271 1797 1363 1850 Nota:
1386 1789 1414 1848 2.
1432 1785 1470 1847 52

122 1891 168 1937 ert
189 1885 225 1938 ad
245 1878 273 1954 2.
290 1877 327 1936 38
347 1889 380 1937 ut
403 1877 436 1938 11
459 1885 495 1936 ad
517 1877 562 1938 10.
606 1881 784 1952 Quiaigitur
803 1897 854 1952 per
874 1877 903 1936 2¹
921 1877 984 1946 ,52“
1006 1879 1161 1951 colligimus
1182 1878 1211 1932 in
1231 1893 1303 1932 anno
1327 1868 1398 1930 106⁰
1413 1869 1470 1939 22‘,

122 1981 192 2036 ergo
213 1981 273 2036 per
285 1958 312 2019 2.
330 1958 366 2018 08
389 1963 551 2034 colligemus
573 1956 629 2034 ilit‘¹
647 1962 764 2019 circiter.
783 1987 824 2001 -
876 1997 897 2036 3

253 2166 304 2228 ne
334 2166 538 2230 latitudine
567 2166 695 2229 Lunae
723 2167 758 2229 in
782 2124 993 2245 eclipsibus.
1033 2160 1092 2227 aa.
1117 2161 1223 2228 marcu
1249 2156 1342 2227 toto.

215 2327 250 2392 T.
274 2327 374 2389 Brahe
397 2329 557 2410 Progymn
582 2329 617 2389 T.
637 2328 661 2390 Ι.
687 2328 707 2388 f.
731 2323 813 2412 130..
827 2327 940 2390 inserto
964 2325 1000 2387 de
1023 2323 1182 2388 latitudine
1205 2323 1231 2396 b
1257 2326 1286 2388 in
1311 2321 1472 2410 eclipsibus

123 2416 276 2510 praecipit
299 2416 362 2478 sic:
384 2419 480 2499 Neque
501 2429 573 2483 enim
593 2445 662 2500 opus
683 2435 727 2483 est
740 2428 832 2500 longis
854 2429 1027 2500 ambagibus,
1049 2433 1081 2481 ιι
1095 2425 1175 2492 alias,
1198 2425 1330 2498 siquidem
1344 2426 1371 2479 in
1384 2423 1473 2494 pleni·

124 2518 203 2572 lunio
224 2533 290 2571 vero
315 2517 574 2589 prosthaphaeresis
599 2520 729 2572 nodomm
750 2518 853 2572 nullam
879 2518 1065 2572 diversitatem
1085 2515 1205 2570 inducat.
1251 2505 1317 2566 Hoc
1341 2503 1420 2564 idem
1444 2510 1475 2562 et

126 2615 185 2677 ego
218 2596 369 2657 hactenus
387 2597 417 2657 in
441 2596 663 2676 computatione
694 2597 848 2676 eclipsium
880 2616 946 2659 cum
979 2597 1087 2676 angulo
1119 2593 1223 2676 majori
1256 2613 1321 2656 aum
1353 2599 1474 2653 secutus

131 2684 275 2747 feliciter.
312 2684 374 2748 Sed
390 2704 454 2747 cum
479 2686 762 2767 prosthaphaeresis
779 2687 922 2748 nodorum
938 2681 979 2766 sit
992 2684 1125 2768 Tychoni
1142 2693 1306 2756 menstrua,
1330 2681 1475 2761 incipiens

127 2795 148 2836 a
163 2774 280 2854 copulis
298 2774 388 2846 veris,
412 2774 484 2837 mihi
501 2795 608 2847 annua,
632 2775 777 2853 incipiens
793 2775 831 2837 ab
846 2775 1016 2838 obviatione
1034 2772 1073 2852 Θ
1091 2779 1131 2849 gt,
1157 2772 1226 2835 hinc
1241 2775 1315 2836 adeo
1332 2771 1474 2854 sequitur,

127 2887 147 2925 a
170 2883 218 2926 me
242 2863 527 2944 prosthaphaercsin
557 2866 701 2925 nodorum
732 2865 843 2943 negligi
867 2885 925 2926 non
952 2883 1060 2942 posse,
1095 2870 1149 2924 aut
1178 2863 1385 2942 corrigendum
1408 2879 1475 2922 esse

126 2962 336 3034 praeceptum.
383 2953 416 3016 Si
447 2951 574 3014 adhibeo
605 2952 891 3034 prosthaphaeresin
923 2953 1068 3015 nodomm
1096 2953 1126 3012 in
1155 2951 1335 3032 eclipsibus,
1367 2969 1476 3029 magna

119 3041 266 3128 ⁴seqnitur
288 3042 374 3103 ruina
397 3043 426 3104 in
447 3042 575 3122 eclipses
597 3042 743 3122 partiales
757 3041 897 3120 Solisque
921 3041 1044 3116 totales,
1067 3039 1149 3102 utin
1173 3039 1280 3121 quibus
1303 3039 1475 3120 plerumque

127 3151 223 3213 penes
252 3150 308 3194 nos
338 3130 425 3193 Luna
452 3131 487 3192 fit
510 3128 529 3194 3
553 3131 700 3210 scrupulis
730 3131 760 3192 in
790 3139 938 3192 ιιειιιιιΙ
955 3129 1136 3211 depressior.
1182 3128 1241 3190 Est
1270 3146 1341 3207 ergo
1372 3128 1476 3209 pensi·
1557 3127 1560 3132 '

129 3220 290 3283 eulandum
312 3229 505 3300 praeceptum
522 3221 738 3299 computandae
757 3220 925 3282 latitudinis
939 3219 969 3281 in
984 3219 1194 3302 Rudolphinis,
1219 3225 1251 3278 et
1265 3217 1476 3278 conferendum

130 3329 199 3372 cum
222 3295 381 3391 hypothesi
403 3309 538 3392 physica.
584 3309 716 3373 Primum
739 3310 808 3392 hyp.
830 3309 956 3392 physica
969 3308 1127 3389 Epitomes
1148 3308 1172 3388 1.
1189 3302 1263 3370 620.
1288 3307 1377 3387 plane
1401 3325 1476 3367 con-

131 3399 228 3461 sentit
251 3397 339 3460 modo
363 3399 565 3479 computandi,
589 3395 676 3481 quem
695 3400 839 3461 hactenus
863 3399 1005 3478 usurpavi
1024 3399 1054 3460 in
1079 3395 1250 3477 eclipsibus,
1274 3405 1309 3458 ut
1328 3405 1360 3457 et
1374 3395 1476 3478 Tyoho

132 3494 290 3569 computat
312 3507 366 3568 per
389 3507 474 3549 suum
498 3489 646 3567 angulum.
684 3489 764 3552 Nam
786 3507 864 3568 pono
880 3487 985 3550 fibram
1006 3485 1174 3552 latitudinis
1198 3485 1336 3550 inclinari
1360 3504 1478 3566 semper

132 3579 244 3658 angulo
268 3574 318 3640 5⁰.
363 3575 425 3639 Sed
449 3595 513 3639 cum
537 3579 611 3639 haec
633 3577 788 3639 inclinatio
808 3587 855 3639 est
877 3578 906 3639 in
930 3577 1058 3657 copulis,
1083 3585 1153 3639 tunc
1176 3577 1259 3638 illam
1283 3573 1437 3638 fortificari
1460 3595 1478 3634 a

132 3667 254 3743 lumine,
278 3673 311 3728 ιι
333 3667 387 3728 fiat
409 3665 544 3746 expulsio
568 3673 710 3747 tanquam
733 3669 840 3748 angulo
864 3663 902 3730 5⁰
927 3665 987 3742 18‘,
1013 3674 1155 3748 quantum
1185 3667 1276 3728 etiam
1297 3665 1385 3728 Luna
1407 3673 1478 3726 tunc

132 3755 306 3836 assequitur
335 3754 365 3816 in
393 3755 525 3835 quadris.
570 3757 677 3837 ltaque
709 3755 766 3818 hoc
799 3756 892 3818 habet
922 3757 1099 3839 hypothesis
1128 3756 1269 3838 physica,
1286 3753 1478 3832 ,latitudines

132 3843 292 3928 provenire
317 3863 359 3909 ex
377 3845 486 3924 angulo
510 3841 548 3908 5⁰
571 3843 603 3908 θ’
625 3845 655 3905 vi
677 3846 818 3908 fibrarum
841 3846 922 3922 sola,
954 3846 1009 3907 sed
1032 3846 1061 3907 vi
1084 3845 1202 3908 luminis
1235 3865 1288 3907 eas
1320 3844 1477 3924 provenire

133 3953 174 3996 ex
198 3935 307 4014 angulo
331 3929 369 3995 5⁰
395 3932 454 3997 18’Ι
490 3934 547 3995 ’Νι
579 3953 651 3995 vero
684 3934 749 4014 quis
781 3930 949 4010 existimet,
984 3935 1010 3997 si
1040 3935 1166 4016 angulus
1191 3931 1229 3998 5⁰
1259 3942 1307 3996 est
1337 3932 1478 3995 fibrarum

133 4025 285 4104 ipsarum,
316 4031 476 4102 propterea
508 4021 683 4085 latitudines
710 4023 784 4104 ipsis
808 4025 922 4104 copulis
945 4025 1101 4105 provenire
1123 4043 1162 4086 ex
1185 4024 1293 4104 angulo
1318 4019 1367 4096 5⁰;
1391 4021 1478 4104 quasi

134 4113 210 4174 nihil
235 4113 355 4192 adjutas
378 4112 503 4186 lumine,
532 4122 692 4192 propterea
715 4113 783 4193 quia
806 4114 905 4176 lumen
921 4136 947 4175 a
969 4114 1083 4194 copulis
1107 4114 1239 4194 incipiat.
1282 4113 1377 4176 Secus
1401 4111 1478 4172 enim
1599 4155 1602 4170 .

136 4221 171 4264 se
195 4219 244 4263 res
266 4201 365 4263 habet
410 4200 601 4282 Computatio
625 4201 742 4284 quidem
765 4203 870 4283 incipit
893 4223 911 4264 a
934 4201 1057 4284 copulis,
1082 4223 1209 4285 sequens
1233 4199 1478 4264 accumulationis
1567 4203 1568 4206 ’

136 4291 375 4372 adjumentorum
408 4290 503 4370 leges.
549 4292 594 4354 At
622 4291 719 4354 lumen
752 4293 877 4372 ampliat
908 4292 1047 4372 angulum
1080 4302 1143 4354 toto
1175 4312 1210 4353 eo
1238 4302 1389 4373 tempore,
1421 4308 1478 4370 quo

136 4381 226 4443 Luna
248 4399 286 4459 ert
309 4380 423 4460 quadra
453 4399 506 4460 per
538 4381 674 4460 copulam
702 4381 732 4444 in
757 4381 900 4462 quadram
932 4385 1060 4457 transit,
1095 4391 1125 4442 et
1155 4381 1280 4462 ampliat
1312 4380 1393 4440 illum
1425 4395 1479 4457 pro

137 4469 259 4532 modulo
281 4467 515 4550 propinquitatis
541 4469 611 4531 nodi
635 4471 673 4531 ad
696 4471 843 4554 copulam.
890 4469 966 4534 Cum
995 4480 1094 4534 autem
1123 4470 1241 4532 termini
1269 4469 1400 4548 ecliptici
1424 4485 1479 4527 ex-

138 4567 262 4622 currant
283 4576 376 4638 usque
395 4557 435 4619 ad
451 4555 510 4622 17ο
525 4555 585 4632 19‘,
611 4559 741 4621 intanta
763 4559 925 4623 remotione
945 4561 1015 4623 nodi
1034 4559 1138 4622 aSole
1162 4558 1329 4620 latitudinis
1352 4557 1479 4636 angulus

138 4650 174 4710 lit
196 4645 235 4712 5⁰
261 4647 310 4710 17⁴
337 4645 408 4710 10”.
454 4646 523 4709 Etsi
546 4647 637 4727 igitur
659 4648 775 4710 Lunam
805 4657 886 4712 totos
912 4646 975 4712 17⁰,
995 4646 1046 4713 19⁴
1073 4658 1242 4730 pateremur
1265 4669 1284 4709 a
1306 4647 1382 4710 nodo
1407 4665 1481 4706 eva-

141 4737 218 4819 gari,
243 4735 368 4800 latitudo
393 4737 458 4816 ejus
481 4755 541 4798 uon
566 4737 677 4816 majore
707 4737 825 4802 modulo
857 4759 945 4820 quam
978 4735 1029 4802 15’
1056 4737 1141 4799 lieret
1169 4737 1281 4812 minor;
1315 4755 1381 4798 cum
1409 4753 1481 4796 vero

141 4827 357 4908 eclipsationes
379 4837 438 4887 non
461 4825 578 4905 longius
609 4834 736 4906 pateant
758 4846 777 4888 a
799 4829 906 4908 copula
936 4847 1024 4910 quam
1048 4825 1086 4889 1⁰
1108 4819 1170 4901 36⁴,
1194 4834 1280 4909 patet
1308 4827 1345 4888 ob
1368 4825 1400 4888 id
1422 4843 1483 4888 non

142 4914 241 4979 deteri
263 4913 354 4994 plena
376 4911 418 4977 2⁴⁴
440 4913 566 4979 ulterim
589 4915 626 4976 de
649 4915 806 5003 latitudine
828 4917 859 4982 in
881 4918 951 5000 ipsa
971 4911 1176 4999 eclipsatioire.
1330 4911 1331 4914 ’
