3672 5538
610 274 671 330 rm
689 277 780 330 rome.
819 277 900 346 oque
917 277 1025 332 rmum
1423 265 1487 336 319

144 453 314 536 eclipticam
335 454 365 516 in
388 454 465 518 locis
488 475 526 518 cx
549 453 621 520 Sole
650 458 796 539 oppositis
826 468 948 534 secant,
980 456 1058 540 qnod
1090 476 1181 537 snpra
1212 472 1277 535 cap.
1301 451 1373 516 XII.
1395 449 1484 514 XIII.

143 545 229 606 XIV.
254 544 291 606 de
314 545 414 608 Marte
446 563 484 606 ex
511 547 772 612 observationibus
795 557 843 612 est
873 550 1118 612 demonstratum
1163 545 1244 626 Ergo
1278 552 1310 605 et
1341 541 1485 604 diameter

143 633 299 696 libraturia
321 629 359 712 γζ
377 653 482 697 versus
498 633 601 698 Solem
624 635 721 717 ipsum
745 638 851 713 tendit,
875 645 908 701 et
924 637 1099 702 latitudines
1123 633 1225 698 Solem
1247 630 1365 696 omnino
1389 629 1487 709 respi-

145 723 235 786 ciunt.
273 721 344 785 Etsi
367 723 424 785 boo
447 744 562 806 quoqne
586 725 623 788 de
647 725 805 790 latitudine
828 728 908 790 infra
929 733 1015 808 parte
1031 726 1070 787 V.
1095 744 1115 786 a
1137 723 1268 788 mentis
1290 719 1427 802 partibus
1450 718 1489 780 ad
1587 719 1597 740 ⁶

143 819 303 876 naturae
326 820 430 893 partes
454 821 486 875 et
508 813 740 895 magneticas
762 817 973 880 facultates
996 835 1062 878 sum
1084 813 1284 877 traducturus.
1329 810 1395 872 Nec
1417 807 1490 870 mihi

145 901 201 964 lroc
224 901 348 974 dixeris,
372 901 480 983 oppido
496 922 619 984 parvam
642 923 710 967 esse
733 905 811 968 banc
825 905 907 969 Solis
930 905 1108 968 diametrum
1135 903 1256 982 ejusque
1283 897 1489 970 variationem,

143 999 176 1052 ut
206 1010 260 1073 pro
290 989 395 1072 regula
423 1011 491 1054 esse
521 1012 580 1056 non
609 993 716 1072 possit.
771 992 895 1058 Certum
925 995 1005 1058 enim
1034 1001 1099 1070 est,
1128 993 1159 1054 in
1188 989 1270 1055 nullo
1299 989 1489 1070 planetarum

143 1079 262 1162 penitus
294 1099 486 1144 evanescere.
534 1081 610 1147 (inm
642 1083 721 1146 enim
744 1083 774 1146 in
797 1085 892 1148 Terra
919 1085 961 1148 sit
983 1081 1047 1156 301,
1076 1084 1106 1145 in
1129 1081 1231 1144 Marte
1264 1076 1411 1142 obtinebit
1437 1072 1490 1148 20,

142 1170 173 1232 in
195 1167 272 1232 Iove
299 1169 330 1242 t,
353 1169 384 1231 in
407 1169 538 1235 Saturno
562 1167 593 1247 3,
617 1180 651 1235 at
672 1171 702 1236 in
726 1174 845 1236 Venere
860 1169 913 1248 40,
937 1173 969 1236 in
990 1171 1142 1236 Metennio
1164 1171 1252 1252 plane
1267 1165 1321 1242 80,
1345 1173 1376 1229 et
1397 1183 1491 1245 usqne

96 1287 102 1301 ¹
145 1255 282 1323 ad120.
328 1259 433 1339 Neque
458 1260 494 1322 de
517 1260 668 1341 parvitate
691 1262 780 1343 hujus
812 1263 959 1343 corporis,
989 1262 1043 1350 sed
1065 1263 1102 1324 de
1126 1277 1267 1324 sensuum
1297 1256 1495 1319 humanorum

145 1349 247 1430 inepta
268 1348 408 1413 crassitie
432 1368 568 1429 querere,
592 1351 640 1430 qui
664 1352 702 1413 ad
725 1359 788 1414 tam
810 1371 906 1432 parva
928 1351 1119 1432 percipienda
1140 1368 1200 1412 nou
1223 1353 1395 1427 sequnntur.

231 1436 311 1502 Ecce
333 1437 391 1501 hoc
414 1439 701 1520 quantulumcunque
716 1461 825 1521 corpus
850 1450 952 1522 aptum
976 1448 1077 1504 tamen
1100 1447 1159 1512 est,
1183 1437 1262 1517 quod
1277 1435 1306 1498 in
1327 1432 1491 1516 superiori-

145 1527 200 1590 bus
224 1527 437 1603 demonstravi,
461 1528 501 1590 ad
523 1529 672 1592 movenda
694 1529 723 1592 in
746 1531 887 1594 circulum
911 1539 975 1594 tam
999 1537 1115 1594 remota
1137 1545 1272 1608 corpora.
1309 1525 1356 1586 De
1379 1521 1492 1585 illumi-

145 1617 263 1680 natione
288 1616 388 1680 mundi
412 1636 431 1678 a
454 1617 574 1680 tantillo
598 1613 773 1699 corpusculo
798 1621 898 1682 sciunt
919 1637 1030 1683 omncs.
1078 1615 1229 1682 Credibile
1252 1619 1301 1677 est
1323 1615 1444 1694 itaque,
1468 1609 1495 1673 si

145 1726 203 1786 qua
232 1707 377 1770 facultate
409 1706 540 1788 praediti
572 1715 641 1770 sunt
664 1716 795 1772 rnotores
828 1709 872 1773 illi
896 1709 1100 1772 observandae
1128 1705 1217 1786 hujus
1241 1702 1393 1771 diametri,
1426 1718 1494 1762 eam

144 1804 230 1859 tauto
254 1815 323 1858 esee
347 1794 527 1876 argutiorem
552 1815 639 1877 quam
663 1806 732 1861 sunt
755 1799 832 1862 oculi
854 1797 960 1875 nostri,
985 1804 1098 1877 quanto
1113 1814 1188 1876 opus
1212 1793 1277 1873 ejus
1301 1801 1333 1854 et
1354 1789 1493 1872 perennis

145 1884 236 1949 motio
260 1885 373 1948 nostris
397 1885 577 1948 turbulentis
601 1895 633 1949 et
656 1885 788 1949 confusis
812 1887 943 1968 negotiis
967 1893 1015 1950 est
1037 1883 1231 1950 constantior.

232 1975 282 2038 An
306 1993 376 2054 ergo
400 1974 486 2036 binos
510 1975 637 2054 singulis
659 1976 790 2058 planetis
813 1977 927 2040 tribues
950 1977 1067 2051 oculos,¹
1086 1972 1241 2053 Keplere?
1286 1971 1491 2049 Nequaquam.

143 2065 248 2144 Neque
273 2073 322 2126 eet
344 2082 477 2126 necesse.
523 2063 628 2144 Neque
651 2065 730 2128 enlm
752 2073 785 2128 nt
807 2066 919 2128 moveri
940 2067 1075 2148 possint,
1099 2065 1192 2144 pedes
1215 2059 1288 2142 ipsis
1312 2066 1403 2138 atque
1426 2057 1493 2119 alae

144 2161 213 2216 eunt
236 2151 422 2216 tribuendae.
463 2149 561 2215 Orbes
576 2171 646 2215 vero
670 2153 783 2216 solidos
797 2156 935 2218 Braheus
954 2155 1020 2236 jam
1043 2150 1218 2217 eliminavit.
1258 2149 1363 2228 Neque
1378 2145 1493 2208 exhau-

144 2244 185 2304 sit
216 2249 322 2304 nostra
352 2243 517 2322 speculatio
546 2261 647 2304 ornnes
681 2252 806 2306 naturae
834 2245 1007 2319 thesauros,
1040 2250 1076 2305 nt
1097 2262 1150 2329 per
1181 2247 1314 2302 nostram
1336 2235 1494 2298 scientiam

145 2339 223 2408 stet,
256 2339 329 2412 qnot
351 2351 458 2394 sensus
481 2351 548 2396 esse
572 2333 711 2396 debeant.
757 2333 802 2396 At
825 2335 917 2397 etiam
940 2332 1079 2414 exempla
1106 2330 1191 2394 nobis
1215 2326 1403 2391 admirabilia
1425 2329 1495 2386 suut
1530 2358 1532 2373 ι

144 2423 172 2484 iu
195 2429 323 2502 promtu.
348 2419 417 2500 ,Dic
430 2421 665 2504 enimflphysice,
689 2421 796 2502 quibus
812 2423 907 2486 oculis
926 2431 1073 2486 astrorum
1098 2422 1164 2483 loca
1186 2419 1216 2482 in
1239 2417 1362 2480 zodiaco
1383 2431 1494 2495 specu-

145 2513 242 2574 lentur
266 2509 428 2572 facultates
452 2510 598 2573 animales
628 2529 784 2592 corporum
806 2512 1020 2590 sublunarinrn,
1045 2519 1078 2573 ut
1099 2508 1273 2572 harmonica
1296 2503 1493 2586 dispositione

146 2602 247 2683 (quern
272 2606 428 2679 aspectum
452 2593 594 2678 dicimos)
618 2599 696 2663 inter
719 2619 757 2662 ea
778 2601 966 2683 deprehensa
996 2601 1168 2663 subsultent
1191 2605 1223 2659 et
1255 2595 1284 2657 in
1308 2612 1385 2674 opus
1409 2610 1493 2656 suum

145 2688 368 2752 exardescant?
414 2688 462 2752 An
492 2689 582 2750 etiarn
607 2689 701 2750 oculis
729 2688 791 2752 suis
815 2691 948 2770 signavit
969 2697 1065 2753 mater
1094 2707 1162 2752 mea
1189 2687 1257 2748 loca
1280 2684 1428 2754 siderum,
1460 2687 1494 2744 ut

145 2779 248 2855 sciret,
271 2797 305 2838 ee
328 2785 431 2840 natam
454 2777 485 2841 iu
499 2778 732 2858 configuratione
755 2777 890 2856 Saturni,
912 2780 1010 2854 Jovis,
1034 2779 1154 2845 Martis,
1178 2773 1316 2848 Veneris,
1341 2770 1492 2845 Mercurii,

144 2888 197 2950 per
219 2867 347 2930 sextiles
371 2875 401 2928 et
424 2867 534 2943 trinos;
559 2887 652 2949 euque
676 2868 714 2930 iis
736 2868 924 2948 potissimum
948 2868 1053 2930 diebus
1076 2867 1187 2930 liberos
1210 2883 1291 2938 suos,
1314 2859 1506 2944 praesertim*

144 2977 192 3020 rne
205 2955 434 3037 primogenitum
451 2957 622 3031 eniteretur,
648 2956 753 3035 quibus
776 2977 865 3038 quarn
882 2958 1001 3038 plurimi
1016 2955 1176 3019 eorundem
1194 2958 1378 3031 aspectuum,
1401 2967 1493 3028 prae-

144 3047 250 3110 sertim
266 3043 389 3108 Saturni
413 3045 544 3109 etJovis
567 3055 763 3120 recurrerent,
788 3053 842 3108 aut
864 3045 1101 3127 quamplurima
1122 3043 1190 3106 loca
1211 3039 1339 3120 pristina
1362 3037 1495 3116 qnadra-

146 3136 204 3210 tis‚
237 3135 402 3216 oppositis,
430 3143 467 3198 et
496 3135 569 3216 ipsis
593 3135 766 3215 corporibus
793 3134 1043 3215 possiderentur?
1089 3128 1174 3205 Quae
1198 3147 1272 3190 sane
1299 3126 1331 3190 in
1358 3124 1495 3188 omnibus

148 3223 296 3306 exemplis
310 3223 500 3304 deprehendi,
525 3231 670 3307 quotquot
684 3225 724 3287 ad
745 3224 823 3286 hunc
849 3224 928 3286 diem
950 3221 1131 3302 obtigerunt.
1170 3217 1233 3282 Sed
1256 3214 1325 3297 quid
1348 3233 1404 3295 ego
1420 3213 1497 3276 baec
1536 3265 1539 3272 ,
1644 3247 1648 3262 ·

146 3333 242 3396 aeque
266 3313 398 3376 absurda
420 3321 510 3395 atque
534 3315 601 3388 illa,
633 3314 691 3377 nisi
713 3313 789 3390 illis,
823 3313 873 3393 qui
897 3313 926 3376 io
950 3320 1059 3376 umora
1082 3328 1150 3373 sese
1173 3303 1346 3388 diligentius
1370 3321 1496 3366 mercn-

148 3411 245 3478 erunt,
271 3421 358 3483 qnam
382 3401 469 3465 bodie
494 3402 637 3467 usitatum
661 3404 732 3466 est?
777 3409 875 3476 (Gomp.
889 3409 987 3470 loen,
1005 3425 1030 3474 p.
1045 3404 1118 3469 tlt.)

236 3491 321 3554 Idem
343 3491 434 3572 igitur
457 3491 516 3567 ille,
541 3511 627 3572 quem
649 3493 698 3556 hic
721 3492 858 3573 ponimus
873 3491 982 3566 dicere,
1006 3491 1144 3570 planetae
1168 3486 1308 3548 iterasse
1331 3481 1498 3561 perfectum

147 3580 300 3655 circulum,
323 3579 380 3644 hoc
395 3579 483 3656 dicet,
507 3581 661 3662 planetam
684 3583 826 3645 affectare
850 3599 907 3644 sua
928 3579 1098 3654 libratione,
1122 3583 1156 3640 ut
1178 3575 1282 3654 inqua
1304 3571 1497 3653 proportione

148 3677 220 3733 eunt
243 3669 341 3732 lineae
365 3675 418 3742 da,
443 3693 492 3745 ια,
515 3665 556 3750 lq
578 3671 626 3733 vel
642 3671 782 3752 aequales
805 3669 866 3734 illis
888 3693 939 3744 ια,
961 3672 1013 3744 λα,
1037 3663 1078 3741 ζα
1101 3666 1141 3728 ad
1163 3661 1370 3744 longissimam
1391 3682 1444 3740 γα,
1467 3659 1498 3722 iu

148 3759 255 3822 eadem
287 3758 350 3821 lere
381 3763 458 3838 (nam
495 3786 556 3841 cap.
585 3771 669 3827 Lvll.
696 3770 751 3826 erit
783 3770 924 3841 proportio
949 3769 1033 3840 paulo
1061 3759 1141 3834 clia.)
1171 3750 1363 3835 proportione
1392 3769 1500 3812 eversa

149 3845 389 3932 videantnripsi
411 3848 547 3912 diametri
567 3847 649 3912 Solis
671 3857 742 3928 post
754 3850 897 3931 aequales
912 3845 1072 3912 eccentrici
1093 3863 1181 3908 arens
1195 3842 1363 3915 coniectos;
1388 3846 1419 3901 et
1441 3839 1498 3901 bac

150 3937 365 4002 diametrorum
392 3934 476 4000 Solis
503 3937 741 4002 consideratione
769 3939 869 4002 venire
893 3932 983 4002 dictis
1013 3943 1181 4014 temporum
1213 3928 1349 3994 articulis
1373 3945 1411 3990 ex
1428 3921 1499 4008 y'in

148 4020 529 4107 etlpropinquitates.
675 4097 682 4104 ,

239 4113 399 4180 Sciendum
422 4123 533 4192 mmen,
557 4135 615 4180 non
637 4113 712 4179 bene
736 4117 883 4197 quadrare
906 4113 1035 4178 invicem
1057 4117 1251 4192 angmentum
1265 4104 1403 4172 diametri
1417 4102 1500 4167 Solis

151 4213 183 4268 et
204 4224 293 4268 arom
316 4203 456 4288 epicycli3
488 4205 589 4286 itaque
619 4205 792 4268 memoriam
814 4206 883 4269 huic
910 4203 1005 4268 menti
1032 4201 1149 4266 modici
1178 4199 1267 4263 valde
1294 4197 1403 4260 bonam
1431 4211 1499 4256 esse

152 4303 280 4376 oportet,
304 4293 344 4356 ad
362 4294 501 4375 aequalia
523 4301 684 4376 augmenta
708 4293 845 4358 diametri
861 4293 943 4360 Solis
966 4289 1207 4356 accommodanti
1229 4284 1403 4369 inaequales
1416 4281 1500 4346 ciuus

151 4402 256 4448 versos
279 4401 403 4446 arcuum
425 4383 565 4466 epicycII:
590 4403 647 4464 qno
671 4384 707 4445 de
730 4383 810 4446 inira
832 4402 897 4463 cap.
921 4383 1006 4458 LVI,
1029 4381 1130 4445 LVII.

239 4471 297 4536 111.
337 4471 439 4552 Atque
462 4473 536 4537 haec
552 4474 589 4535 de
608 4473 695 4553 signo
711 4473 840 4536 coniecti
862 4472 955 4554 spatii
969 4471 1051 4534 dicta
1073 4475 1171 4532 sunto.
1208 4465 1329 4538 Restat,
1353 4467 1388 4524 ut
1410 4459 1501 4524 tertio
1587 4485 1593 4492 ·

152 4562 232 4626 etde
247 4561 373 4624 animali
386 4561 529 4626 facultate
553 4561 779 4626 transvectandi
792 4563 925 4642 corporis
940 4559 1100 4642 planetarii
1121 4556 1217 4620 tribus
1231 4552 1332 4616 verbis
1345 4569 1500 4616 moneam:

153 4671 231 4725 eum,
259 4651 311 4732 qui
333 4649 432 4725 dicat,
465 4651 495 4712 vi
517 4652 609 4715 insita
631 4652 831 4731 transportari
854 4669 961 4730 corpus
983 4649 1142 4730 planetae,
1174 4643 1254 4706 nullo
1277 4642 1365 4704 modo
1389 4639 1500 4703 verisi-

153 4741 234 4806 milia
256 4741 375 4814 dicere3
407 4741 463 4804 hoc
486 4741 564 4804 enim
587 4739 760 4818 negavimus
784 4739 814 4804 in
837 4739 992 4821 principio.
1040 4737 1084 4800 At
1111 4751 1206 4816 neque
1230 4729 1295 4794 Soli
1323 4728 1501 4810 simpliciter

152 4829 329 4900 transscribi
360 4837 463 4916 potest
494 4829 540 4896 vis
572 4830 656 4894 baec.
701 4829 787 4894 Idem
810 4831 903 4906 enim,
935 4830 984 4912 qui
1006 4828 1161 4910 planetam
1188 4819 1332 4898 attrabit,
1368 4817 1501 4886 vicissim
