3640 5538
749 1115 1249 1218 mutaremus

972 1295 1036 1350 SEU

328 1435 391 1528 ou
410 1430 807 1527 nrouummoos
833 1434 891 1525 m
919 1431 1225 1526 munerum
1253 1432 1397 1526 rnrou
1428 1430 1675 1528 oourouou

393 1615 402 1634 ·
670 1589 807 1708 souis,
835 1588 988 1684 uuum
1015 1589 1072 1681 m
1100 1589 1331 1685 retroue.

330 1813 422 1880 Haeo
443 1815 600 1898 Prapae
622 1811 773 1876 inoboeda
791 1833 813 1876 a
825 1810 934 1874 sumtis
955 1814 1058 1886 onais,
1080 1813 1128 1874 eie
1142 1813 1239 1874 mom
1260 1813 1399 1878 cohibito
1412 1813 1493 1896 Imp.
1511 1814 1676 1890 Martia,

239 1909 245 1923 ⁸
803 1919 980 2002 petentibus
1002 1915 1205 1991 assalierit,

436 2044 574 2110 Ltaatt
596 2062 666 2106 uero
689 2061 805 2126 mopso
826 2049 919 2124 porta
941 2043 1134 2116 sonandam,
1152 2041 1344 2124 messmam
1366 2062 1451 2108 orato
1475 2039 1571 2107 1616.

949 2231 1072 2243 ——n—

785 2343 1215 2454 sorsunrare

867 2558 1088 2621 Theorema
1117 2555 1142 2618 Ι.

327 2665 490 2746 Auguiua
514 2664 753 2745 paratiaxeos
776 2665 940 2744 supremi
964 2661 1257 2742 marginiaSoiis
1282 2661 1314 2723 in
1331 2660 1525 2724 horizonte
1549 2663 1677 2743 positi,

328 2753 538 2834 stangulus
561 2751 706 2816 dimidii
731 2754 913 2816 mucronis
935 2753 1079 2816 umbrae
1096 2751 1230 2813 Terrae
1249 2751 1372 2830 juncti
1392 2751 1497 2814 simoi
1517 2762 1679 2834 aequant

371 2843 544 2923 angulum
567 2839 836 2905 semidiametri
859 2841 960 2904 Solis
984 2840 1203 2920 apparentis
1232 2858 1277 2902 ex
1311 2846 1436 2902 centro
1459 2841 1632 2904 Telluris.

416 2931 528 2996 Ceutro
553 2930 581 2992 A
610 2938 675 3005 (th.
714 2935 746 3001 1)
780 2931 879 3010 spatio
902 2931 961 2994 AD
986 2929 1135 2993 scribatur
1158 2928 1284 2991 circulus
1307 2931 1439 3010 corporis
1462 2928 1588 2994 Solaria.
1629 2931 1678 2996 Sit

329 3033 427 3086 autem
452 3021 599 3083 distantia
621 3020 716 3082 centri
739 3021 851 3082 Terrae
876 3041 894 3080 a
918 3030 1021 3081 centro
1044 3017 1125 3082 Solis
1147 3018 1215 3093 AB,
1239 3027 1271 3079 et
1294 3029 1398 3080 centro
1421 3019 1461 3094 B,
1487 3019 1586 3100 spatio
1610 3019 1674 3096 BE,

326 3113 437 3174 minore
461 3130 549 3193 quam
572 3109 646 3184 AD,
677 3109 826 3171 scribatur
856 3109 984 3172 circulus
1014 3106 1147 3187 eorporis
1175 3107 1315 3170 Telluris.
1366 3107 1407 3171 Et
1435 3108 1561 3171 ducatur
1591 3118 1676 3172 reeta

325 3200 391 3275 DE,
416 3207 543 3280 tangens
566 3211 722 3280 utrumque
745 3197 886 3260 oireulum
911 3198 940 3258 in
964 3197 1001 3273 D,
1025 3197 1052 3260 Ε
1076 3195 1208 3275 punctis,
1238 3197 1482 3278 continueturque
1505 3198 1545 3259 ad
1566 3206 1674 3278 partes

325 3288 371 3352 E:
395 3299 612 3354 connectantur
635 3288 725 3348 etiam
749 3296 853 3349 centra
867 3287 908 3360 A,
924 3286 960 3360 B,
986 3295 1016 3346 et
1033 3285 1182 3366 producta
1198 3284 1255 3347 AB
1279 3296 1362 3346 secet
1380 3285 1436 3348 DE
1458 3284 1487 3347 in
1511 3297 1623 3366 puncto
1640 3285 1676 3351 G.

327 3376 531 3442 Consecratur
554 3377 687 3439 etiamB
712 3384 845 3438 centrum
861 3374 973 3436 Terrae
997 3393 1063 3436 enm
1084 3382 1193 3453 puncto
1217 3381 1373 3437 contactus
1388 3375 1426 3454 D,
1445 3384 1476 3436 et
1493 3376 1523 3438 A
1542 3387 1678 3440 eentmm

327 3467 409 3530 Solis
432 3487 499 3530 oum
523 3475 633 3546 puncto
657 3472 816 3527 contaetus
838 3461 874 3525 Β.

413 3557 508 3637 Igitur
538 3553 569 3616 in
599 3559 636 3624 Δ
657 3551 740 3618 BDC
774 3561 858 3614 reeta
888 3549 941 3613 BC
974 3557 1060 3613 secat
1089 3552 1164 3614 duas
1194 3551 1265 3623 DB,
1296 3550 1363 3614 DC.
1414 3551 1552 3632 Angelos
1584 3554 1678 3634 igitur

326 3645 456 3708 exterior
477 3643 565 3707 DBA
597 3641 733 3724 aequalis
764 3651 813 3702 est
844 3639 1037 3702 interioribus
1069 3651 1100 3702 et
1132 3641 1279 3721 oppositis
1308 3638 1408 3716 BDC,
1437 3641 1522 3706 BCD
1547 3643 1675 3722 junctis.

326 3733 389 3798 Sed
403 3733 489 3796 DBA
514 3742 562 3794 est
585 3732 712 3812 angulus
735 3728 952 3793 semidiametri
968 3727 1049 3790 Solia
1063 3729 1123 3794 DA
1147 3729 1320 3809 apparentis
1343 3729 1372 3791 iu
1392 3739 1493 3793 centro
1509 3731 1622 3794 Terrae
1638 3733 1675 3794 Β.

325 3823 463 3903 Augulus
476 3840 546 3882 vero
559 3819 640 3884 ODB
652 3822 681 3884 h.
691 3839 717 3882 e.
728 3819 811 3882 EDB
828 3827 875 3880 est
887 3817 1014 3896 angulus
1022 3819 1213 3898 paraliaxeos
1221 3818 1414 3881 horizontalis
1424 3821 1570 3900 punctiD.
1594 3823 1676 3884 Nam

324 3911 381 3974 ΕΙ)
406 3913 486 3974 iinea
508 3909 633 3971 visionis
658 3909 758 3989 tangit
780 3909 921 3970 circulum
934 3903 988 3967 BE
1013 3905 1123 3969 Terrae
1148 3907 1176 3968 in
1192 3906 1237 3969 E:
1261 3908 1362 3988 itaque
1386 3907 1451 3971 viso
1474 3909 1504 3970 in
1525 3909 1553 3972 Β
1576 3911 1675 3973 oolio-

327 4009 395 4064 oato
427 4009 567 4080 punctum
598 3999 625 4060 D
658 3998 776 4060 videtur
807 3997 836 4058 in
870 3995 1035 4060 horizonte.
1094 3995 1229 4078 Denique
1264 3994 1346 4059 DCB
1389 3997 1420 4059 b.
1452 4017 1477 4060 e.
1509 3997 1592 4064 EOB
1625 4009 1676 4062 eat

327 4091 453 4172 anguine
477 4087 592 4151 dimidii
616 4086 764 4148 mucronis
787 4085 918 4149 umbrae.
956 4082 1038 4163 Ergo
1060 4085 1226 4164 paraliaxis
1241 4083 1322 4148 Solis
1341 4089 1373 4148 et
1386 4083 1526 4150 dimidius
1549 4089 1674 4152 umbrae

325 4197 428 4244 moero
439 4179 548 4260 juncta
563 4183 695 4257 aequant
707 4175 961 4238 semidiametrum
971 4171 1053 4236 Solis
1069 4182 1264 4256 apparentem
1277 4174 1307 4238 in
1317 4184 1420 4238 centro
1431 4176 1552 4255 Terrae,
1568 4199 1596 4260 q.
1606 4199 1632 4242 e.
1642 4180 1672 4241 d.

859 4334 1086 4396 Problema
1114 4333 1140 4395 Ι.

327 4447 427 4510 Data
450 4442 723 4508 semidiametro
748 4439 847 4503 Solis
871 4448 1081 4521 apparente
1105 4441 1340 4527 ejusdemque
1362 4444 1550 4524 paraliaxi
1571 4445 1673 4510 bori-

539 4530 694 4593 zontali:
719 4529 896 4610 angulum
920 4530 1069 4593 umbrae
1093 4529 1258 4593 Telluris
1281 4531 1457 4595 invenire.

417 4620 593 4685 Paratum
615 4619 697 4682 Solis
729 4619 944 4682 horisontalem
976 4619 1061 4682 aufer
1091 4639 1111 4682 a
1137 4619 1356 4684 semidiametro
1382 4621 1467 4686 ,Solis
1498 4623 1669 4704 apparenti,

331 4709 532 4791 iormabisqoe
556 4709 708 4772 dimidium
732 4707 854 4770 umbrae
877 4707 1006 4770 Telluris
1029 4726 1209 4772 mueronem.

418 4796 678 4862 Corollarinm.
722 4794 874 4868 Quantum
892 4797 1002 4859 oreseit
1024 4796 1339 4862 semidiamatarSoiis
1356 4815 1516 4882 apparens,
1541 4807 1670 4868 tantun·
