3604 5534
638 317 700 374 raa
718 309 841 374 samaa
879 280 960 390 espa
977 321 1019 376 ιιι.
1160 347 1169 380 ι

466 658 469 666 ,
721 554 841 655 Caput
865 553 934 630 XI.

463 711 519 776 De
537 710 765 794 puellaribus
786 715 913 780 diemde
934 709 1043 777 atellue
1064 712 1190 779 Mortis.

240 849 365 914 Initium
389 853 458 916 novi
481 854 539 916 mei
562 843 674 918 laboris
698 863 730 918 et
752 855 951 920 restitutionis
975 863 1106 918 motuum
1130 855 1198 918 inde
1222 857 1303 919 ubi'
1289 877 1355 938 Janr
1369 858 1498 922 cessavi.

154 939 232 1001 Nam
261 959 300 1003 ex
332 950 420 1020 parte
450 943 548 1024 prima
570 953 674 1024 patet,
707 941 888 1009 assumenda
920 945 1036 1028 quidem
1061 945 1128 1007 loca
1151 951 1177 1016 d
1200 948 1254 1008 sub
1278 947 1497 1029 oppositionum

153 1046 218 1090 cum
253 1027 294 1106 Q
328 1049 467 1096 veremm
490 1033 651 1109 articulos,
685 1036 739 1108 sed
766 1043 865 1098 tamen
890 1035 933 1098 sio
956 1053 1013 1096 non
1036 1051 1141 1096 omnen
1166 1036 1232 1099 aaut
1254 1023 1499 1118 inaequalitatem

154 1119 328 1196 secundamq
350 1121 407 1184 sed
421 1139 495 1201 opus
515 1141 582 1184 esse
597 1131 631 1186 ut
644 1142 730 1186 arona
745 1123 775 1186 in
790 1123 929 1205 ecliptica
943 1134 1115 1186 numeratus
1135 1123 1293 1186 reducatur
1314 1125 1353 1186 ad
1372 1124 1499 1188 orbitam

151 1208 304 1287 planetae.
341 1209 387 1272 At
409 1211 507 1274 orbita
528 1207 669 1293 plane'tae
691 1215 774 1293 prius
793 1221 841 1275 est
859 1213 1069 1292 investiganda
1082 1231 1135 1292 per
1152 1213 1376 1277 inclinationem
1390 1215 1499 1296 plano·

151 1314 214 1359 rum
237 1304 272 1359 et
294 1315 352 1378 per
368 1300 511 1362 nodomm
529 1300 738 1380 cognitionem.
784 1301 915 1369 Rursum
936 1301 1091 1364 inclinatio
1114 1309 1146 1364 et
1169 1303 1239 1364 nodi
1261 1311 1411 1383 nequeunt
1434 1303 1497 1364 sine

150 1386 300 1466 parallaxi
324 1387 429 1453 diuma
451 1389 590 1469 cognosci
614 1389 760 1482 siquidem
782 1393 857 1454 baec
879 1391 922 1454 sit
944 1391 1164 1470 grandiuscula.
1202 1392 1233 1452 A
1246 1391 1416 1472 parallaxi
1408 1393 1500 1471 rgitur

152 1474 361 1557 incipiendum,
385 1477 468 1556 cnjus
490 1478 682 1560 inquirendae
705 1480 809 1542 modos
833 1482 907 1543 duos
929 1497 1048 1559 ponam.

236 1564 352 1628 Prior
378 1567 504 1629 modus
537 1568 681 1642 (usitatus
715 1577 746 1631 et
777 1569 900 1643 ceteris)
924 1569 1144 1680 examinabitur
1180 1569 1209 1630 in
1238 1569 1498 1632 observationibus

150 1653 330 1717 Braheanis.

235 1743 330 1807 Anno
358 1743 450 1824 igitur
483 1741 568 1810 1582
600 1765 666 1809 oum
690 1753 939 1826 &opponeretur
962 1743 1039 1824 Q
1031 1731 1060 1806 in
1084 1759 1134 1820 ea,
1167 1745 1407 1808 incredibilem
1398 1747 1497 1809 ruveni

148 1833 366 1915 diligentiam
357 1854 389 1895 ιιι
407 1834 605 1910 observando,
630 1855 696 1899 eum
710 1835 800 1897 titolo
811 1834 960 1918 Τγιιιοιιίι
977 1833 1180 1914 manuscripto
1203 1852 1272 1914 pro
1296 1835 1496 1915 inquiren-

148 1923 203 1984 dis
225 1922 505 2003 parallaxibus
527 1923 683 2000 Martis,
707 1923 761 1985 sed
785 1943 822 1986 err
845 1942 905 2005 qua
923 1933 977 1986 aut
994 1926 1083 2006 plane
1107 1924 1289 1985 nnllamaut
1306 1925 1497 2006 perexiguam

148 2011 289 2074 elicueria
313 2011 423 2074 Martia
446 2012 623 2092 parallaxin.
662 2013 761 2076 Taceo
783 2014 861 2094 quod
875 2016 972 2087 (more
986 2013 1092 2086 solito)
1111 2013 1231 2074 stellam
1246 2019 1271 2082 ἀ
1286 2025 1500 2092 comparamnt

148 2101 185 2163 ad
206 2099 321 2162 stellas
345 2100 502 2180 ecliptieae
526 2102 640 2164 vicinas
664 2111 695 2164 et
718 2102 889 2183 plemmque
912 2100 999 2182 longe
1018 2102 1178 2163 distantes.
1218 2100 1293 2163 Cum
1310 2101 1401 2181 igitur
1416 2121 1498 2165 com-

147 2190 307 2269 paratione
319 2189 487 2252 matutinae
499 2199 530 2252 et
547 2191 735 2270 vespertinae
751 2191 969 2254 observationis
986 2191 1084 2254 soleat
1098 2189 1205 2271 inquiri
1214 2189 1379 2270 parallanis
1390 2191 1497 2254 stellae

146 2278 269 2342 mobilis
293 2277 436 2351 (danim
455 2275 496 2355 Q
516 2279 671 2360 oppositus
694 2281 807 2342 incedit
828 2287 910 2342 motu
925 2279 1126 2360 retrogrado),
1151 2279 1219 2340 hinc
1244 2279 1365 2354 factum,
1385 2289 1420 2343 ut
1435 2282 1497 2343 fere

20 2371 24 2386 '
147 2367 182 2430 ab
215 2367 288 2430 aliis
317 2367 415 2430 stollis
439 2386 541 2438 mane,
571 2368 639 2430 aliis
663 2369 780 2450 vesperi
804 2377 829 2439 d
852 2368 943 2431 suerit
965 2371 1152 2431 observatus.
1200 2366 1294 2448 Cujus
1318 2369 1398 2432 enim
1417 2371 1498 2432 lixae

148 2475 236 2520 mane
259 2455 366 2560 copia·
383 2456 440 2518 luit
468 2457 599 2531 (altioris
631 2457 739 2540 qnippe
769 2477 857 2538 quam
880 2467 929 2520 est
956 2463 997 2530 d)
1021 2477 1066 2532 ea,
1090 2457 1115 2518 si
1139 2456 1180 2518 sit
1203 2456 1361 2535 eclipticas
1385 2457 1493 2533 vicina,

147 2543 268 2626 vesperi
292 2545 366 2617 (0¹
347 2561 418 2650 'Jam
439 2546 470 2608 in
486 2547 577 2626 plaga
596 2547 774 2610 occidentali
793 2550 948 2621 versante)
972 2556 1025 2610 ant
1044 2545 1154 2608 occidit
1167 2553 1221 2607 ant
1234 2547 1272 2608 ob
1287 2547 1496 2610 refractionem

146 2637 250 2717 inepta
274 2635 354 2696 est
346 2653 377 2696 ιιι
399 2636 456 2697 boc
479 2635 583 2698 subtili
605 2637 736 2717 negotio.
781 2636 855 2697 Alia
877 2637 968 2718 igitur
982 2635 1193 2700 substituenda
1213 2635 1279 2697 luit
1317 2636 1400 2697 At'
1376 2657 1402 2697 ιι
1417 2637 1495 2698 stel-

146 2727 191 2788 lae
214 2726 297 2786 lixae
321 2723 400 2785 aliae
424 2723 491 2786 aliis
513 2733 735 2810 permutentur,
767 2744 883 2806 semper
906 2725 1002 2788 minor
1024 2725 1099 2788 fides
1122 2724 1330 2806 estnegotio,
1360 2727 1495 2807 quamsi

146 2814 252 2878 eadem
276 2811 452 2875 retineatur.

233 2900 316 2965 Cum
339 2910 438 2964 autem
461 2902 632 2964 Bralreus
659 2903 774 2983 passim
800 2901 874 2965 viria
904 2902 1003 2964 doctis
1026 2901 1231 2970 affirmaverit,
1256 2920 1294 2962 ex
1316 2901 1404 2980 hujus
1428 2903 1498 2964 anni

143 2989 317 3054 observatis
346 2991 497 3053 inventam
521 3009 588 3054 ease
611 2991 781 3071 parallaxin
804 2999 831 3061 d
854 2991 1030 3053 notabiliter
1057 2990 1201 3070 majorem
1223 2989 1340 3063 Solari‚
1370 3009 1435 3069 ego
1464 2999 1498 3053 ιιι

144 3081 352 3162 operationem
382 3099 434 3142 seu
468 3080 614 3143 calculum
644 3081 722 3142 hnnc
752 3080 883 3159 penitius
913 3079 1061 3158 inspicere
1091 3097 1229 3158 possem,
1265 3072 1363 3140 totum
1390 3079 1498 3142 libmm

143 3169 378 3250 diligentissime
400 3169 602 3250 perlustravi..
636 3169 680 3232 Et
701 3169 801 3231 inveni
815 3169 932 3248 quidem
943 3168 1072 3242 titulum,
1093 3168 1142 3247 qui
1152 3168 1298 3229 rationem
1308 3167 1497 3246 profiteretur

144 3258 312 3340 inquirendi
334 3259 503 3336 parallaxin
526 3267 551 3328 d
576 3278 615 3321 ex
636 3259 716 3321 illius
740 3256 810 3319 anni
834 3256 1106 3319 observationibus.
1162 3253 1224 3318 Sed
1253 3275 1289 3318 en
1312 3275 1375 3316 rem
1398 3255 1496 3340 inopi-

143 3359 254 3412 natam.
303 3348 416 3410 Locum
438 3357 464 3418 (ς
486 3348 675 3410 observando
699 3348 853 3410 inventum
873 3345 1136 3408 accommodarunt
1154 3346 1192 3407 ad
1208 3345 1329 3408 schema
1344 3343 1493 3425 Gopami-

143 3457 259 3513 canum,
287 3437 498 3516 operosissime
522 3445 554 3498 et
577 3435 806 3516 diligentissime
824 3435 1015 3497 delineatum.
1039 3435 1087 3496 ΙΙιι
1107 3453 1143 3495 eo
1164 3435 1316 3496 schemate
1336 3434 1494 3497 immanem

144 3536 319 3590 sumserunt
351 3526 502 3601 laborem,
530 3525 631 3586 omnia
653 3525 818 3606 triangula,
855 3542 932 3605 qnae
955 3543 1047 3586 causa
1069 3522 1195 3604 duplicis
1219 3522 1345 3605 epicyoli
1368 3523 1397 3585 in
1420 3543 1494 3587 con-

144 3617 278 3680 centrico
307 3616 524 3691 nascebantur,
557 3614 693 3676 solvendi
723 3613 853 3676 numeris
875 3611 1103 3694 prolixissimis,
1136 3613 1316 3692 tandemque
1347 3612 1396 3675 hic
1428 3623 1496 3675 erat

143 3705 209 3768 imis
232 3703 360 3779 calculi,
393 3713 426 3766 ut
447 3704 693 3783 pronunciarent,
717 3702 885 3782 parallaxin
907 3702 1018 3764 Martis
1041 3720 1110 3764 vere
1134 3702 1197 3764 fieri
1220 3701 1362 3782 majorem
1385 3700 1494 3766 Solari.

144 3795 234 3856 Aliud
274 3791 367 3873 igitur
399 3794 536 3855 Brahena
568 3799 785 3872 proposuerat,
822 3790 905 3854 aliud
940 3791 1069 3854 ministri
1105 3791 1212 3854 calculi
1244 3799 1315 3853 sunt
1350 3792 1494 3854 exsecuti.

143 3883 197 3946 Ille
223 3881 369 3957 volebat,
403 3889 438 3944 ut
469 3873 506 3944 ex
527 3881 684 3944 matutinis
714 3889 746 3942 et
768 3879 948 3960 vespertinis
971 3880 1229 3942 observationibus
1251 3880 1331 3942 inter
1353 3899 1387 3943 se
1410 3899 1494 3943 com-

144 3973 260 4051 paratis
305 3971 489 4050 inquirerent
524 3971 692 4052 parallaxin
727 3969 853 4033 Martis:
901 3969 931 4029 hi
967 3989 1038 4032 vero
1078 3969 1310 4050 inquisivemnt,
1352 3978 1492 4049 quantam

144 4059 337 4140 parallaxin'
359 4061 474 4124 faceret
505 4061 628 4122 schema
651 4058 899 4140 Copemioanum.
953 4059 1004 4120 An
1034 4058 1125 4137 igitur
1148 4077 1186 4120 ex
1208 4059 1264 4119 hac
1288 4058 1353 4119 sola
1375 4077 1496 4120 anorum
1543 4126 1546 4134 ,

146 4151 353 4273 ministreorum
384 4150 441 4212 fide
473 4149 611 4212 Braheue
642 4150 679 4211 de
702 4146 907 4229 parallaxibus
929 4148 1186 4227 pronunciaverit,
1210 4147 1424 4230 incompertum
1446 4155 1495 4208 est

145 4240 225 4304 milri.
243 4233 290 4320 ⁸)

231 4325 332 4393 Noa
323 4345 391 4407 rpsa
414 4325 576 4391 observata
598 4327 757 4407 (quantum
771 4326 810 4390 ed
829 4325 980 4407 negotium
994 4333 1129 4398 ιιοιιιιιιιι
1143 4323 1269 4400 attinet)
1283 4325 1493 4390 consulamus.

145 4417 233 4482 Anno
269 4413 357 4480 1582
387 4424 475 4478 nocte
508 4416 587 4479 inter
614 4412 668 4480 23.
698 4410 1101 4480 commanducantes
1130 4415 1237 4477 elixis
1261 4414 1383 4476 eaedem
1405 4432 1494 4477 mau-

146 4514 251 4570 aemnt
294 4504 420 4568 diversis
439 4505 548 4570 ,horis
594 4504 654 4568 Hic
689 4504 781 4586 igitur
812 4503 953 4568 stationis
975 4504 1118 4569 terminus
1152 4505 1216 4567 fuit.
1264 4501 1425 4586 Sequentia
1445 4503 1494 4566 bi·

147 4594 195 4657 dui
220 4601 325 4659 motus
348 4592 407 4673 fnit
431 4591 482 4657 11‘
505 4602 538 4657 et
562 4591 625 4658 151.

232 4685 335 4750 Nocte
364 4683 424 4746 diei
451 4680 504 4748 26.
526 4682 603 4747 Dec.
633 4679 754 4746 transiit
780 4681 858 4744 inter
889 4682 1050 4746 secundam
1082 4688 1114 4744 et
1135 4678 1347 4760 septimamll
1376 4679 1493 4745 distans

149 4765 368 4854 (petredium)
391 4791 412 4834 a
433 4775 532 4854 capita
546 4770 695 4835 inferioris
711 4769 905 4834 Geminomm
918 4791 971 4834 seu
990 4792 1010 4832 a
1025 4770 1156 4834 secunda
1174 4765 1213 4830 2ο
1235 4765 1290 4831 25’
1311 4770 1360 4832 vel
1374 4766 1414 4834 2⁰
1428 4765 1493 4847 26‘,

149 4863 202 4926 ssd
225 4883 246 4924 a
268 4861 402 4942 septima
426 4856 463 4924 1·
484 4859 516 4926 ι’
540 4861 590 4924 vel
614 4856 651 4925 1⁰
674 4857 715 4935 ι’,
738 4867 773 4922 ut
794 4859 922 4924 latitudo
933 4859 1024 4923 luerit
1038 4854 1078 4923 4⁰
1095 4857 1127 4922 ι’
1141 4857 1269 4922 circiter.
1305 4859 1389 4923 Hora
1403 4860 1507 4941 igitur*
