3672 5538
1240 247 1253 280 b

305 289 371 362 reg
639 257 642 266 '
759 292 823 352 ,ns
842 289 949 366 norea
972 288 1067 347 seno
1084 289 1173 348 nus

305 472 387 536 tione
411 472 509 548 lacta;
539 469 595 535 sed
617 469 828 535 alterationem
851 471 974 536 adducit
995 473 1027 536 in
1051 472 1187 538 omuibus
1209 473 1305 538 tribus
1329 470 1534 554 superioribus
1556 470 1658 536 sensi-
1731 543 1739 560 ⁸

305 561 414 638 bilem,
444 561 520 624 adeo
543 569 578 624 ut
606 561 733 642 angulus
766 561 952 625 differentiae
985 561 1138 626 iuMarte
1162 565 1202 626 ad
1236 559 1272 627 1⁰
1294 559 1348 627 45‘
1371 567 1439 634 (ω’)
1468 561 1656 626 excrescat“

305 647 403 717 (Domp.
422 649 479 701 Vol.
497 649 519 709 1.
537 665 562 716 p.
583 646 639 710 tt.)
747 669 751 678 ·
1400 633 1421 684 ὓ
1694 661 1703 690 ⁰

394 722 479 786 Idem
501 722 606 786 eodem
629 729 763 804 tempore
786 722 816 786 iu
840 722 1005 806 appendice
1028 724 1068 786 ad
1091 724 1313 788 Mecbauica
1343 743 1396 786 seu
1423 725 1594 788 narratione
1618 723 1655 788 de

306 814 368 876 suis
402 811 510 875 studiis
542 811 729 894 perstrinxit.
784 813 848 876 Nec
881 813 974 875 multo
1006 813 1068 876 alia
1097 813 1190 876 verba
1219 821 1300 878 tomo
1333 814 1356 875 1.
1389 814 1657 896 Epistularum
1705 853 1710 862 ·

305 901 357 965 iol.
380 898 455 967 209.
471 898 513 976 ²⁰)
534 900 585 981 ubi
609 899 777 975 existimat,
801 919 895 964 causa
917 902 1151 966 ecceutricitatis
1174 903 1293 967 Solaris
1324 903 1483 966 immisceri
1507 903 1657 986 quandam

304 991 553 1074 inaequalitatem
576 989 667 1052 etiam
695 991 855 1053 ecceutrioi
882 991 1111 1073 aequatiouibus
1144 1000 1176 1055 et
1204 993 1312 1057 sitibus
1333 991 1545 1080 ¹acronychiis;
1578 993 1659 1075 quod

238 1157 242 1168 .
304 1089 390 1164 parte
413 1079 511 1164 prima
532 1079 696 1142 refutatum
719 1079 838 1161 quidem
861 1087 925 1156 est,
949 1100 1010 1144 uon
1031 1083 1199 1146 redundare
1221 1082 1253 1146 in
1276 1083 1353 1146 situs
1376 1082 1583 1166 acronycbios,
1607 1079 1659 1144 vel

305 1178 386 1234 certe
409 1169 562 1232 minimum
576 1167 705 1251 aliquid;
729 1177 763 1232 at
784 1169 903 1232 videtur
925 1187 979 1250 per
1001 1171 1215 1236 correctionem
1238 1173 1386 1254 quandam
1403 1171 1439 1234 de
1463 1172 1657 1254 quadrangu-

305 1259 468 1324 lationibus
490 1257 603 1322 Martis
626 1276 692 1320 cum
715 1257 787 1320 Sole
809 1258 939 1338 intelligi
963 1257 1082 1322 debere.

392 1351 463 1412 Jam
485 1355 558 1423 tum,
583 1365 649 1410 cum
676 1345 778 1408 orbem
801 1367 928 1410 aunuum
955 1348 1089 1412 audirem
1116 1348 1221 1430 augeri
1242 1348 1403 1432 minuique,
1427 1349 1562 1412 dictabat
1583 1347 1665 1414 mibi'

306 1441 431 1521 genius,
456 1438 487 1500 id
508 1437 691 1520 phantasma
714 1436 784 1499 oriri
807 1455 845 1498 ex
867 1456 921 1512 eo,
945 1439 1024 1519 quod
1048 1438 1129 1502 orbis
1152 1459 1267 1504 anuum
1291 1438 1495 1521 Copernici
1517 1438 1567 1500 vel
1589 1438 1656 1519 epi-

307 1529 409 1614 cyclus
430 1525 647 1592 Ptolemaei
669 1545 728 1589 nou
751 1525 918 1608 aequaliter
940 1545 959 1588 a
982 1535 1086 1591 centro
1109 1528 1162 1591 illo
1186 1528 1289 1605 distet,
1313 1529 1393 1592 circa
1416 1529 1495 1610 quod
1517 1527 1655 1612 aequali-

307 1619 364 1684 bus
377 1615 564 1700 temporibus
580 1616 722 1698 aequales
746 1615 888 1678 couficere
907 1615 1029 1696 ponitur
1045 1618 1181 1699 angulos.
1220 1620 1300 1682 Nam
1314 1638 1390 1702 quae
1405 1638 1497 1681 causa
1518 1616 1656 1700 physica,

305 1707 409 1790 augeri
428 1715 460 1770 et
481 1704 575 1769 minui
598 1705 753 1768 circuitum
777 1705 872 1766 centri
896 1707 1071 1786 systemads
1102 1707 1262 1789 planetarii
1271 1705 1305 1784 *)
1339 1708 1583 1791 (Tycbonici)
1606 1705 1657 1768 vel

305 1797 461 1861 circuitum
471 1796 582 1858 Terrae
593 1793 839 1876 (Oopernico)
853 1794 902 1855 vel
912 1795 1082 1879 ‘epicyclum
1097 1797 1182 1860 sidus
1197 1806 1368 1878 gestantem
1378 1798 1479 1872 (Ptol
1491 1793 1657 1871 e'maeo)?

305 1907 381 1971 quae
405 1886 491 1960 baec,
515 1885 645 1965 inquam,
668 1882 699 1946 iu
714 1881 901 1945 astronomia
924 1883 989 1947 sine
1012 1887 1149 1967 exemplo
1163 1887 1294 1963 novitas,
1317 1887 1383 1950 siue
1406 1885 1656 1950 versimilitudiue

305 1974 502 2041 absurditas?
547 1973 627 2046 Quin
653 1971 754 2054 potius
783 1971 864 2034 credi
895 1991 951 2053 par
980 1983 1060 2051 crat,
1093 1975 1166 2038 alibi
1196 1976 1300 2039 Solem
1323 1975 1575 2056 (Ooperuico)
1604 1973 1683 2036 vel¹

305 2075 441 2130 centrum
472 2061 648 2146 systematis
678 2061 840 2143 planetarii
865 2063 1108 2145 (Tychouici)¹
1126 2065 1175 2128 vel
1199 2084 1308 2147 corpus
1341 2067 1482 2147 planetae
1509 2063 1655 2138 (Ptole-

305 2158 426 2230 maeo)
450 2174 470 2215 a
497 2159 642 2232 suscepto
664 2151 859 2232 aequalitatis
893 2161 1004 2231 puncto
1033 2155 1220 2237 (quiescente
1243 2156 1324 2237 apud
1346 2151 1595 2237 Oopernicum
1624 2160 1657 2215 et

305 2244 527 2328 Tycbonem,
550 2241 752 2306 circumeunte
774 2240 806 2302 in
829 2242 989 2304 ecceutrici
1012 2243 1253 2306 circumferentia
1276 2245 1356 2326 apud
1377 2243 1654 2318 Ptolemaeum)

304 2333 424 2414 lougius
435 2331 563 2408 distare,
587 2329 659 2392 alibi
673 2327 810 2392 brevius:
836 2337 925 2412 atque
943 2331 975 2393 id
988 2333 1092 2414 procul
1115 2332 1205 2396 dubio
1224 2333 1255 2396 in
1273 2333 1355 2396 linea
1368 2333 1515 2415 apsidum.
1552 2331 1656 2413 Atque

298 2421 373 2506 {pulc
391 2421 436 2485 rei
450 2418 635 2484 commodam
655 2418 844 2482 occasionem
861 2418 1020 2484 videbatur
1040 2419 1232 2506 suppeditare
1247 2441 1315 2486 mea
1329 2423 1384 2485 illa
1402 2441 1441 2485 ex
1462 2421 1659 2503 Mysteric·

304 2531 388 2576 meo
412 2506 742 2589 Oosmograpbioo
765 2507 904 2570 derivata
926 2510 1067 2591 suspicio,
1093 2511 1244 2594 sincmpe
1267 2511 1299 2574 in
1321 2512 1470 2576 theoriam
1484 2509 1567 2575 Solis
1590 2509 1656 2584 (vel

305 2601 462 2676 theoriam,
485 2605 519 2662 ut
540 2597 585 2660 ita
608 2595 717 2672 dicam,
740 2596 868 2680 epioycli
889 2599 1134 2676 Ptolemaioi)
1157 2621 1290 2684 aequans
1313 2601 1561 2665 introduceretur.

394 2707 471 2770 Esto
501 2711 535 2768 ιιι
561 2701 687 2785 incipiat
713 2702 913 2786 inaequalitas
945 2707 1119 2770 secuuda'a
1141 2709 1222 2770 linea
1253 2707 1344 2772 medii
1370 2715 1469 2786 motus
1489 2705 1591 2783 Solis,
1621 2712 1657 2768 ιιι

305 2798 451 2861 hacteuus
473 2793 589 2878 placuit
611 2791 776 2856 artificibus
799 2794 851 2867 (ne
875 2795 942 2881 quis
964 2815 1062 2859 meam
1085 2797 1294 2875 novationem,
1318 2795 1368 2882 qui
1391 2795 1548 2878 apparenti
1570 2794 1655 2859 Solis

306 2895 388 2953 motu
410 2894 495 2958 utor,
527 2885 558 2946 in
579 2881 637 2946 hoc
669 2882 793 2964 negotio
825 2895 996 2973 suspectam
1026 2886 1167 2964 habeat),
1201 2896 1232 2950 et
1260 2895 1421 2968 consurgat
1447 2887 1477 2948 iu
1502 2885 1655 2948 schemate

211 3017 215 3038 .
305 2976 460 3060 praesenti
483 2971 694 3036 eccentricitas
723 2971 863 3054 planetae
891 2977 971 3058 apud
995 2975 1316 3058 Oopernicumnou
1340 2999 1360 3038 a
1382 2985 1485 3039 centro
1508 2974 1592 3039 Solis
1613 2973 1655 3048 A,

836 3065 891 3130 sed
923 3087 942 3128 a
973 3063 999 3131 C
1028 3075 1155 3149 puncto,
1189 3067 1268 3129 circa
1297 3068 1376 3148 quod
1407 3063 1556 3146 regularis
1587 3082 1657 3126 esse

835 3155 956 3236 ponitur
988 3155 1099 3218 Terrae
1129 3165 1238 3223 motus.
1290 3157 1326 3219 Id
1356 3175 1428 3218 vero
1458 3162 1601 3238 punctum
1630 3149 1656 3214 O

745 3273 772 3316 π
836 3246 957 3307 sitnon
981 3245 1062 3308 orbis
1077 3245 1203 3311 Terreni
1216 3243 1282 3322 DE,
1307 3247 1361 3308 sed
1379 3253 1496 3308 tantum
1518 3242 1656 3328 aequali·

836 3333 910 3396 tatis
926 3341 1069 3410 centrum,
1093 3334 1211 3414 lougius
1227 3333 1265 3396 ab
1280 3335 1310 3398 A
1325 3334 1398 3398 Sole
1417 3335 1544 3408 distans,
1568 3351 1657 3416 quam

835 3425 862 3486 B
886 3432 1021 3505 centrum
1044 3423 1125 3486 orbis
1148 3425 1273 3486 Terreni
1295 3423 1360 3486 BD.
1398 3424 1486 3498 Dico,
1509 3422 1557 3488 his
1581 3441 1656 3486 con-

838 3513 952 3590 cessis,
982 3512 1211 3584 observationes
1233 3513 1312 3576 tales
1344 3513 1509 3582 exhibitum
1532 3512 1588 3588 iri,
1619 3529 1657 3572 ex

838 3602 945 3684 quibus
974 3602 1041 3684 quis
1071 3602 1219 3684 suspicari
1246 3603 1364 3684 possit,
1397 3602 1499 3666 orbem
1528 3617 1658 3666 annuum

838 3691 894 3752 DE
917 3691 1021 3772 augeri
1044 3692 1203 3774 minuique.
1250 3691 1393 3774 Erigstur
1417 3712 1455 3755 ex
1478 3689 1504 3754 C
1526 3709 1657 3774 perpen-

797 3831 800 3838 .
839 3779 980 3844 dicnlaris
1002 3780 1062 3861 ipsi
1084 3781 1151 3859 DE,
1175 3801 1253 3864 quae
1276 3781 1317 3846 sit
1337 3782 1403 3857 OF,
1428 3791 1461 3843 et
1483 3781 1524 3844 sit
1545 3780 1656 3844 Martis

840 3871 930 3932 stella
956 3869 1005 3933 bis
1035 3871 1065 3932 in
1088 3873 1127 3947 F,
1160 3879 1191 3933 et
1222 3891 1288 3934 oum
1315 3872 1411 3934 Terra
1441 3877 1490 3935 est
1520 3871 1552 3952 ip
1574 3870 1603 3932 D
1627 3875 1657 3930 et

840 3977 906 4021 cum
929 3958 960 4022 in
980 3954 1017 4030 D,
1040 3966 1072 4022 et
1093 3962 1330 4025 connectaturF
1347 3981 1413 4024 cum
1430 3959 1549 4044 punctis
1563 3959 1602 4036 D,
1618 3957 1654 4020 Ε.

841 4045 922 4118 Quia
958 4067 1029 4130 ergo
1061 4047 1087 4112 Ο
1125 4058 1173 4113 est
1209 4058 1351 4132 punctum
1387 4035 1524 4133 aequalis
1558 4055 1657 4112 motus

840 4139 953 4200 Terrae
970 4138 1002 4200 iu
1016 4137 1083 4213 DE,
1107 4139 1167 4201 erit
1179 4139 1272 4217 FGD,
1293 4139 1373 4204 Fon
1400 4137 1551 4202 anomalia
1572 4156 1656 4202 com·

840 4227 1015 4290 mutationis
1038 4233 1070 4289 et
1093 4229 1141 4302 (ut
1161 4228 1315 4309 ponimus)
1343 4230 1479 4311 aequalis
1508 4227 1656 4308 ubiuque.

842 4315 960 4388 Quodsi
995 4315 1086 4396 igitur
1123 4318 1266 4400 aequales
1299 4327 1402 4383 essent
1431 4316 1501 4394 CD,
1532 4315 1585 4382 ΟΕ
1608 4317 1657 4390 (ιιι

840 4406 988 4494 hacteuus
1018 4405 1215 4486 putabatur),
1248 4416 1318 4471 tuuc
1352 4417 1383 4472 et
1408 4405 1490 4470 DFG
1523 4413 1554 4470 et
1575 4401 1656 4469 Ero

841 4494 943 4576 anguli
976 4513 1029 4557 seu
1055 4495 1228 4579 parallaxes
1260 4497 1341 4562 orbis
1375 4503 1479 4562 essent
1509 4495 1655 4578 utrinque,

512 3135 565 3201 Εἰς.
585 3128 627 3182 ll.

394 4703 422 4777 *)
443 4707 572 4762 Centrum
601 4701 761 4775 systematis
790 4701 940 4773 planetarii
966 4707 1011 4758 eat
1039 4703 1187 4760 communis
1215 4703 1299 4760 sectio
1321 4703 1474 4770 lineanrm,
1503 4719 1573 4775 quse
1602 4719 1652 4774 per
1690 4677 1694 4699 ⁴

308 4786 477 4859 aingrrlornm
503 4787 678 4858 planetarum
707 4782 817 4855 apsides
846 4784 1034 4840 traducuntur.
1076 4789 1168 4856 Atque
1189 4784 1215 4838 id
1243 4791 1376 4856 punctum
1396 4793 1441 4841 est
1459 4784 1504 4840 rol
1529 4783 1653 4855 proxime

309 4883 406 4938 corpus
427 4866 507 4934 Solis,
528 4873 561 4921 nt
580 4865 691 4920 Braheo
712 4863 789 4920 initio
810 4861 924 4936 placuit,
946 4862 992 4919 vel
1012 4863 1041 4920 iu
1061 4863 1122 4938 ipso
1143 4871 1237 4920 cauno
1257 4862 1340 4934 Solia,
1360 4871 1394 4921 ut
1413 4879 1467 4936 ego
1488 4865 1603 4938 confige.

726 4971 750 5016 θ
