3552 5562
473 313 505 370 ds
523 313 710 374 Commentariis
728 311 759 374 tie
776 327 845 374 metr
862 304 950 374 stollas
967 301 1065 374 M
1401 297 1443 386 §i
1554 309 1559 322 ⁸

59 485 184 552 hdubio
208 507 344 571 ponere
374 497 567 574 voluissem,¹
587 500 671 580 potui
693 499 788 564 totius
809 499 899 581 hujus
922 499 993 564 anni
1010 493 1103 563 1604.
1121 497 1224 562 labore
1240 507 1287 564 ter
1314 497 1443 574 maximo

62 577 263 660 supersedere.
318 585 450 668 Itaque
476 587 574 664 seiae,
597 587 826 669 diligentissima
849 607 896 652 me
920 607 1044 670 operam
1065 589 1153 664 dare,
1186 596 1220 650 nt
1245 607 1311 652 oum
1334 588 1443 652 obser-

67 669 229 734 uationibus
254 679 353 747 stem
368 675 417 737 ad
434 695 574 756 unguem.
598 677 667 740 Nisi
682 679 739 742 hoe
752 697 884 760 agerem,
907 697 966 746 aen
981 684 1028 740 tot
1036 678 1101 757 jam
1115 677 1220 750 modes
1234 678 1444 760 aequationem

73 759 185 822 esseut
209 759 453 844 physicarum,
478 767 519 828 sd
541 764 584 830 20
606 768 685 843 lere,
714 775 922 832 attentassem.
970 768 1015 830 Τιι
1043 766 1145 848 itaque
1173 766 1261 830 differ
1287 766 1442 846 judicium,

74 849 152 912 deuse
173 849 403 918 tmdameuta
426 873 498 920 mea
520 875 621 920 eoram
643 856 758 920 videas.
1189 929 1193 935 ,

73 938 300 1092 Μῦοιιέφιο
337 944 417 1006 vale
451 952 483 1008 et
513 965 602 1028 qnam
632 947 760 1027 primum
790 943 941 1022 rescribe,
978 953 1028 1021 ut,
1061 963 1119 1027 que
1151 945 1250 1010 auimo
1282 945 1327 1010 sis
1358 945 1446 1008 lestis

148 1049 217 1103 ,ιιι
242 1049 333 1096 eam.

152 1116 230 1179 osso
250 1120 379 1186 nltquas
397 1129 459 1174 suut
474 1121 562 1172 hmm
580 1121 642 1186 (aea
665 1123 788 1189 mseripte
812 1129 935 1188 tempore,
963 1137 1010 1188 que
1028 1123 1104 1180 datas
1129 1117 1199 1182 ιιιιιι)
1222 1121 1360 1180 humum,
1385 1135 1447 1188 quas

68 1188 206 1254 inemptas
224 1191 342 1244 exhibet
363 1191 426 1244 Cod.
440 1193 598 1254 Viennensis,
615 1195 732 1262 leguntur
748 1197 774 1256 ip
792 1194 945 1260 praeteriere
964 1193 998 1246 ad
1016 1193 1144 1254 „Tabulas
1162 1191 1304 1254 Lunares.“

158 1260 235 1324 Quae
255 1263 396 1328 Keplerus
414 1265 441 1314 iu
459 1265 530 1315 mede
548 1267 687 1330 praemissis
706 1267 738 1330 de¹
754 1267 778 1316 ri
791 1263 853 1316 Solis
866 1265 980 1330 planetas
992 1267 1105 1332 rapiente
1117 1263 1322 1330 hougomeutane
1339 1265 1443 1329 seripslt.

67 1333 143 1396 paule
160 1339 222 1398 pest
234 1333 329 1398 (Mate
344 1331 440 1397 root.)
453 1337 486 1388 ad
503 1338 551 1387 sim
563 1337 627 1389 Sulis
642 1337 843 1404 ,magnetleam‘
857 1337 984 1396 transiere,
1002 1335 1197 1403 Hsgulentio
1209 1335 1289 1402 duple
1300 1333 1446 1398 (Hspdouo)

66 1413 96 1463 ts
115 1427 196 1478 spsrs
214 1427 267 1464 sue
286 1414 360 1468 haee
378 1415 457 1466 daus:
482 1408 706 1472 Commentario
727 1409 839 1472 Martis
862 1407 912 1470 edi
934 1427 994 1471 non
1016 1416 1153 1490 possunt,
1175 1407 1234 1470 nisi
1257 1425 1314 1487 ego
1337 1409 1445 1470 maen-

66 1513 155 1568 sum,
179 1494 314 1572 Caesar
338 1505 465 1560 sumtus·
480 1499 660 1578 praebuerit.
708 1499 795 1572 Quae
821 1507 854 1560 tn
887 1497 986 1560 exiis
1018 1499 1193 1579 exspectas,
1225 1495 1448 1560 oomeetisaims

67 1583 142 1644 leea
166 1584 290 1646 stellae
315 1585 447 1661 Martis,
480 1605 517 1650 ee
547 1606 652 1669 parum
684 1607 750 1670 ego.
773 1591 844 1650 euro
858 1601 940 1668 ‘pree
963 1587 1048 1662 aliis,
1076 1605 1152 1670 quae
1175 1581 1224 1650 hio
1247 1583 1396 1648 attentavi
1419 1595 1451 1646 et

66 1672 180 1735 divine
204 1673 319 1754 gratia
334 1683 495 1738 assecutus
512 1697 585 1740 sum.
623 1680 711 1741 Duae
732 1685 812 1754 sont,
835 1685 870 1738 ut
883 1676 973 1751 nesti,
996 1675 1185 1757 planetarum
1204 1674 1449 1757 inaequalitates,

69 1761 175 1824 altera
199 1781 244 1824 ex
270 1763 351 1826 Sele
375 1766 540 1828 eommunis
565 1765 718 1843 omuibus,
751 1768 849 1829 altera
880 1766 985 1847 cuique
1017 1765 1148 1846 proprie.
1194 1765 1283 1828 Illam
1316 1781 1372 1844 ego
1405 1763 1449 1825 sie

71 1849 283 1933 investigavi,
309 1861 346 1914 ιιι
369 1871 496 1933 sperem,
520 1856 657 1919 omnibus
679 1863 807 1940 quatuor
828 1853 959 1918 residuis
982 1854 1217 1917 satislaotorem.
1263 1854 1351 1916 Hane
1377 1871 1449 1934 per-

72 1939 289 2005 tinacissimis
323 1941 479 2006 laboribus
510 1945 659 2026 tantisper
687 1946 833 2020 ιιιιιιιιί,
865 1952 900 2007 ut
931 1943 1058 2026 denique
1088 1960 1157 2006 sess
1183 1949 1310 2006 naturae
1331 1941 1451 2022 legibus

78 2031 460 2113 memoratusque,
493 2036 572 2115 quod
593 2035 672 2098 hano
695 2035 822 2111 attinet,
854 2035 892 2096 de
925 2033 1112 2096 astronomia
1144 2031 1208 2094 sine
1231 2029 1450 2114 hypothesibus

81 2120 256 2182 constituta
280 2119 409 2200 gloriari
432 2123 556 2202 possim.
602 2124 671 2196 Quo
702 2123 981 2203 nominegratulor
1002 2132 1125 2184 vestrae
1148 2121 1231 2201 genti
1258 2121 1296 2183 de
1325 2120 1450 2183 inventa
1554 2111 1557 2124 “

83 2225 134 2286 ptr
158 2207 367 2274 Guilielmnm
398 2209 519 2274 Gilbert
547 2212 741 2294 philosophia
771 2205 985 2293 magnetica.⁴)
1029 2213 1109 2274 Nam
1132 2229 1170 2271 ea
1196 2209 1286 2291 plane
1317 2207 1390 2272 mihi
1419 2215 1451 2270 et

84 2297 270 2378 mplaneta
293 2297 397 2362 Marte
419 2299 543 2364 iuventa
566 2311 622 2364 eet.
668 2303 749 2366 Nam
771 2303 842 2385 quid
866 2310 927 2376 est,
959 2302 1039 2382 quod
1069 2301 1211 2381 planetas
1243 2297 1325 2365 eirea
1346 2297 1450 2360 Solem

85 2389 165 2467 rapit
189 2389 409 2461 leonseuu'nut
431 2390 511 2453 enim
525 2391 628 2474 lyoho
652 2399 683 2454 et
699 2391 884 2473 Cepernieos
899 2391 929 2454 in
948 2393 1010 2466 eo),
1034 2389 1105 2472 qnid
1121 2389 1201 2452 enim
1218 2385 1278 2452 uisi
1301 2385 1449 2450 odierium

88 2475 170 2538 Solis
191 2477 427 2558 magnetieum?
472 2480 554 2552 Quid
577 2499 649 2544 vero
672 2489 729 2558 est,
752 2481 832 2564 quod
853 2480 994 2561 planetas
1018 2479 1093 2541 lauit
1114 2499 1134 2539 a
1158 2476 1230 2542 Sole
1253 2476 1449 2550 eoeehtrieos,

89 2565 166 2646 qued
189 2575 288 2647 eegat
309 2566 396 2648 ipses
419 2569 459 2631 ad
478 2569 581 2633 Solem
604 2572 757 2646 abcedere,
781 2571 819 2633 ab
843 2587 878 2631 ee
901 2568 1063 2631 recedere?
1101 2569 1218 2648 Nempe
1241 2565 1389 2630 silluvinm
1412 2581 1450 2626 es

91 2655 163 2733 ipsis
184 2656 385 2737 planetarum
408 2659 583 2740 corporibus
605 2661 806 2740 magnetionm
829 2665 861 2720 ot
883 2657 1008 2722 direetie
1032 2655 1109 2720 axis

175 2749 287 2828 Atque
311 2746 387 2810 haee
410 2748 512 2810 omnia
532 2747 693 2812 ratiocinia
713 2750 745 2812 in
758 2751 859 2812 Marte
878 2747 922 2811 sio
940 2755 1012 2810 sunt
1034 2751 1216 2828 temperata,
1240 2749 1275 2806 ut
1296 2749 1350 2806 aut
1371 2741 1451 2804 laiss

94 2851 160 2895 esse
183 2853 316 2920 neeesse
340 2838 398 2913 sit,
432 2845 486 2902 aut
516 2839 653 2902 omnibus
680 2839 811 2920 planetis
834 2837 934 2942 quoad
956 2837 1134 2918 qualitatem
1156 2832 1333 2896 eommunia.
1357 2829 1450 2936 ‘Quo

94 2925 880 3010 nemiueolavemastronomiaepenitiorrs
895 2925 1055 3008 inptiois
1066 2923 1321 3006 jurepromisisss
1336 2921 1448 2984 videor.

185 3153 263 3222 Operi,
292 3156 422 3224 Magini
452 3160 585 3226 iusefipte:
624 3158 893 3226 Supplemeutum
923 3155 1172 3223 Ephenreriduru
1202 3166 1238 3206 ae
1267 3151 1452 3203 tabularum

95 3227 315 3280 secundorum
339 3231 512 3282 mobilium.
548 3231 664 3282 Frankol.
691 3245 715 3284 a.
734 3229 769 3282 lt
790 3227 869 3287 1015.
895 3229 995 3282 additae
1018 3234 1078 3279 suut
1097 3227 1186 3277 literae
1210 3223 1333 3291 quaedam
1350 3221 1460 3286 Keplerl

95 3295 129 3346 ss
145 3295 290 3364 Ιιιίιιιιιι,
321 3315 423 3367 quarum
449 3305 594 3368 posteriores
621 3305 647 3354 in
674 3309 758 3354 annet
787 3299 820 3353 ll.
840 3299 875 3351 80
899 3305 1018 3367 uqueute
1045 3299 1204 3350 exhibuimus.
1245 3295 1342 3346 Priores
1369 3301 1453 3350 auum

94 3381 181 3420 tarn
207 3369 251 3422 ls'e
280 3373 428 3438 mendae
454 3381 529 3431 sent,
557 3389 613 3426 eum
639 3376 748 3440 proxime
774 3375 916 3440 pertineant
943 3372 977 3424 ad
1002 3385 1051 3432 es,
1077 3383 1141 3436 quas
1159 3367 1284 3432 Ksplem
1308 3365 1340 3424 ea
1365 3363 1454 3418 iisdem

94 3441 146 3506 osis
172 3441 250 3494 rebus
280 3458 337 3499 eum
357 3440 530 3498 -llssvaste
557 3453 584 3498 st
609 3447 768 3512 labrieie.
795 3443 922 3512 ‚Magnus
945 3445 974 3496 tn
1000 3442 1105 3509 epistola
1124 3439 1280 3492 dediesterla
1307 3436 1340 3488 ad
1364 3437 1453 3502 Apost-

97 3510 165 3562 lsun
183 3509 426 3566 llarsseettum
443 3515 508 3578 hee
523 3519 677 3584 praemittit:
704 3518 736 3568 lu
753 3517 791 3568 his
808 3515 896 3570 hlauts
921 3514 1011 3566 tabells
1030 3528 1061 3567 ae
1079 3512 1174 3566 esleule
1196 3516 1313 3578 aequum·
1331 3523 1386 3560 sum
1403 3515 1452 3557 ter·

97 3583 179 3632 uiuos
199 3583 377 3650 hypothesium
394 3587 505 3652 Kepleri.
541 3587 684 3647 Praeterea,
703 3595 732 3639 ut
749 3587 804 3638 Tibi
822 3588 848 3638 iu
864 3583 912 3638 hee
930 3599 1025 3654 queque
1048 3586 1207 3650 obsequerer,
1232 3581 1354 3647 pathesst
1373 3579 1453 3630 erudi·

98 3655 225 3705 ΕΜ
243 3657 350 3722 Ksplasl
369 3660 497 3723 epistelam
515 3661 598 3720 illam,
626 3675 700 3726 qnam
719 3659 752 3710 ad
768 3671 809 3711 me
826 3673 893 3710 anne
914 3655 989 3708 lidi.
1010 3655 1168 3721 eomsrlpslt,
1196 3667 1252 3704 enm
1268 3651 1354 3716 'spelte
1372 3651 1454 3702 adhue

97 3726 211 3786 W·
241 3729 366 3795 n'puldm
382 3729 426 3780 illa
446 3733 552 3796 ipsust
569 3727 773 3799 intelligendam
786 3731 890 3797 tingnis
914 3731 978 3780 illius
1005 3731 1085 3794 operis
1106 3727 1138 3779 de
1159 3732 1228 3778 netu
1245 3723 1334 3776 llartls
1349 3722 1456 3777 mulum

98 3795 163 3848 lseis
184 3798 297 3852 mensa
334 3801 527 3854 lustrantem
545 3806 668 3872 mpetum,
685 3819 725 3856 me
743 3803 777 3856 ad
793 3801 862 3854 illam
880 3809 939 3854 tune
956 3807 987 3870 ιιιΙ
1002 3814 1048 3865 psr
1065 3807 1121 3850 erat
1137 3813 1187 3850 seu
1209 3795 1379 3862 inpendisse.
1399 3808 1455 3846 eum

14 3921 15 3940 ι
98 3870 252 3934 ‘ulmo
271 3886 328 3924 Μ
346 3873 423 3930 fuine
436 3875 558 3938 Tyehouis
575 3877 677 3928 hortatu
695 3877 729 3942 ad
743 3888 783 3926 me
802 3875 975 3938 tomeriptam,
993 3878 1023 3923 ut
1040 3885 1072 3922 sa
1090 3883 1156 3922 ame
1174 3869 1217 3918 ille
1234 3867 1345 3918 ebdnere
1362 3871 1455 3930 posset,

14 3943 16 3990 l
102 3955 167 4004 quaa
185 3943 266 4007 pamm
286 3949 346 3996 sete
364 3945 411 4009 ipsi
429 3945 540 4011 Tyehoui
558 3948 706 4008 obtuleram,
725 3945 774 3998 hae
791 3946 943 4010 potissimum
962 3943 1115 3999 conditione,
1134 3947 1163 3992 ut
1179 3931 1239 3990 mihi
1256 3953 1314 3990 rese
1332 3951 1455 3988 tommen-

103 4015 249 4066 mnaseas
266 4015 362 4066 orbium
380 4020 561 4070 eemmnnleare
573 4019 664 4078 rellst;
683 4017 787 4069 othum
803 4029 886 4068 meam
904 4015 1069 4081 suspleleusur
1087 4013 1164 4071 aaut,
1182 4009 1247 4078 quod
1258 4009 1352 4061 nullium
1369 4013 1457 4074 postea

100 4087 726 4158 mthabipse'l'yeheusrespensumdo.
749 4098 774 4118 ¹·

184 4165 263 4218 ΗΜ
280 4167 358 4234 istm
374 4169 444 4224 oens
460 4170 585 4252 Kartera·
601 4171 716 4238 Mutuo:
746 4161 788 4226 si
809 4167 914 4227 mutua
942 4155 1093 4224 hominum
1125 4153 1235 4226 notitia
1264 4153 1410 4235 penderet
1437 4171 1458 4215 a

102 4247 165 4310 solo
187 4265 360 4329 congressu
383 4259 416 4313 et
437 4252 548 4316 intuitu
570 4252 691 4328 vultus,
721 4249 852 4330 longiori
878 4251 985 4334 tersae
1018 4245 1141 4309 exordio
1173 4243 1247 4307 mihi
1277 4261 1352 4323 opus
1375 4249 1459 4303 esset

100 4335 297 4420 pluribusque
320 4340 511 4421 ambagibus,
535 4341 641 4424 quibus
663 4341 694 4404 in
714 4347 800 4430 tuam
821 4339 917 4420 ignoti
940 4331 1178 4401 familiaritatem
1196 4351 1263 4414 ego,
1288 4332 1458 4396 Germanus

102 4425 198 4504 bomo,
215 4428 269 4510 qni
285 4449 442 4512 uunquam
457 4427 575 4494 Italiam
589 4429 661 4506 ridi,
677 4429 833 4511 pervenire
850 4425 1072 4491 contenderem.
1102 4425 1146 4488 Te
1161 4422 1234 4488 mihi
1252 4421 1369 4492 literae,
1386 4439 1457 4482 eea·

105 4513 194 4582 lesnes
218 4525 321 4594 artes,
346 4521 492 4601 samque
515 4519 641 4584 celebris
664 4520 708 4582 ita
729 4526 835 4582 notum
856 4515 1068 4589 reddiderunt,
1096 4520 1131 4576 nt
1152 4529 1268 4576 summa
1289 4506 1458 4589 praeditum

107 4605 286 4672 limosos
310 4627 389 4690 erga
413 4615 534 4674 exteros
556 4608 663 4674 merito
685 4609 822 4685 eredam;
846 4625 942 4690 eaque
957 4606 1053 4668 fretus
1066 4602 1175 4666 fiducia
1188 4608 1257 4662 tuas
1273 4597 1376 4671 aedes,
1398 4617 1458 4662 neu

109 4705 168 4760 aste
190 4699 432 4764 denuntiatione
458 4697 625 4774 laetanda
644 4699 778 4774 venian,
810 4703 895 4762 reeta
920 4694 1056 4777 injussm
1078 4689 1246 4772 ingredior,
1275 4705 1329 4769 per
1351 4687 1458 4750 literas

110 4791 202 4868 “turs
222 4783 507 4874 praestantissime
518 4787 652 4869 Magius,
675 4788 713 4850 de
735 4787 941 4860 communibus
960 4782 1069 4848 studiis
1085 4779 1295 4844 eolloeuturua.
1333 4777 1458 4840 blatho-

110 4879 216 4946 netas
238 4878 442 4962 disciplinas
464 4891 614 4955 procerum
627 4877 749 4962 Styriae
772 4875 931 4958 stipendiis
947 4872 1068 4955 arbutus
1091 4867 1159 4934 indo
1175 4888 1194 4933 a
1209 4862 1262 4939 94.
1277 4886 1355 4932 anne
1370 4865 1457 4934 avide
