3582 5558
314 256 376 343 114
732 265 832 320 Literse
851 266 951 332 Kepleri
970 266 1120 332 aliorumque
1139 271 1239 319 mutuas

312 442 489 508 distantiam
518 439 659 514 100000,
692 463 815 508 caumm
837 443 950 526 conjeci
977 445 1068 521 hanc,
1096 444 1175 526 quod
1201 444 1326 508 libretur
1350 443 1382 508 in
1404 442 1553 509 diametro
1576 440 1665 523 qussi

312 533 439 614 epicycli
459 533 500 594 ad
523 532 624 604 Solem
647 541 791 607 extensa,
815 541 846 596 et
869 535 896 596 in
924 533 1067 614 superiori
1100 534 1267 613 quadrante
1297 533 1421 608 libretur
1454 533 1561 607 tarde,
1594 532 1667 612 qnia

312 621 400 702 longe
433 620 520 684 abest
557 643 575 683 a
606 622 693 696 Sole,
723 641 779 703 quo
809 631 898 702 pacto
931 623 1072 702 efficitur,
1101 631 1136 686 ut
1170 623 1337 704 aequaliter
1368 622 1545 686 absolvatur
1571 639 1666 683 *arcus

315 712 448 774 ecoentri
469 720 500 774 et
523 729 611 774 arens
643 711 739 774 fictitii
773 711 852 773 illins
879 712 1025 795 epinycli,
1058 732 1180 792 quornm
1208 713 1291 778 sinus
1323 712 1403 774 versi
1435 711 1540 773 valent
1568 709 1665 773 libra-

312 800 434 861 tionem·
486 799 620 862 Ulterius
652 801 888 886 demonstratum
911 802 1030 878 habeo,
1063 801 1088 863 si
1116 802 1239 881 planeta
1266 817 1324 880 pro
1353 799 1527 872 fortitudine
1561 799 1666 878 anguli

313 887 515 950 inclinationis
549 889 615 951 axis
638 890 677 950 ad
701 887 802 950 Solem
835 889 960 952 celerius
983 891 1030 952 vel
1061 890 1175 952 tardius
1206 891 1332 952 accedat
1355 891 1394 952 ad
1418 888 1537 956 solem.
1568 888 1666 949 libra-

314 976 427 1039 tionem
450 977 530 1040 effici
553 977 639 1060 qnasi
662 977 691 1041 in
716 977 862 1041 diametro
886 979 1020 1062 epicycli.
1067 975 1149 1058 Ergo
1173 979 1304 1042 conclusi
1328 997 1381 1059 pro
1406 977 1581 1041 tortitudine
1606 997 1665 1039 an-

202 1117 206 1122 .
312 1064 447 1148 pulcrum
463 1086 500 1128 ex
517 1075 662 1148 tempore,
679 1066 707 1130 h.
723 1087 748 1131 e.
773 1067 903 1130 exdate
926 1067 1076 1130 anomalia
1098 1067 1198 1130 media
1217 1087 1275 1130 nou
1299 1069 1403 1130 statim
1422 1065 1487 1130 dari
1511 1085 1665 1147 coaequa-

250 1177 253 1182 ·
313 1165 386 1231 tem,
412 1155 467 1216 sed
490 1163 596 1218 contra
622 1155 724 1238 potins
748 1177 785 1220 ex
808 1158 881 1220 data
910 1149 1059 1220 anomalia
1092 1157 1221 1220 eccentri
1248 1156 1314 1235 dari
1342 1165 1373 1219 et
1400 1155 1529 1220 mediam
1554 1165 1587 1217 et
1609 1176 1665 1216 cn-

313 1251 485 1324 aeqnatam‚
510 1243 549 1319 id,
570 1245 699 1326 inquam,
724 1266 760 1306 ne
776 1245 912 1308 mireris:
938 1247 1066 1310 nondum
1082 1248 1159 1308 enim
1173 1247 1338 1309 docuerunt
1351 1254 1534 1328 geometrae,
1560 1245 1666 1308 datum

311 1331 490 1397 semicirculi
522 1334 645 1413 planum
676 1333 707 1396 in
736 1335 810 1397 data
842 1335 958 1398 ratione
990 1355 1044 1415 per
1075 1337 1178 1399 datum
1209 1334 1349 1398 diametri
1376 1343 1518 1417 punctum
1547 1353 1665 1404 secare,

310 1441 364 1486 nee
387 1429 462 1504 puto
487 1431 646 1504 poterunt,
666 1443 711 1498 eo,
727 1425 806 1506 qnod
820 1443 886 1486 cnm
901 1425 996 1485 lineae
1023 1425 1189 1487 sectionum
1213 1424 1275 1486 sint
1288 1434 1399 1499 rectae,
1422 1425 1664 1504 plannmtamen

311 1531 349 1573 ex
373 1509 497 1573 dimidio
522 1529 613 1573 curva
637 1514 916 1592 comprehendatur.

399 1615 588 1676 l'abricins:
608 1617 646 1667 'l'n
663 1618 782 1670 indirecte
800 1620 919 1683 procedis,
938 1619 1058 1684 triplicem
1071 1619 1242 1671 constituendo
1255 1619 1426 1678 anomalianir
1445 1632 1489 1672 our
1509 1632 1540 1668 ea
1559 1618 1666 1682 simplici

310 1687 396 1737 statim
414 1695 579 1754 coaequatam
598 1689 715 1740 exhiberi
751 1691 789 1740 Tn
807 1706 838 1740 ex
856 1693 949 1740 incerto
973 1697 1000 1742 et
1026 1692 1095 1758 quad
1122 1691 1184 1742 ialso
1211 1693 1336 1756 supposito
1363 1705 1447 1742 verum
1473 1691 1592 1755 inquiries
1620 1704 1664 1742 eur

309 1773 359 1810 uon
386 1757 466 1822 potins
495 1773 525 1808 ex
551 1773 607 1810 vern
635 1775 733 1819 rernm,
761 1761 855 1823 idest,
884 1769 912 1812 ut
937 1765 1090 1826 coaequatae
1108 1777 1168 1812 snae
1187 1763 1289 1826 simplici
1308 1761 1460 1822 anomaliae,
1490 1761 1593 1825 tempori
1610 1767 1666 1813 tuo.

311 1830 461 1893 respondeat
486 1831 570 1880 statim
593 1837 618 1880 et
640 1847 667 1881 re
684 1847 743 1883 vera
768 1832 915 1884 conveniat?
952 1833 1082 1888 Concede.
1108 1849 1136 1883 ex
1164 1836 1213 1884 tuis
1231 1833 1405 1898 hypothesibus
1425 1847 1494 1888 seros
1511 1839 1593 1881 motus
1613 1832 1669 1881 dari

311 1915 399 1964 pesae,
429 1902 673 1954 atnatunlasiilas
692 1906 802 1954 asseris
821 1907 908 1961 credo,
935 1920 991 1956 eum
1018 1904 1210 1956 circularitatern
1233 1915 1260 1956 et
1282 1913 1362 1956 motus
1387 1904 1564 1970 nundinum
1593 1905 1668 1954 tollas

313 1971 476 2037 altipassus
881 1995 886 2004 ·

399 2043 598 2123 Keplerus:
638 2044 767 2116 Quaeris
796 2047 886 2109 etiam
911 2047 946 2114 de
971 2067 1063 2108 cansa
1087 2047 1339 2129 aequipollentiae
1364 2045 1442 2108 inter
1465 2045 1609 2108 vicariam
1635 2053 1669 2108 et

310 2131 475 2214 physicam,
499 2133 529 2194 h.
546 2153 571 2194 e.
595 2133 785 2198 verissimam
807 2135 997 2218 hypothesin.
1040 2137 1108 2198 Nou
1132 2137 1251 2215 neglexi
1275 2136 1356 2203 illam
1380 2135 1412 2197 in
1425 2134 1664 2208 commentariis,

299 2221 369 2312 'sed
398 2221 550 2306 peculiare
574 2235 665 2302 capnt
697 2223 771 2292 ieci.
804 2226 882 2306 quod
906 2225 976 2304 quia
1003 2225 1152 2306 prolixum
1180 2227 1267 2288 mitto
1297 2225 1475 2289 describere.
1524 2223 1669 2286 Sufficiat

310 2311 367 2373 libi
390 2311 475 2386 scire,
501 2312 579 2393 qued
599 2311 721 2374 inventa
739 2311 790 2376 sit.
828 2317 913 2383 (Quae
928 2325 981 2386 jam
994 2329 1128 2388 sequuntur
1141 2323 1173 2374 de
1186 2322 1210 2384 0'
1221 2323 1349 2388 parallaxi,
1371 2313 1486 2388 legantur
1507 2329 1593 2372 annot
1608 2319 1667 2383 38.)

381 2417 570 2468 Fabricius:
590 2416 616 2467 Si
636 2433 692 2468 cnm
705 2416 839 2482 Gopernico
858 2421 992 2477 consentis,
1011 2421 1088 2485 proba
1105 2420 1309 2485 inaequalitatem
1326 2420 1485 2472 latitudinum
1503 2413 1669 2472 maiimsrum

309 2487 486 2610 insplssffiffl'
510 2488 556 2608 dard
583 2489 603 2538 si
626 2503 680 2540 eam
707 2489 836 2542 ostendere
855 2505 904 2540 uon
927 2499 1010 2556 potes,
1044 2506 1100 2544 cum
1126 2491 1242 2555 Tythons
1267 2493 1499 2544 circumductionem
1517 2493 1613 2543 iliorum
1640 2495 1669 2542 irs

310 2573 367 2608 ore
437 2571 509 2610 scre
526 2573 550 2608 e.

398 2646 598 2726 Keplerns:
625 2645 670 2709 De
694 2648 827 2711 maxima
849 2657 874 2719 d
898 2649 1058 2714 latitudine
1082 2649 1211 2730 quaeris,
1236 2670 1274 2712 an
1298 2659 1416 2712 mutata
1438 2650 1488 2712 sit.
1526 2651 1609 2730 Ergo
1634 2661 1668 2712 te

312 2737 557 2808 commonefacio,
582 2736 669 2798 hodie
692 2757 758 2798 esse
782 2733 1054 2826 0011104030
1079 2744 1113 2814 il.
1152 2741 1196 2802 Tu
1215 2739 1279 2820 jam
1304 2741 1332 2801 in
1347 2741 1523 2802 Ptolemaeo
1542 2759 1666 2820 quaere,

311 2833 425 2906 quanta
448 2823 517 2898 olim
549 2825 648 2887 luerit.
695 2826 833 2888 Invenies
857 2829 941 2890 illam
966 2828 1054 2890 aliter
1077 2827 1165 2890 hodie
1190 2829 1316 2904 habere,
1350 2829 1474 2910 perinde
1495 2836 1532 2906 pt
1555 2829 1667 2890 stellae

230 2983 233 2997 Ι
310 2913 387 2976 fixae
411 2914 664 2994 septentrionales
679 2914 708 2975 in
725 2930 767 2990 m,
784 2921 819 2993 ii·
856 2915 938 2997 Ergo
953 2917 1058 2980 relaxa
1081 2919 1205 3012 irnp'eria
1220 2928 1290 2988 tna,
1314 2928 1347 2980 ut
1363 2917 1528 3004 Cnpernico
1544 2919 1669 2980 deserto

312 3003 526 3075 adlBraheum
551 3003 728 3066 desciscam.

402 3091 586 3172 Fabricius:
607 3091 712 3153 Quando
730 3093 837 3158 prodibit
854 3093 942 3144 Martis
961 3092 1174 3165 Commentarius?

399 3179 602 3259 Keplerns:
627 3177 867 3244 Commentarios
890 3191 923 3244 ut
946 3184 1033 3245 edam
1057 3183 1159 3245 laboro
1190 3185 1359 3263 diligentur.
1407 3183 1537 3245 Videtur
1561 3183 1668 3268 Tong-

312 3269 430 3352 naglius
454 3285 661 3344 concessurus,
687 3271 713 3330 si
737 3271 907 3352 permittam
926 3271 983 3352 ipsi
1008 3273 1189 3352 quorundam
1214 3273 1465 3345 emendationem,
1490 3273 1567 3353 quod
1591 3275 1668 3338 mihi

311 3375 403 3438 grave
428 3365 485 3419 est.
867 3389 880 3433 s

399 3445 576 3496 Fabricius
596 3443 633 3506 (iu
651 3447 771 3497 schedula
789 3445 922 3510 adlecta):
949 3449 1010 3498 Cum
1028 3409 1207 3500 minimatum
1225 3449 1394 3500 festinandum
1413 3457 1486 3510 esset,
1506 3452 1584 3502 multe
1603 3467 1665 3504 ceu·

433 3588 438 3600 1
485 3583 520 3636 38
631 3518 684 3568 tuse
703 3527 762 3569 sunt
779 3521 880 3604 scripta.
905 3519 1036 3604 Quaedam
1054 3529 1139 3572 tanen
1158 3522 1238 3572 denuo
1258 3521 1355 3586 colligo.
1393 3521 1455 3606 dum
1472 3521 1541 3572 Mars
1560 3539 1612 3576 nnn
1631 3529 1666 3576 ait

331 3647 339 3660 ·
412 3588 465 3653 ¹²¹⁸·
522 3621 578 3732 ',
626 3589 1009 3726 :titttittssttz
1023 3593 1068 3714 ⁸13⁶
1081 3591 1663 3718 itittttiitbttttttttt

625 3729 690 3792 nilo,
710 3733 754 3782 ssd
773 3733 890 3817 linearem
910 3735 1153 3819 demonstrationem.
1180 3735 1250 3784 Data
1264 3735 1389 3786 anomalia
1401 3735 1519 3820 simplici,
1533 3752 1661 3805 coaequa-

558 3871 576 3920 s
625 3805 1069 3941 ti.t⁰2tt.¹’t.it¹.tittt
1084 3807 1592 3944 elisatii.ittig-'tllaii
1602 3813 1663 3933 ‚tt

626 3953 681 4010 post
698 3939 742 4010 per
759 3947 866 4032 ederem
885 3941 920 4007 Δ
933 3948 1003 4032 lilith
1020 3913 1211 4012 multiplicatum
1229 3951 1255 4000 in
1273 3950 1315 4002 EC
1333 3951 1414 4032 sinum
1432 3949 1534 4034 colligas
1553 3943 1662 4006 dearum

556 4078 574 4128 a
626 4018 1040 4145 ‘'iiiii''h‘iliiaiiiniiltii
1059 4020 1665 4147 mittitete?sititis?stt

626 4106 746 4228 {sgnum
764 4159 866 4212 adhibes
885 4169 911 4214 et
927 4165 954 4212 in
972 4165 1039 4213 sinus
1058 4162 1166 4213 nondum
1185 4171 1294 4214 curtatus
1312 4127 1470 4227 multiplicas.
1505 4165 1578 4226 Quae
1595 4168 1662 4218 illins

627 4231 838 4296 multiplicationis
857 4247 935 4285 musa
952 4243 978 4284 et
996 4235 1059 4284 ratio
1078 4237 1118 4293 alt,
1137 4235 1209 4284 selim
1228 4236 1351 4285 ostendes.
1389 4235 1428 4286 Tu
1446 4237 1479 4287 ad
1497 4239 1659 4302 puuctumD

556 4293 573 4342 Α
627 4307 920 4426 magnaeanum,
950 4321 1005 4358 cum
1023 4313 1108 4356 tamen
1133 4307 1183 4356 illie
1201 4305 1226 4367 0¹
1246 4321 1296 4358 non
1314 4309 1355 4369 sit,
1373 4319 1421 4358 neo
1440 4309 1516 4360 mam
1534 4308 1582 4360 AD
1602 4325 1661 4364 vera

717 4447 921 4527 Keplerus:
950 4448 999 4510 Ex
1022 4447 1142 4528 adjecta
1170 4448 1282 4512 scheda
1304 4448 1407 4525 viden,
1437 4449 1493 4514 tibi
1516 4453 1660 4518 tenebras

629 4534 739 4598 olinndi
763 4535 902 4616 parilia,
927 4556 1002 4616 quae
1027 4557 1082 4617 ego
1106 4538 1182 4604 lucis
1206 4558 1299 4601 causa
1322 4539 1507 4602 addideram.
1532 4541 1574 4602 Et
1588 4543 1660 4622 qnia

308 4623 467 4687 schemata
490 4633 600 4700 mutas,
625 4625 747 4689 mutabo
772 4634 802 4686 et
816 4641 883 4704 ego,
908 4636 941 4687 ot
955 4646 1008 4705 per
1026 4635 1079 4689 tna
1098 4635 1194 4691 tecum
1220 4629 1332 4708 loquar.
1369 4627 1436 4708 Ego
1460 4629 1515 4692 tibi
1539 4631 1657 4712 scripsi,

308 4707 334 4772 si
360 4711 425 4794 quis
450 4691 542 4776 vellit
565 4715 617 4776 FB
635 4716 684 4778 vel
698 4713 760 4776 FD‘
774 4732 884 4794 ponere
907 4733 1075 4780 mensnram
1096 4718 1238 4798 temporis
1263 4735 1316 4778 sen
1340 4717 1505 4780 anomaliae
1529 4721 1655 4796 mediae,

307 4811 378 4864 tnnc
393 4801 520 4862 futurum
536 4802 578 4864 iili
593 4805 744 4886 planetam
760 4803 789 4865 in
805 4800 832 4864 Ο
851 4807 887 4876 (p.
903 4808 965 4874 1⁰⁰)
973 4824 983 4880 ς
1002 4805 1086 4885 cnjus
1101 4807 1202 4886 puncti
1218 4805 1387 4870 inveniendi
1400 4803 1559 4872 methodus
1575 4811 1657 4874 nulla
