<?xml version="1.0" encoding="UTF-8"?>
<!DOCTYPE html PUBLIC "-//W3C//DTD XHTML 1.0 Transitional//EN"
    "http://www.w3.org/TR/xhtml1/DTD/xhtml1-transitional.dtd">
<html xmlns="http://www.w3.org/1999/xhtml" xml:lang="en" lang="en">
 <head>
  <title>
</title>
<meta http-equiv="Content-Type" content="text/html;charset=utf-8" />
  <meta name='ocr-system' content='tesseract 3.04.00' />
  <meta name='ocr-capabilities' content='ocr_page ocr_carea ocr_par ocr_line ocrx_word'/>
</head>
<body>
  <div class='ocr_page' id='page_1' title='image "./joanniskepleria28frisgoog_0100.png"; bbox 0 0 3582 5558; ppageno 0'>
   <div class='ocr_carea' id='block_1_1' title="bbox 533 225 1118 288">
    <p class='ocr_par' dir='ltr' id='par_1_1' title="bbox 533 225 1118 288">
     <span class='ocr_line' id='line_1_1' title="bbox 533 225 1118 288; baseline 0.012 -9"><span class='ocrx_word' id='word_1_1' title='bbox 533 227 564 280; x_wconf 87' lang='lat' dir='ltr'><strong>de</strong></span> <span class='ocrx_word' id='word_1_2' title='bbox 581 225 767 283; x_wconf 74' lang='lat' dir='ltr'><strong>Commentariis</strong></span> <span class='ocrx_word' id='word_1_3' title='bbox 786 230 817 283; x_wconf 87' lang='lat' dir='ltr'><strong>de</strong></span> <span class='ocrx_word' id='word_1_4' title='bbox 833 237 903 286; x_wconf 79' lang='lat' dir='ltr'><strong>motu</strong></span> <span class='ocrx_word' id='word_1_5' title='bbox 916 235 1004 288; x_wconf 77' lang='lat' dir='ltr'><strong>stellae</strong></span> <span class='ocrx_word' id='word_1_6' title='bbox 1022 235 1118 288; x_wconf 76' lang='lat' dir='ltr'><strong>Martia</strong></span> 
     </span>
    </p>
   </div>
   <div class='ocr_carea' id='block_1_2' title="bbox 136 391 969 1023">
    <p class='ocr_par' dir='ltr' id='par_1_2' title="bbox 136 391 969 1023">
     <span class='ocr_line' id='line_1_2' title="bbox 136 391 866 488; baseline 0.015 -27"><span class='ocrx_word' id='word_1_7' title='bbox 136 391 216 478; x_wconf 77' lang='lat' dir='ltr'><strong>igitur</strong></span> <span class='ocrx_word' id='word_1_8' title='bbox 235 393 295 462; x_wconf 86' lang='lat' dir='ltr'><strong>hio</strong></span> <span class='ocrx_word' id='word_1_9' title='bbox 317 401 518 488; x_wconf 80' lang='lat' dir='ltr'><strong>epicyclicm</strong></span> <span class='ocrx_word' id='word_1_10' title='bbox 536 402 674 470; x_wconf 87' lang='lat' dir='ltr'><strong>Sclarem</strong></span> <span class='ocrx_word' id='word_1_11' title='bbox 695 405 727 470; x_wconf 92' lang='lat' dir='ltr'><strong>iu</strong></span> <span class='ocrx_word' id='word_1_12' title='bbox 748 407 775 472; x_wconf 91' lang='lat'><strong>1.</strong></span> <span class='ocrx_word' id='word_1_13' title='bbox 820 409 866 472; x_wconf 85' lang='lat' dir='ltr'><strong>At</strong></span> 
     </span>
     <span class='ocr_line' id='line_1_3' title="bbox 146 484 866 572; baseline 0.013 -21"><span class='ocrx_word' id='word_1_14' title='bbox 146 484 375 564; x_wconf 68' lang='lat' dir='ltr'><strong>subiactus</strong></span> <span class='ocrx_word' id='word_1_15' title='bbox 402 491 604 558; x_wconf 88' lang='lat' dir='ltr'><strong>circaSolem</strong></span> <span class='ocrx_word' id='word_1_16' title='bbox 627 495 741 572; x_wconf 84' lang='lat' dir='ltr'><strong>tardus,</strong></span> <span class='ocrx_word' id='word_1_17' title='bbox 768 497 810 559; x_wconf 92' lang='lat' dir='ltr'><strong>ibi</strong></span> <span class='ocrx_word' id='word_1_18' title='bbox 833 505 866 560; x_wconf 91' lang='lat' dir='ltr'><strong>et</strong></span> 
     </span>
     <span class='ocr_line' id='line_1_4' title="bbox 148 577 863 666; baseline 0.01 -24"><span class='ocrx_word' id='word_1_19' title='bbox 148 577 243 642; x_wconf 62' lang='lat' dir='ltr'><strong>ardus</strong></span> <span class='ocrx_word' id='word_1_20' title='bbox 267 589 355 642; x_wconf 89' lang='lat' dir='ltr'><strong>esset</strong></span> <span class='ocrx_word' id='word_1_21' title='bbox 373 591 479 646; x_wconf 90' lang='lat' dir='ltr'><strong>motus</strong></span> <span class='ocrx_word' id='word_1_22' title='bbox 497 581 527 646; x_wconf 94' lang='lat' dir='ltr'><strong>iu</strong></span> <span class='ocrx_word' id='word_1_23' title='bbox 541 585 674 666; x_wconf 88' lang='lat' dir='ltr'><strong>epicyolo</strong></span> <span class='ocrx_word' id='word_1_24' title='bbox 693 585 733 648; x_wconf 91' lang='lat' dir='ltr'><strong>ad</strong></span> <span class='ocrx_word' id='word_1_25' title='bbox 751 585 863 662; x_wconf 81' lang='lat' dir='ltr'><strong>Solem,</strong></span> 
     </span>
     <span class='ocr_line' id='line_1_5' title="bbox 147 667 864 754; baseline 0.008 -22"><span class='ocrx_word' id='word_1_26' title='bbox 147 676 209 732; x_wconf 87' lang='lat' dir='ltr'><strong>tuuc</strong></span> <span class='ocrx_word' id='word_1_27' title='bbox 218 667 300 734; x_wconf 78' lang='lat' dir='ltr'><strong>[NK</strong></span> <span class='ocrx_word' id='word_1_28' title='bbox 312 671 473 754; x_wconf 80' lang='lat' dir='ltr'><strong>perfectus</strong></span> <span class='ocrx_word' id='word_1_29' title='bbox 487 673 613 738; x_wconf 89' lang='lat' dir='ltr'><strong>circulus</strong></span> <span class='ocrx_word' id='word_1_30' title='bbox 629 672 864 751; x_wconf 89' lang='lat' dir='ltr'><strong>describeretur;</strong></span> 
     </span>
     <span class='ocr_line' id='line_1_6' title="bbox 140 751 969 842; baseline 0.01 -21"><span class='ocrx_word' id='word_1_31' title='bbox 140 757 215 840; x_wconf 81' lang='lat' dir='ltr'><strong>jun,</strong></span> <span class='ocrx_word' id='word_1_32' title='bbox 241 759 317 842; x_wconf 90' lang='lat' dir='ltr'><strong>quia</strong></span> <span class='ocrx_word' id='word_1_33' title='bbox 346 759 477 824; x_wconf 90' lang='lat' dir='ltr'><strong>celerius</strong></span> <span class='ocrx_word' id='word_1_34' title='bbox 508 761 665 826; x_wconf 87' lang='lat' dir='ltr'><strong>descendit</strong></span> <span class='ocrx_word' id='word_1_35' title='bbox 688 763 726 826; x_wconf 87' lang='lat' dir='ltr'><strong>ad</strong></span> <span class='ocrx_word' id='word_1_36' title='bbox 750 763 863 842; x_wconf 88' lang='lat' dir='ltr'><strong>Solem,</strong></span> <span class='ocrx_word' id='word_1_37' title='bbox 947 751 969 800; x_wconf 54' lang='grc' dir='ltr'><strong>Ν</strong></span> 
     </span>
     <span class='ocr_line' id='line_1_7' title="bbox 144 846 864 934; baseline 0.007 -22"><span class='ocrx_word' id='word_1_38' title='bbox 144 846 260 912; x_wconf 86' lang='lat' dir='ltr'><strong>tardius</strong></span> <span class='ocrx_word' id='word_1_39' title='bbox 285 848 435 926; x_wconf 84' lang='lat' dir='ltr'><strong>circumit,</strong></span> <span class='ocrx_word' id='word_1_40' title='bbox 459 848 526 914; x_wconf 91' lang='lat' dir='ltr'><strong>ideo</strong></span> <span class='ocrx_word' id='word_1_41' title='bbox 546 850 712 934; x_wconf 82' lang='lat' dir='ltr'><strong>ingreditur</strong></span> <span class='ocrx_word' id='word_1_42' title='bbox 726 853 765 916; x_wconf 88' lang='lat' dir='ltr'><strong>ad</strong></span> <span class='ocrx_word' id='word_1_43' title='bbox 783 853 864 917; x_wconf 85' lang='lat' dir='ltr'><strong>latus</strong></span> 
     </span>
     <span class='ocr_line' id='line_1_8' title="bbox 140 936 865 1023; baseline 0.008 -23"><span class='ocrx_word' id='word_1_44' title='bbox 140 937 213 1000; x_wconf 82' lang='lat' dir='ltr'><strong>het</strong></span> <span class='ocrx_word' id='word_1_45' title='bbox 226 936 289 1002; x_wconf 91' lang='lat' dir='ltr'><strong>hoe</strong></span> <span class='ocrx_word' id='word_1_46' title='bbox 308 958 438 1020; x_wconf 82' lang='lat' dir='ltr'><strong>semper,</strong></span> <span class='ocrx_word' id='word_1_47' title='bbox 463 959 555 1023; x_wconf 91' lang='lat' dir='ltr'><strong>usque</strong></span> <span class='ocrx_word' id='word_1_48' title='bbox 575 939 606 1002; x_wconf 91' lang='lat' dir='ltr'><strong>iu</strong></span> <span class='ocrx_word' id='word_1_49' title='bbox 619 941 650 1004; x_wconf 89' lang='lat' dir='ltr'>K</span> <span class='ocrx_word' id='word_1_50' title='bbox 662 949 735 1005; x_wconf 89' lang='lat' dir='ltr'><strong>tunc</strong></span> <span class='ocrx_word' id='word_1_51' title='bbox 755 941 865 1006; x_wconf 91' lang='lat' dir='ltr'><strong>iterum</strong></span> 
     </span>
    </p>
   </div>
   <div class='ocr_carea' id='block_1_3' title="bbox 115 1117 1506 4886">
    <p class='ocr_par' dir='ltr' id='par_1_3' title="bbox 137 1117 865 1202">
     <span class='ocr_line' id='line_1_9' title="bbox 137 1117 865 1202; baseline 0.003 -20"><span class='ocrx_word' id='word_1_52' title='bbox 137 1117 210 1182; x_wconf 90' lang='lat' dir='ltr'><strong>hinc</strong></span> <span class='ocrx_word' id='word_1_53' title='bbox 223 1117 314 1180; x_wconf 88' lang='lat' dir='ltr'><strong>nasci</strong></span> <span class='ocrx_word' id='word_1_54' title='bbox 329 1125 443 1181; x_wconf 90' lang='lat' dir='ltr'><strong>motum</strong></span> <span class='ocrx_word' id='word_1_55' title='bbox 458 1119 596 1202; x_wconf 86' lang='lat' dir='ltr'><strong>apogaei,</strong></span> <span class='ocrx_word' id='word_1_56' title='bbox 619 1120 748 1184; x_wconf 90' lang='lat' dir='ltr'><strong>nondum</strong></span> <span class='ocrx_word' id='word_1_57' title='bbox 762 1127 865 1185; x_wconf 86' lang='lat' dir='ltr'><strong>tamen</strong></span> 
     </span>
    </p>

    <p class='ocr_par' dir='ltr' id='par_1_4' title="bbox 136 1205 864 1292">
     <span class='ocr_line' id='line_1_10' title="bbox 136 1205 864 1292; baseline 0 -20"><span class='ocrx_word' id='word_1_58' title='bbox 136 1205 346 1272; x_wconf 65' lang='lat' dir='ltr'><strong>consideravi</strong></span> <span class='ocrx_word' id='word_1_59' title='bbox 391 1205 576 1284; x_wconf 81' lang='lat' dir='ltr'><strong>Exerceare‚</strong></span> <span class='ocrx_word' id='word_1_60' title='bbox 602 1227 725 1292; x_wconf 82' lang='lat' dir='ltr'><strong>quaeso,</strong></span> <span class='ocrx_word' id='word_1_61' title='bbox 748 1229 864 1275; x_wconf 90' lang='lat' dir='ltr'><strong>mecum</strong></span> 
     </span>
    </p>

    <p class='ocr_par' dir='ltr' id='par_1_5' title="bbox 134 1294 865 1371">
     <span class='ocr_line' id='line_1_11' title="bbox 134 1294 865 1371; baseline 0.003 -11"><span class='ocrx_word' id='word_1_62' title='bbox 134 1297 165 1360; x_wconf 91' lang='lat' dir='ltr'><strong>in</strong></span> <span class='ocrx_word' id='word_1_63' title='bbox 199 1294 329 1358; x_wconf 86' lang='lat' dir='ltr'><strong>dubium</strong></span> <span class='ocrx_word' id='word_1_64' title='bbox 359 1304 509 1361; x_wconf 77' lang='lat' dir='ltr'><strong>eventum.</strong></span> <span class='ocrx_word' id='word_1_65' title='bbox 563 1297 640 1362; x_wconf 84' lang='lat' dir='ltr'><strong>Esto</strong></span> <span class='ocrx_word' id='word_1_66' title='bbox 673 1305 707 1362; x_wconf 91' lang='lat' dir='ltr'><strong>ut</strong></span> <span class='ocrx_word' id='word_1_67' title='bbox 742 1307 769 1371; x_wconf 73' lang='grc' dir='ltr'><strong>ο*</strong></span> <span class='ocrx_word' id='word_1_68' title='bbox 799 1306 865 1362; x_wconf 89' lang='lat' dir='ltr'><strong>tam</strong></span> 
     </span>
    </p>

    <p class='ocr_par' dir='ltr' id='par_1_6' title="bbox 133 1386 862 1470">
     <span class='ocr_line' id='line_1_12' title="bbox 133 1386 862 1470; baseline 0.003 -20"><span class='ocrx_word' id='word_1_69' title='bbox 133 1404 288 1466; x_wconf 84' lang='lat' dir='ltr'><strong>magnam</strong></span> <span class='ocrx_word' id='word_1_70' title='bbox 325 1386 428 1468; x_wconf 86' lang='lat' dir='ltr'><strong>capiat</strong></span> <span class='ocrx_word' id='word_1_71' title='bbox 455 1387 599 1470; x_wconf 85' lang='lat' dir='ltr'><strong>temporis</strong></span> <span class='ocrx_word' id='word_1_72' title='bbox 631 1388 785 1468; x_wconf 90' lang='lat' dir='ltr'><strong>periodum</strong></span> <span class='ocrx_word' id='word_1_73' title='bbox 808 1407 862 1470; x_wconf 91' lang='lat' dir='ltr'><strong>pro</strong></span> 
     </span>
    </p>

    <p class='ocr_par' dir='ltr' id='par_1_7' title="bbox 133 1473 862 1560">
     <span class='ocr_line' id='line_1_13' title="bbox 133 1473 862 1560; baseline -0.001 -20"><span class='ocrx_word' id='word_1_74' title='bbox 133 1473 290 1560; x_wconf 80' lang='lat' dir='ltr'><strong>epicyclio</strong></span> <span class='ocrx_word' id='word_1_75' title='bbox 326 1494 382 1538; x_wconf 90' lang='lat' dir='ltr'><strong>suo</strong></span> <span class='ocrx_word' id='word_1_76' title='bbox 427 1475 625 1558; x_wconf 75' lang='lat' dir='ltr'><strong>aequabiliter</strong></span> <span class='ocrx_word' id='word_1_77' title='bbox 670 1477 862 1554; x_wconf 86' lang='lat' dir='ltr'><strong>conficiendo,</strong></span> 
     </span>
    </p>

    <p class='ocr_par' dir='ltr' id='par_1_8' title="bbox 134 1567 864 1649">
     <span class='ocr_line' id='line_1_14' title="bbox 134 1567 864 1649; baseline 0 -21"><span class='ocrx_word' id='word_1_78' title='bbox 134 1583 233 1649; x_wconf 80' lang='lat' dir='ltr'><strong>quam</strong></span> <span class='ocrx_word' id='word_1_79' title='bbox 274 1582 426 1645; x_wconf 86' lang='lat' dir='ltr'><strong>maguum</strong></span> <span class='ocrx_word' id='word_1_80' title='bbox 463 1573 529 1628; x_wconf 88' lang='lat' dir='ltr'><strong>erat</strong></span> <span class='ocrx_word' id='word_1_81' title='bbox 573 1567 705 1630; x_wconf 83' lang='lat' dir='ltr'><strong>futurum</strong></span> <span class='ocrx_word' id='word_1_82' title='bbox 744 1574 864 1648; x_wconf 89' lang='lat' dir='ltr'><strong>tempus</strong></span> 
     </span>
    </p>

    <p class='ocr_par' dir='ltr' id='par_1_9' title="bbox 133 1651 865 1734">
     <span class='ocr_line' id='line_1_15' title="bbox 133 1651 865 1734; baseline -0.003 -14"><span class='ocrx_word' id='word_1_83' title='bbox 133 1652 349 1720; x_wconf 75' lang='lat' dir='ltr'><strong>restitutionis</strong></span> <span class='ocrx_word' id='word_1_84' title='bbox 372 1653 453 1716; x_wconf 86' lang='lat' dir='ltr'><strong>circa</strong></span> <span class='ocrx_word' id='word_1_85' title='bbox 476 1651 528 1734; x_wconf 80' lang='grc' dir='ltr'><strong>Θ,</strong></span> <span class='ocrx_word' id='word_1_86' title='bbox 552 1655 579 1719; x_wconf 87' lang='lat' dir='ltr'><strong>si</strong></span> <span class='ocrx_word' id='word_1_87' title='bbox 601 1663 700 1720; x_wconf 89' lang='lat' dir='ltr'><strong>totum</strong></span> <span class='ocrx_word' id='word_1_88' title='bbox 723 1656 865 1720; x_wconf 87' lang='lat' dir='ltr'><strong>circulum</strong></span> 
     </span>
    </p>

    <p class='ocr_par' dir='ltr' id='par_1_10' title="bbox 134 1743 1264 1826">
     <span class='ocr_line' id='line_1_16' title="bbox 134 1743 1264 1826; baseline 0.001 -20"><span class='ocrx_word' id='word_1_89' title='bbox 134 1743 311 1825; x_wconf 81' lang='lat' dir='ltr'><strong>perfectum</strong></span> <span class='ocrx_word' id='word_1_90' title='bbox 333 1753 529 1824; x_wconf 87' lang='lat' dir='ltr'><strong>permeaseet.</strong></span> <span class='ocrx_word' id='word_1_91' title='bbox 574 1743 645 1808; x_wconf 89' lang='lat' dir='ltr'><strong>Jam</strong></span> <span class='ocrx_word' id='word_1_92' title='bbox 671 1763 759 1816; x_wconf 88' lang='lat' dir='ltr'><strong>vero,</strong></span> <span class='ocrx_word' id='word_1_93' title='bbox 791 1743 861 1826; x_wconf 90' lang='lat' dir='ltr'><strong>quia</strong></span> <span class='ocrx_word' id='word_1_94' title='bbox 1262 1815 1264 1822; x_wconf 52' lang='grc'>,</span> 
     </span>
    </p>

    <p class='ocr_par' dir='ltr' id='par_1_11' title="bbox 122 1831 1506 4420">
     <span class='ocr_line' id='line_1_17' title="bbox 133 1831 1493 1920; baseline 0.006 -23"><span class='ocrx_word' id='word_1_95' title='bbox 133 1835 194 1897; x_wconf 93' lang='lat' dir='ltr'><strong>hoc</strong></span> <span class='ocrx_word' id='word_1_96' title='bbox 217 1851 281 1895; x_wconf 91' lang='lat' dir='ltr'><strong>non</strong></span> <span class='ocrx_word' id='word_1_97' title='bbox 305 1832 358 1908; x_wconf 87' lang='lat' dir='ltr'><strong>fit,</strong></span> <span class='ocrx_word' id='word_1_98' title='bbox 393 1852 453 1896; x_wconf 91' lang='lat' dir='ltr'><strong>non</strong></span> <span class='ocrx_word' id='word_1_99' title='bbox 485 1833 562 1896; x_wconf 87' lang='lat' dir='ltr'><strong>enim</strong></span> <span class='ocrx_word' id='word_1_100' title='bbox 585 1832 689 1897; x_wconf 86' lang='lat' dir='ltr'><strong>lNKO</strong></span> <span class='ocrx_word' id='word_1_101' title='bbox 713 1834 793 1898; x_wconf 87' lang='lat' dir='ltr'><strong>viam</strong></span> <span class='ocrx_word' id='word_1_102' title='bbox 824 1839 968 1916; x_wconf 90' lang='lat' dir='ltr'><strong>permeat,</strong></span> <span class='ocrx_word' id='word_1_103' title='bbox 1004 1833 1060 1897; x_wconf 88' lang='lat' dir='ltr'><strong>sed</strong></span> <span class='ocrx_word' id='word_1_104' title='bbox 1081 1831 1199 1912; x_wconf 74' lang='lat' dir='ltr'><strong>IIllM,</strong></span> <span class='ocrx_word' id='word_1_105' title='bbox 1224 1842 1257 1900; x_wconf 90' lang='lat' dir='ltr'><strong>et</strong></span> <span class='ocrx_word' id='word_1_106' title='bbox 1278 1855 1348 1901; x_wconf 89' lang='lat' dir='ltr'><strong>vers</strong></span> <span class='ocrx_word' id='word_1_107' title='bbox 1371 1839 1493 1920; x_wconf 88' lang='lat' dir='ltr'><strong>planum</strong></span> 
     </span>
     <span class='ocr_line' id='line_1_18' title="bbox 132 1921 1493 2009; baseline 0.005 -22"><span class='ocrx_word' id='word_1_108' title='bbox 132 1923 265 1988; x_wconf 85' lang='lat' dir='ltr'><strong>metitur</strong></span> <span class='ocrx_word' id='word_1_109' title='bbox 288 1929 418 2004; x_wconf 88' lang='lat' dir='ltr'><strong>tempus,</strong></span> <span class='ocrx_word' id='word_1_110' title='bbox 442 1921 509 2009; x_wconf 85' lang='lat' dir='ltr'><strong>¹ideo</strong></span> <span class='ocrx_word' id='word_1_111' title='bbox 524 1923 614 1986; x_wconf 89' lang='lat' dir='ltr'><strong>citius</strong></span> <span class='ocrx_word' id='word_1_112' title='bbox 637 1923 717 1986; x_wconf 87' lang='lat' dir='ltr'><strong>circa</strong></span> <span class='ocrx_word' id='word_1_113' title='bbox 732 1923 835 1988; x_wconf 90' lang='lat' dir='ltr'><strong>Solem</strong></span> <span class='ocrx_word' id='word_1_114' title='bbox 857 1924 983 1986; x_wconf 88' lang='lat' dir='ltr'><strong>vertitur</strong></span> <span class='ocrx_word' id='word_1_115' title='bbox 997 1930 1024 1994; x_wconf 81' lang='grc' dir='ltr'><strong>ο·</strong></span> <span class='ocrx_word' id='word_1_116' title='bbox 1038 1941 1127 2006; x_wconf 90' lang='lat' dir='ltr'><strong>quam</strong></span> <span class='ocrx_word' id='word_1_117' title='bbox 1150 1923 1315 2008; x_wconf 85' lang='lat' dir='ltr'><strong>epicyclum</strong></span> <span class='ocrx_word' id='word_1_118' title='bbox 1342 1928 1493 2006; x_wconf 87' lang='lat' dir='ltr'><strong>absolvat,</strong></span> 
     </span>
     <span class='ocr_line' id='line_1_19' title="bbox 133 2009 1491 2097; baseline 0.006 -21"><span class='ocrx_word' id='word_1_119' title='bbox 133 2013 227 2076; x_wconf 77' lang='lat' dir='ltr'><strong>citim</strong></span> <span class='ocrx_word' id='word_1_120' title='bbox 253 2031 345 2094; x_wconf 86' lang='lat' dir='ltr'><strong>quam</strong></span> <span class='ocrx_word' id='word_1_121' title='bbox 368 2011 448 2074; x_wconf 88' lang='lat' dir='ltr'><strong>siin</strong></span> <span class='ocrx_word' id='word_1_122' title='bbox 471 2011 574 2076; x_wconf 88' lang='lat' dir='ltr'>INKO</span> <span class='ocrx_word' id='word_1_123' title='bbox 598 2011 794 2078; x_wconf 79' lang='lat' dir='ltr'><strong>circumisset</strong></span> <span class='ocrx_word' id='word_1_124' title='bbox 842 2009 909 2088; x_wconf 80' lang='lat' dir='ltr'><strong>on</strong></span> <span class='ocrx_word' id='word_1_125' title='bbox 939 2011 1017 2075; x_wconf 90' lang='lat' dir='ltr'><strong>enim</strong></span> <span class='ocrx_word' id='word_1_126' title='bbox 1044 2013 1166 2094; x_wconf 83' lang='lat' dir='ltr'><strong>propior</strong></span> <span class='ocrx_word' id='word_1_127' title='bbox 1189 2011 1256 2078; x_wconf 85' lang='lat' dir='ltr'><strong>Soli</strong></span> <span class='ocrx_word' id='word_1_128' title='bbox 1278 2014 1335 2080; x_wconf 93' lang='lat' dir='ltr'><strong>hoc</strong></span> <span class='ocrx_word' id='word_1_129' title='bbox 1358 2017 1491 2097; x_wconf 89' lang='lat' dir='ltr'><strong>celerior,</strong></span> 
     </span>
     <span class='ocr_line' id='line_1_20' title="bbox 132 2099 1494 2185; baseline 0.005 -19"><span class='ocrx_word' id='word_1_130' title='bbox 132 2101 261 2184; x_wconf 84' lang='lat' dir='ltr'><strong>propior</strong></span> <span class='ocrx_word' id='word_1_131' title='bbox 290 2108 395 2164; x_wconf 88' lang='lat' dir='ltr'><strong>autem</strong></span> <span class='ocrx_word' id='word_1_132' title='bbox 423 2099 453 2163; x_wconf 93' lang='lat' dir='ltr'><strong>iu</strong></span> <span class='ocrx_word' id='word_1_133' title='bbox 486 2101 656 2165; x_wconf 87' lang='lat' dir='ltr'><strong>universnm</strong></span> <span class='ocrx_word' id='word_1_134' title='bbox 684 2101 715 2164; x_wconf 94' lang='lat' dir='ltr'><strong>iu</strong></span> <span class='ocrx_word' id='word_1_135' title='bbox 744 2099 862 2166; x_wconf 87' lang='lat' dir='ltr'>ILKM.</span> <span class='ocrx_word' id='word_1_136' title='bbox 908 2099 990 2182; x_wconf 84' lang='lat' dir='ltr'><strong>Ergo</strong></span> <span class='ocrx_word' id='word_1_137' title='bbox 1023 2101 1117 2174; x_wconf 73' lang='lat' dir='ltr'><strong>eicd</strong></span> <span class='ocrx_word' id='word_1_138' title='bbox 1148 2103 1272 2185; x_wconf 84' lang='lat' dir='ltr'><strong>capiens</strong></span> <span class='ocrx_word' id='word_1_139' title='bbox 1303 2105 1334 2166; x_wconf 94' lang='lat' dir='ltr'><strong>iu</strong></span> <span class='ocrx_word' id='word_1_140' title='bbox 1363 2105 1380 2168; x_wconf 96' lang='lat' dir='ltr'>I</span> <span class='ocrx_word' id='word_1_141' title='bbox 1410 2107 1494 2173; x_wconf 86' lang='lat' dir='ltr'><strong>etK</strong></span> 
     </span>
     <span class='ocr_line' id='line_1_21' title="bbox 131 2187 1493 2368; baseline 0.004 -24"><span class='ocrx_word' id='word_1_142' title='bbox 131 2187 1115 2361; x_wconf 56' lang='lat' dir='ltr'><strong>tittltstlrtttltldtllltttlzltii</strong></span> <span class='ocrx_word' id='word_1_143' title='bbox 1143 2193 1342 2362; x_wconf 62' lang='lat' dir='ltr'><strong>gitti?</strong></span> <span class='ocrx_word' id='word_1_144' title='bbox 1365 2193 1493 2368; x_wconf 50' lang='lat' dir='ltr'><strong>iiiiii</strong></span> 
     </span>
     <span class='ocr_line' id='line_1_22' title="bbox 132 2369 1492 2452; baseline 0.004 -18"><span class='ocrx_word' id='word_1_145' title='bbox 132 2371 211 2434; x_wconf 83' lang='lat' dir='ltr'><strong>haec</strong></span> <span class='ocrx_word' id='word_1_146' title='bbox 235 2388 334 2432; x_wconf 87' lang='lat' dir='ltr'><strong>cauea</strong></span> <span class='ocrx_word' id='word_1_147' title='bbox 358 2377 435 2446; x_wconf 87' lang='lat' dir='ltr'><strong>esto,</strong></span> <span class='ocrx_word' id='word_1_148' title='bbox 460 2389 512 2432; x_wconf 93' lang='lat' dir='ltr'><strong>cur</strong></span> <span class='ocrx_word' id='word_1_149' title='bbox 534 2369 634 2434; x_wconf 91' lang='lat' dir='ltr'><strong>omnia</strong></span> <span class='ocrx_word' id='word_1_150' title='bbox 654 2370 845 2452; x_wconf 88' lang='lat' dir='ltr'><strong>planetarum</strong></span> <span class='ocrx_word' id='word_1_151' title='bbox 867 2387 1005 2451; x_wconf 86' lang='lat' dir='ltr'><strong>apogaea</strong></span> <span class='ocrx_word' id='word_1_152' title='bbox 1022 2369 1053 2430; x_wconf 94' lang='lat' dir='ltr'><strong>in</strong></span> <span class='ocrx_word' id='word_1_153' title='bbox 1071 2371 1286 2451; x_wconf 81' lang='lat' dir='ltr'><strong>consequentia</strong></span> <span class='ocrx_word' id='word_1_154' title='bbox 1306 2383 1492 2439; x_wconf 86' lang='lat' dir='ltr'><strong>moveantur.</strong></span> 
     </span>
     <span class='ocr_line' id='line_1_23' title="bbox 132 2457 1495 2544; baseline 0.002 -21"><span class='ocrx_word' id='word_1_155' title='bbox 132 2459 214 2523; x_wconf 85' lang='lat' dir='ltr'><strong>Ecce</strong></span> <span class='ocrx_word' id='word_1_156' title='bbox 240 2477 334 2540; x_wconf 86' lang='lat' dir='ltr'><strong>quam</strong></span> <span class='ocrx_word' id='word_1_157' title='bbox 358 2457 486 2522; x_wconf 81' lang='lat' dir='ltr'><strong>feliciter</strong></span> <span class='ocrx_word' id='word_1_158' title='bbox 508 2457 720 2540; x_wconf 71' lang='lat' dir='ltr'><strong>pugnaverim</strong></span> <span class='ocrx_word' id='word_1_159' title='bbox 743 2457 841 2521; x_wconf 89' lang='lat' dir='ltr'><strong>credis</strong></span> <span class='ocrx_word' id='word_1_160' title='bbox 868 2465 921 2530; x_wconf 92' lang='lat' dir='ltr'><strong>tu,</strong></span> <span class='ocrx_word' id='word_1_161' title='bbox 957 2476 1004 2520; x_wconf 94' lang='lat' dir='ltr'><strong>me</strong></span> <span class='ocrx_word' id='word_1_162' title='bbox 1032 2457 1166 2522; x_wconf 83' lang='lat' dir='ltr'><strong>vicisse?</strong></span> <span class='ocrx_word' id='word_1_163' title='bbox 1203 2457 1284 2523; x_wconf 85' lang='lat' dir='ltr'><strong>Saue</strong></span> <span class='ocrx_word' id='word_1_164' title='bbox 1314 2461 1495 2544; x_wconf 89' lang='lat' dir='ltr'><strong>triumphum</strong></span> 
     </span>
     <span class='ocr_line' id='line_1_24' title="bbox 132 2545 1495 2632; baseline 0.004 -20"><span class='ocrx_word' id='word_1_165' title='bbox 132 2567 297 2622; x_wconf 88' lang='lat' dir='ltr'><strong>canerem,</strong></span> <span class='ocrx_word' id='word_1_166' title='bbox 330 2546 390 2610; x_wconf 90' lang='lat' dir='ltr'><strong>nisi</strong></span> <span class='ocrx_word' id='word_1_167' title='bbox 422 2567 470 2610; x_wconf 93' lang='lat' dir='ltr'><strong>me</strong></span> <span class='ocrx_word' id='word_1_168' title='bbox 500 2554 636 2612; x_wconf 89' lang='lat' dir='ltr'><strong>moveret</strong></span> <span class='ocrx_word' id='word_1_169' title='bbox 664 2547 828 2632; x_wconf 86' lang='lat' dir='ltr'><strong>proportio.</strong></span> <span class='ocrx_word' id='word_1_170' title='bbox 874 2547 954 2610; x_wconf 88' lang='lat' dir='ltr'><strong>Nam</strong></span> <span class='ocrx_word' id='word_1_171' title='bbox 983 2545 1063 2618; x_wconf 73' lang='lat' dir='ltr'><strong>iud</strong></span> <span class='ocrx_word' id='word_1_172' title='bbox 1095 2547 1172 2626; x_wconf 60' lang='lat' dir='ltr'><strong>etl}</strong></span> <span class='ocrx_word' id='word_1_173' title='bbox 1203 2548 1412 2614; x_wconf 84' lang='lat' dir='ltr'><strong>eecentnicitas</strong></span> <span class='ocrx_word' id='word_1_174' title='bbox 1446 2561 1495 2618; x_wconf 88' lang='lat' dir='ltr'><strong>est</strong></span> 
     </span>
     <span class='ocr_line' id='line_1_25' title="bbox 132 2629 1494 2722; baseline 0.003 -20"><span class='ocrx_word' id='word_1_175' title='bbox 132 2637 289 2712; x_wconf 79' lang='lat' dir='ltr'><strong>maxima,</strong></span> <span class='ocrx_word' id='word_1_176' title='bbox 321 2629 477 2700; x_wconf 83' lang='lat' dir='ltr'><strong>celerrime</strong></span> <span class='ocrx_word' id='word_1_177' title='bbox 509 2637 601 2718; x_wconf 88' lang='lat' dir='ltr'><strong>igitur</strong></span> <span class='ocrx_word' id='word_1_178' title='bbox 622 2637 724 2720; x_wconf 87' lang='lat' dir='ltr'><strong>aliqua</strong></span> <span class='ocrx_word' id='word_1_179' title='bbox 749 2635 898 2718; x_wconf 85' lang='lat' dir='ltr'><strong>particula</strong></span> <span class='ocrx_word' id='word_1_180' title='bbox 919 2632 1036 2715; x_wconf 89' lang='lat' dir='ltr'><strong>periodi</strong></span> <span class='ocrx_word' id='word_1_181' title='bbox 1068 2635 1262 2702; x_wconf 84' lang='lat' dir='ltr'><strong>conficeretur</strong></span> <span class='ocrx_word' id='word_1_182' title='bbox 1285 2637 1323 2702; x_wconf 87' lang='lat' dir='ltr'><strong>ab</strong></span> <span class='ocrx_word' id='word_1_183' title='bbox 1347 2659 1494 2722; x_wconf 77' lang='lat' dir='ltr'><strong>repugare,</strong></span> 
     </span>
     <span class='ocr_line' id='line_1_26' title="bbox 132 2721 1493 2816; baseline 0.002 -23"><span class='ocrx_word' id='word_1_184' title='bbox 132 2727 216 2794; x_wconf 84' lang='lat' dir='ltr'><strong>Solis</strong></span> <span class='ocrx_word' id='word_1_185' title='bbox 242 2745 416 2810; x_wconf 80' lang='lat' dir='ltr'><strong>apogaeum</strong></span> <span class='ocrx_word' id='word_1_186' title='bbox 438 2725 643 2790; x_wconf 87' lang='lat' dir='ltr'><strong>tardissimum</strong></span> <span class='ocrx_word' id='word_1_187' title='bbox 667 2734 759 2790; x_wconf 89' lang='lat' dir='ltr'><strong>esset.</strong></span> <span class='ocrx_word' id='word_1_188' title='bbox 805 2726 841 2789; x_wconf 92' lang='lat' dir='ltr'><strong>Id</strong></span> <span class='ocrx_word' id='word_1_189' title='bbox 864 2725 983 2790; x_wconf 85' lang='lat' dir='ltr'><strong>falsum.</strong></span> <span class='ocrx_word' id='word_1_190' title='bbox 1020 2721 1493 2816; x_wconf 60' lang='lat' dir='ltr'><strong>Ducentislereannisabs017</strong></span> 
     </span>
     <span class='ocr_line' id='line_1_27' title="bbox 132 2813 1493 2899; baseline 0.007 -23"><span class='ocrx_word' id='word_1_191' title='bbox 132 2826 258 2880; x_wconf 82' lang='lat' dir='ltr'><strong>veretur</strong></span> <span class='ocrx_word' id='word_1_192' title='bbox 290 2815 434 2897; x_wconf 84' lang='lat' dir='ltr'><strong>periodus</strong></span> <span class='ocrx_word' id='word_1_193' title='bbox 467 2815 593 2897; x_wconf 86' lang='lat' dir='ltr'><strong>apogaei</strong></span> <span class='ocrx_word' id='word_1_194' title='bbox 617 2823 652 2888; x_wconf 72' lang='lat' dir='ltr'><strong>d,</strong></span> <span class='ocrx_word' id='word_1_195' title='bbox 676 2815 747 2899; x_wconf 86' lang='lat' dir='ltr'><strong>quia</strong></span> <span class='ocrx_word' id='word_1_196' title='bbox 769 2813 984 2880; x_wconf 87' lang='lat' dir='ltr'><strong>ILKNIOKM</strong></span> <span class='ocrx_word' id='word_1_197' title='bbox 999 2823 1055 2886; x_wconf 84' lang='lat' dir='ltr'><strong>¹est</strong></span> <span class='ocrx_word' id='word_1_198' title='bbox 1077 2815 1141 2878; x_wconf 86' lang='lat' dir='ltr'><strong>lere</strong></span> <span class='ocrx_word' id='word_1_199' title='bbox 1173 2817 1340 2882; x_wconf 87' lang='lat' dir='ltr'><strong>centesima</strong></span> <span class='ocrx_word' id='word_1_200' title='bbox 1361 2838 1432 2899; x_wconf 90' lang='lat' dir='ltr'><strong>pars</strong></span> <span class='ocrx_word' id='word_1_201' title='bbox 1457 2823 1493 2885; x_wconf 90' lang='lat' dir='ltr'><strong>de</strong></span> 
     </span>
     <span class='ocr_line' id='line_1_28' title="bbox 132 2901 1493 2991; baseline 0.001 -19"><span class='ocrx_word' id='word_1_202' title='bbox 132 2903 251 2972; x_wconf 72' lang='lat' dir='ltr'><strong>mute.</strong></span> <span class='ocrx_word' id='word_1_203' title='bbox 299 2905 429 2968; x_wconf 81' lang='lat' dir='ltr'><strong>Maneat</strong></span> <span class='ocrx_word' id='word_1_204' title='bbox 455 2903 546 2987; x_wconf 91' lang='lat' dir='ltr'><strong>igitur</strong></span> <span class='ocrx_word' id='word_1_205' title='bbox 573 2905 649 2968; x_wconf 87' lang='lat' dir='ltr'><strong>haec</strong></span> <span class='ocrx_word' id='word_1_206' title='bbox 671 2905 709 2968; x_wconf 90' lang='lat' dir='ltr'><strong>lis</strong></span> <span class='ocrx_word' id='word_1_207' title='bbox 732 2905 788 2968; x_wconf 91' lang='lat' dir='ltr'><strong>sub</strong></span> <span class='ocrx_word' id='word_1_208' title='bbox 815 2903 930 2985; x_wconf 86' lang='lat' dir='ltr'><strong>judice.</strong></span> <span class='ocrx_word' id='word_1_209' title='bbox 976 2901 1039 2968; x_wconf 89' lang='lat' dir='ltr'><strong>Sed</strong></span> <span class='ocrx_word' id='word_1_210' title='bbox 1062 2904 1102 2966; x_wconf 81' lang='lat' dir='ltr'><strong>ad</strong></span> <span class='ocrx_word' id='word_1_211' title='bbox 1125 2923 1198 2968; x_wconf 89' lang='lat' dir='ltr'><strong>rem.</strong></span> <span class='ocrx_word' id='word_1_212' title='bbox 1246 2903 1323 2972; x_wconf 78' lang='lat' dir='ltr'><strong>Cum</strong></span> <span class='ocrx_word' id='word_1_213' title='bbox 1344 2907 1437 2991; x_wconf 89' lang='lat' dir='ltr'><strong>igitur</strong></span> <span class='ocrx_word' id='word_1_214' title='bbox 1459 2919 1493 2974; x_wconf 89' lang='lat' dir='ltr'><strong>ut</strong></span> 
     </span>
     <span class='ocr_line' id='line_1_29' title="bbox 128 2991 1490 3079; baseline 0.003 -21"><span class='ocrx_word' id='word_1_215' title='bbox 128 2997 257 3079; x_wconf 86' lang='lat' dir='ltr'><strong>planum</strong></span> <span class='ocrx_word' id='word_1_216' title='bbox 279 2993 393 3058; x_wconf 84' lang='lat' dir='ltr'>ILKM</span> <span class='ocrx_word' id='word_1_217' title='bbox 415 2993 460 3057; x_wconf 91' lang='lat' dir='ltr'><strong>sic</strong></span> <span class='ocrx_word' id='word_1_218' title='bbox 483 3003 621 3076; x_wconf 85' lang='lat' dir='ltr'><strong>tempora</strong></span> <span class='ocrx_word' id='word_1_219' title='bbox 641 2993 797 3076; x_wconf 85' lang='lat' dir='ltr'><strong>periodica</strong></span> <span class='ocrx_word' id='word_1_220' title='bbox 819 2993 906 3076; x_wconf 89' lang='lat' dir='ltr'><strong>(quia</strong></span> <span class='ocrx_word' id='word_1_221' title='bbox 929 3011 1031 3056; x_wconf 88' lang='lat' dir='ltr'><strong>omues</strong></span> <span class='ocrx_word' id='word_1_222' title='bbox 1059 2991 1224 3057; x_wconf 84' lang='lat' dir='ltr'><strong>distantiae</strong></span> <span class='ocrx_word' id='word_1_223' title='bbox 1254 2995 1377 3060; x_wconf 88' lang='lat' dir='ltr'><strong>suntin</strong></span> <span class='ocrx_word' id='word_1_224' title='bbox 1400 2999 1490 3079; x_wconf 91' lang='lat' dir='ltr'><strong>plano</strong></span> 
     </span>
     <span class='ocr_line' id='line_1_30' title="bbox 129 3079 1491 3168; baseline 0.001 -19"><span class='ocrx_word' id='word_1_225' title='bbox 129 3085 254 3166; x_wconf 74' lang='lat' dir='ltr'><strong>circuli)</strong></span> <span class='ocrx_word' id='word_1_226' title='bbox 279 3082 507 3146; x_wconf 80' lang='lat' dir='ltr'><strong>accumulentur</strong></span> <span class='ocrx_word' id='word_1_227' title='bbox 527 3083 558 3146; x_wconf 92' lang='lat' dir='ltr'><strong>in</strong></span> <span class='ocrx_word' id='word_1_228' title='bbox 571 3083 598 3157; x_wconf 89' lang='lat'><strong>1,</strong></span> <span class='ocrx_word' id='word_1_229' title='bbox 611 3079 651 3160; x_wconf 84' lang='grc' dir='ltr'><strong>Κ,</strong></span> <span class='ocrx_word' id='word_1_230' title='bbox 676 3099 811 3166; x_wconf 88' lang='lat' dir='ltr'><strong>apogaec</strong></span> <span class='ocrx_word' id='word_1_231' title='bbox 835 3089 867 3144; x_wconf 90' lang='lat' dir='ltr'><strong>et</strong></span> <span class='ocrx_word' id='word_1_232' title='bbox 882 3082 1036 3164; x_wconf 75' lang='lat' dir='ltr'><strong>porigam,</strong></span> <span class='ocrx_word' id='word_1_233' title='bbox 1060 3089 1091 3146; x_wconf 89' lang='lat' dir='ltr'><strong>et</strong></span> <span class='ocrx_word' id='word_1_234' title='bbox 1114 3081 1317 3148; x_wconf 89' lang='lat' dir='ltr'><strong>diminuantur</strong></span> <span class='ocrx_word' id='word_1_235' title='bbox 1337 3085 1368 3148; x_wconf 93' lang='lat' dir='ltr'><strong>in</strong></span> <span class='ocrx_word' id='word_1_236' title='bbox 1390 3086 1491 3168; x_wconf 88' lang='lat' dir='ltr'><strong>lougi-</strong></span> 
     </span>
     <span class='ocr_line' id='line_1_31' title="bbox 128 3165 1491 3256; baseline 0.001 -16"><span class='ocrx_word' id='word_1_237' title='bbox 128 3165 292 3240; x_wconf 81' lang='lat' dir='ltr'><strong>tnclinibus</strong></span> <span class='ocrx_word' id='word_1_238' title='bbox 315 3171 434 3250; x_wconf 90' lang='lat' dir='ltr'><strong>mediis,</strong></span> <span class='ocrx_word' id='word_1_239' title='bbox 459 3191 550 3254; x_wconf 89' lang='lat' dir='ltr'><strong>quare</strong></span> <span class='ocrx_word' id='word_1_240' title='bbox 573 3171 601 3234; x_wconf 92' lang='lat' dir='ltr'><strong>si</strong></span> <span class='ocrx_word' id='word_1_241' title='bbox 623 3180 721 3238; x_wconf 88' lang='lat' dir='ltr'><strong>toturn</strong></span> <span class='ocrx_word' id='word_1_242' title='bbox 744 3181 862 3253; x_wconf 88' lang='lat' dir='ltr'><strong>tempus</strong></span> <span class='ocrx_word' id='word_1_243' title='bbox 889 3171 1073 3253; x_wconf 88' lang='lat' dir='ltr'><strong>periodicum</strong></span> <span class='ocrx_word' id='word_1_244' title='bbox 1102 3171 1269 3236; x_wconf 86' lang='lat' dir='ltr'><strong>dividamus</strong></span> <span class='ocrx_word' id='word_1_245' title='bbox 1291 3191 1346 3256; x_wconf 91' lang='lat' dir='ltr'><strong>per</strong></span> <span class='ocrx_word' id='word_1_246' title='bbox 1367 3175 1491 3256; x_wconf 88' lang='lat' dir='ltr'><strong>plenum</strong></span> 
     </span>
     <span class='ocr_line' id='line_1_32' title="bbox 126 3261 1490 3346; baseline 0 -16"><span class='ocrx_word' id='word_1_247' title='bbox 126 3263 259 3339; x_wconf 88' lang='lat' dir='ltr'><strong>circuli,</strong></span> <span class='ocrx_word' id='word_1_248' title='bbox 284 3261 420 3344; x_wconf 86' lang='lat' dir='ltr'><strong>prodibit</strong></span> <span class='ocrx_word' id='word_1_249' title='bbox 442 3262 528 3324; x_wconf 89' lang='lat' dir='ltr'><strong>valor</strong></span> <span class='ocrx_word' id='word_1_250' title='bbox 551 3261 665 3339; x_wconf 88' lang='lat' dir='ltr'><strong>lineae,</strong></span> <span class='ocrx_word' id='word_1_251' title='bbox 699 3263 773 3343; x_wconf 85' lang='lat' dir='ltr'><strong>qnae</strong></span> <span class='ocrx_word' id='word_1_252' title='bbox 801 3261 898 3324; x_wconf 91' lang='lat' dir='ltr'><strong>minor</strong></span> <span class='ocrx_word' id='word_1_253' title='bbox 920 3267 968 3323; x_wconf 89' lang='lat' dir='ltr'><strong>eet</strong></span> <span class='ocrx_word' id='word_1_254' title='bbox 996 3280 1086 3341; x_wconf 87' lang='lat' dir='ltr'><strong>quam</strong></span> <span class='ocrx_word' id='word_1_255' title='bbox 1108 3261 1167 3334; x_wconf 90' lang='grc' dir='ltr'><strong>ΡΙ,</strong></span> <span class='ocrx_word' id='word_1_256' title='bbox 1197 3261 1293 3343; x_wconf 90' lang='lat' dir='ltr'><strong>major</strong></span> <span class='ocrx_word' id='word_1_257' title='bbox 1316 3283 1405 3346; x_wconf 90' lang='lat' dir='ltr'><strong>qnam</strong></span> <span class='ocrx_word' id='word_1_258' title='bbox 1427 3266 1490 3330; x_wconf 75' lang='lat' dir='ltr'><strong>PL</strong></span> 
     </span>
     <span class='ocr_line' id='line_1_33' title="bbox 125 3348 1493 3435; baseline 0 -15"><span class='ocrx_word' id='word_1_259' title='bbox 125 3355 317 3435; x_wconf 84' lang='lat' dir='ltr'><strong>Priusquam</strong></span> <span class='ocrx_word' id='word_1_260' title='bbox 340 3352 397 3416; x_wconf 89' lang='lat' dir='ltr'><strong>hcc</strong></span> <span class='ocrx_word' id='word_1_261' title='bbox 418 3358 585 3434; x_wconf 73' lang='lat' dir='ltr'><strong>pertesum,</strong></span> <span class='ocrx_word' id='word_1_262' title='bbox 609 3358 729 3433; x_wconf 88' lang='lat' dir='ltr'><strong>oportet</strong></span> <span class='ocrx_word' id='word_1_263' title='bbox 752 3351 865 3434; x_wconf 88' lang='lat' dir='ltr'><strong>aliquid</strong></span> <span class='ocrx_word' id='word_1_264' title='bbox 887 3349 1087 3432; x_wconf 84' lang='lat' dir='ltr'><strong>interponere.</strong></span> <span class='ocrx_word' id='word_1_265' title='bbox 1124 3348 1212 3414; x_wconf 87' lang='lat' dir='ltr'><strong>Prius</strong></span> <span class='ocrx_word' id='word_1_266' title='bbox 1236 3350 1315 3416; x_wconf 90' lang='lat' dir='ltr'><strong>enirn</strong></span> <span class='ocrx_word' id='word_1_267' title='bbox 1337 3374 1356 3416; x_wconf 91' lang='lat' dir='ltr'><strong>a</strong></span> <span class='ocrx_word' id='word_1_268' title='bbox 1378 3353 1493 3420; x_wconf 88' lang='lat' dir='ltr'><strong>vicaria</strong></span> 
     </span>
     <span class='ocr_line' id='line_1_34' title="bbox 123 3438 1491 3532; baseline 0.001 -24"><span class='ocrx_word' id='word_1_269' title='bbox 123 3443 300 3532; x_wconf 72' lang='lat' dir='ltr'><strong>hypothesi</strong></span> <span class='ocrx_word' id='word_1_270' title='bbox 322 3441 354 3506; x_wconf 91' lang='lat' dir='ltr'><strong>io</strong></span> <span class='ocrx_word' id='word_1_271' title='bbox 383 3441 551 3522; x_wconf 85' lang='lat' dir='ltr'><strong>perlectum</strong></span> <span class='ocrx_word' id='word_1_272' title='bbox 583 3441 776 3512; x_wconf 75' lang='lat' dir='ltr'><strong>circulumo¹</strong></span> <span class='ocrx_word' id='word_1_273' title='bbox 806 3447 978 3520; x_wconf 85' lang='lat' dir='ltr'><strong>motumque</strong></span> <span class='ocrx_word' id='word_1_274' title='bbox 1010 3438 1185 3522; x_wconf 84' lang='lat' dir='ltr'><strong>physicum,</strong></span> <span class='ocrx_word' id='word_1_275' title='bbox 1217 3439 1286 3504; x_wconf 90' lang='lat' dir='ltr'><strong>iude</strong></span> <span class='ocrx_word' id='word_1_276' title='bbox 1310 3463 1329 3505; x_wconf 86' lang='lat' dir='ltr'><strong>a</strong></span> <span class='ocrx_word' id='word_1_277' title='bbox 1356 3445 1491 3524; x_wconf 86' lang='lat' dir='ltr'><strong>perfecto</strong></span> 
     </span>
     <span class='ocr_line' id='line_1_35' title="bbox 122 3527 1492 3618; baseline 0.001 -20"><span class='ocrx_word' id='word_1_278' title='bbox 122 3533 244 3598; x_wconf 88' lang='lat' dir='ltr'><strong>circulo</strong></span> <span class='ocrx_word' id='word_1_279' title='bbox 268 3531 300 3594; x_wconf 94' lang='lat' dir='ltr'><strong>in</strong></span> <span class='ocrx_word' id='word_1_280' title='bbox 324 3550 430 3594; x_wconf 83' lang='lat' dir='ltr'><strong>veram</strong></span> <span class='ocrx_word' id='word_1_281' title='bbox 452 3529 639 3594; x_wconf 85' lang='lat' dir='ltr'><strong>deficientem</strong></span> <span class='ocrx_word' id='word_1_282' title='bbox 662 3551 681 3592; x_wconf 89' lang='lat' dir='ltr'><strong>a</strong></span> <span class='ocrx_word' id='word_1_283' title='bbox 703 3529 814 3594; x_wconf 91' lang='lat' dir='ltr'><strong>circulo</strong></span> <span class='ocrx_word' id='word_1_284' title='bbox 838 3527 967 3592; x_wconf 88' lang='lat' dir='ltr'><strong>orbitam</strong></span> <span class='ocrx_word' id='word_1_285' title='bbox 991 3547 1024 3592; x_wconf 90' lang='lat' dir='ltr'><strong>ee</strong></span> <span class='ocrx_word' id='word_1_286' title='bbox 1043 3528 1256 3594; x_wconf 90' lang='lat' dir='ltr'><strong>traducendus.</strong></span> <span class='ocrx_word' id='word_1_287' title='bbox 1300 3529 1492 3618; x_wconf 83' lang='lat' dir='ltr'><strong>igiturquia</strong></span> 
     </span>
     <span class='ocr_line' id='line_1_36' title="bbox 125 3617 1491 3702; baseline 0.007 -25"><span class='ocrx_word' id='word_1_288' title='bbox 125 3625 191 3689; x_wconf 76' lang='grc' dir='ltr'><strong>ΒΑ</strong></span> <span class='ocrx_word' id='word_1_289' title='bbox 220 3628 290 3698; x_wconf 67' lang='lat' dir='ltr'><strong>(ng.</strong></span> <span class='ocrx_word' id='word_1_290' title='bbox 309 3625 358 3691; x_wconf 80' lang='lat'><strong>21)</strong></span> <span class='ocrx_word' id='word_1_291' title='bbox 381 3619 476 3684; x_wconf 85' lang='lat' dir='ltr'><strong>nimis·</strong></span> <span class='ocrx_word' id='word_1_292' title='bbox 493 3627 542 3683; x_wconf 90' lang='lat' dir='ltr'><strong>est</strong></span> <span class='ocrx_word' id='word_1_293' title='bbox 565 3637 677 3702; x_wconf 88' lang='lat' dir='ltr'><strong>magns</strong></span> <span class='ocrx_word' id='word_1_294' title='bbox 700 3617 919 3695; x_wconf 83' lang='lat' dir='ltr'><strong>cccentricitas,</strong></span> <span class='ocrx_word' id='word_1_295' title='bbox 944 3637 1033 3699; x_wconf 89' lang='lat' dir='ltr'><strong>quam</strong></span> <span class='ocrx_word' id='word_1_296' title='bbox 1055 3625 1090 3680; x_wconf 90' lang='lat' dir='ltr'><strong>ut</strong></span> <span class='ocrx_word' id='word_1_297' title='bbox 1112 3639 1132 3682; x_wconf 86' lang='lat' dir='ltr'><strong>a</strong></span> <span class='ocrx_word' id='word_1_298' title='bbox 1154 3617 1360 3700; x_wconf 84' lang='lat' dir='ltr'><strong>parallaxibus</strong></span> <span class='ocrx_word' id='word_1_299' title='bbox 1385 3625 1491 3688; x_wconf 77' lang='lat' dir='ltr'><strong>munis</strong></span> 
     </span>
     <span class='ocr_line' id='line_1_37' title="bbox 125 3707 1488 3793; baseline 0 -15"><span class='ocrx_word' id='word_1_300' title='bbox 125 3711 261 3778; x_wconf 85' lang='lat' dir='ltr'><strong>tolerari</strong></span> <span class='ocrx_word' id='word_1_301' title='bbox 284 3709 386 3793; x_wconf 87' lang='lat' dir='ltr'><strong>possit</strong></span> <span class='ocrx_word' id='word_1_302' title='bbox 410 3707 457 3783; x_wconf 84' lang='lat' dir='ltr'><strong>(in&#39;</strong></span> <span class='ocrx_word' id='word_1_303' title='bbox 478 3707 533 3771; x_wconf 92' lang='lat' dir='ltr'><strong>hoc</strong></span> <span class='ocrx_word' id='word_1_304' title='bbox 557 3709 636 3774; x_wconf 87' lang='lat' dir='ltr'><strong>enim</strong></span> <span class='ocrx_word' id='word_1_305' title='bbox 657 3709 736 3772; x_wconf 89' lang='lat' dir='ltr'><strong>nodo</strong></span> <span class='ocrx_word' id='word_1_306' title='bbox 759 3709 920 3778; x_wconf 77' lang='lat' dir='ltr'><strong>haerentes</strong></span> <span class='ocrx_word' id='word_1_307' title='bbox 935 3707 1145 3791; x_wconf 85' lang='lat' dir='ltr'><strong>Tychoniauos</strong></span> <span class='ocrx_word' id='word_1_308' title='bbox 1168 3707 1267 3772; x_wconf 86' lang='lat' dir='ltr'><strong>inreni</strong></span> <span class='ocrx_word' id='word_1_309' title='bbox 1290 3729 1366 3774; x_wconf 86' lang='lat' dir='ltr'><strong>auno</strong></span> <span class='ocrx_word' id='word_1_310' title='bbox 1394 3708 1488 3778; x_wconf 79' lang='lat'>1600.</span> 
     </span>
     <span class='ocr_line' id='line_1_38' title="bbox 124 3797 1506 3880; baseline 0 -14"><span class='ocrx_word' id='word_1_311' title='bbox 124 3799 314 3868; x_wconf 79' lang='lat' dir='ltr'><strong>Februario.</strong></span> <span class='ocrx_word' id='word_1_312' title='bbox 359 3797 558 3863; x_wconf 85' lang='lat' dir='ltr'><strong>Processerat</strong></span> <span class='ocrx_word' id='word_1_313' title='bbox 584 3797 737 3880; x_wconf 80' lang='lat' dir='ltr'><strong>negotium</strong></span> <span class='ocrx_word' id='word_1_314' title='bbox 760 3817 854 3880; x_wconf 90' lang='lat' dir='ltr'><strong>usque</strong></span> <span class='ocrx_word' id='word_1_315' title='bbox 878 3797 917 3861; x_wconf 89' lang='lat' dir='ltr'><strong>ad</strong></span> <span class='ocrx_word' id='word_1_316' title='bbox 939 3797 1113 3880; x_wconf 85' lang='lat' dir='ltr'><strong>parallaxes</strong></span> <span class='ocrx_word' id='word_1_317' title='bbox 1142 3817 1256 3862; x_wconf 88' lang='lat' dir='ltr'><strong>annuas</strong></span> <span class='ocrx_word' id='word_1_318' title='bbox 1279 3806 1312 3862; x_wconf 90' lang='lat' dir='ltr'><strong>et</strong></span> <span class='ocrx_word' id='word_1_319' title='bbox 1336 3799 1426 3865; x_wconf 89' lang='lat' dir='ltr'><strong>etiam</strong></span> <span class='ocrx_word' id='word_1_320' title='bbox 1450 3801 1506 3867; x_wconf 88' lang='lat' dir='ltr'><strong>ad&#39;</strong></span> 
     </span>
     <span class='ocr_line' id='line_1_39' title="bbox 123 3887 1489 3971; baseline -0.001 -15"><span class='ocrx_word' id='word_1_321' title='bbox 123 3889 329 3956; x_wconf 86' lang='lat' dir='ltr'><strong>latitudinem</strong></span> <span class='ocrx_word' id='word_1_322' title='bbox 359 3888 571 3971; x_wconf 83' lang='lat' dir='ltr'><strong>acronychiam</strong></span> <span class='ocrx_word' id='word_1_323' title='bbox 602 3887 759 3954; x_wconf 87' lang='lat' dir='ltr'><strong>risibilem.</strong></span> <span class='ocrx_word' id='word_1_324' title='bbox 815 3887 900 3950; x_wconf 87' lang='lat' dir='ltr'><strong>Haec</strong></span> <span class='ocrx_word' id='word_1_325' title='bbox 932 3887 990 3950; x_wconf 92' lang='lat' dir='ltr'><strong>duo</strong></span> <span class='ocrx_word' id='word_1_326' title='bbox 1023 3906 1083 3952; x_wconf 92' lang='lat' dir='ltr'><strong>non</strong></span> <span class='ocrx_word' id='word_1_327' title='bbox 1113 3895 1256 3968; x_wconf 87' lang='lat' dir='ltr'><strong>poterant</strong></span> <span class='ocrx_word' id='word_1_328' title='bbox 1287 3891 1438 3955; x_wconf 87' lang='lat' dir='ltr'><strong>conciliari</strong></span> <span class='ocrx_word' id='word_1_329' title='bbox 1470 3913 1489 3954; x_wconf 87' lang='lat' dir='ltr'><strong>a</strong></span> 
     </span>
     <span class='ocr_line' id='line_1_40' title="bbox 124 3975 1489 4060; baseline -0.001 -14"><span class='ocrx_word' id='word_1_330' title='bbox 124 3980 313 4046; x_wconf 80' lang='lat' dir='ltr'><strong>Christiano</strong></span> <span class='ocrx_word' id='word_1_331' title='bbox 348 3977 523 4054; x_wconf 79' lang='lat' dir='ltr'><strong>Severini),</strong></span> <span class='ocrx_word' id='word_1_332' title='bbox 559 3985 592 4042; x_wconf 91' lang='lat' dir='ltr'><strong>et</strong></span> <span class='ocrx_word' id='word_1_333' title='bbox 633 3977 703 4060; x_wconf 89' lang='lat' dir='ltr'><strong>quia</strong></span> <span class='ocrx_word' id='word_1_334' title='bbox 734 3976 927 4042; x_wconf 86' lang='lat' dir='ltr'><strong>Ptolemaeus</strong></span> <span class='ocrx_word' id='word_1_335' title='bbox 960 3975 1092 4051; x_wconf 87' lang='lat' dir='ltr'><strong>invenit,</strong></span> <span class='ocrx_word' id='word_1_336' title='bbox 1127 3975 1279 4040; x_wconf 89' lang='lat' dir='ltr'><strong>dimidium</strong></span> <span class='ocrx_word' id='word_1_337' title='bbox 1309 3977 1402 4060; x_wconf 88' lang='lat' dir='ltr'><strong>ipsius</strong></span> <span class='ocrx_word' id='word_1_338' title='bbox 1430 3979 1489 4046; x_wconf 85' lang='lat' dir='ltr'><strong>BA</strong></span> 
     </span>
     <span class='ocr_line' id='line_1_41' title="bbox 122 4064 1488 4152; baseline -0.002 -17"><span class='ocrx_word' id='word_1_339' title='bbox 122 4071 258 4136; x_wconf 84' lang='lat' dir='ltr'><strong>tolerari</strong></span> <span class='ocrx_word' id='word_1_340' title='bbox 281 4069 313 4132; x_wconf 89' lang='lat' dir='ltr'><strong>in</strong></span> <span class='ocrx_word' id='word_1_341' title='bbox 335 4067 544 4152; x_wconf 83' lang='lat' dir='ltr'><strong>parallaxibus</strong></span> <span class='ocrx_word' id='word_1_342' title='bbox 568 4067 692 4144; x_wconf 89' lang='lat' dir='ltr'><strong>annuis,</strong></span> <span class='ocrx_word' id='word_1_343' title='bbox 717 4067 784 4130; x_wconf 89' lang='lat' dir='ltr'><strong>ideo</strong></span> <span class='ocrx_word' id='word_1_344' title='bbox 808 4065 941 4129; x_wconf 86' lang='lat' dir='ltr'><strong>conclusi</strong></span> <span class='ocrx_word' id='word_1_345' title='bbox 963 4083 1019 4146; x_wconf 84' lang='lat' dir='ltr'><strong>ego</strong></span> <span class='ocrx_word' id='word_1_346' title='bbox 1044 4064 1081 4127; x_wconf 91' lang='lat' dir='ltr'><strong>de</strong></span> <span class='ocrx_word' id='word_1_347' title='bbox 1104 4085 1156 4141; x_wconf 89' lang='lat' dir='ltr'><strong>eo,</strong></span> <span class='ocrx_word' id='word_1_348' title='bbox 1186 4065 1265 4148; x_wconf 87' lang='lat' dir='ltr'><strong>qnod</strong></span> <span class='ocrx_word' id='word_1_349' title='bbox 1283 4067 1349 4148; x_wconf 85' lang='lat' dir='ltr'><strong>jam</strong></span> <span class='ocrx_word' id='word_1_350' title='bbox 1372 4069 1488 4150; x_wconf 86' lang='lat' dir='ltr'><strong>pridem</strong></span> 
     </span>
     <span class='ocr_line' id='line_1_42' title="bbox 123 4153 1488 4244; baseline -0.004 -17"><span class='ocrx_word' id='word_1_351' title='bbox 123 4162 324 4244; x_wconf 76' lang='lat' dir='ltr'><strong>agitaveram</strong></span> <span class='ocrx_word' id='word_1_352' title='bbox 346 4157 467 4232; x_wconf 90' lang='lat' dir='ltr'><strong>animo,</strong></span> <span class='ocrx_word' id='word_1_353' title='bbox 492 4175 530 4220; x_wconf 84' lang='lat' dir='ltr'><strong>ex</strong></span> <span class='ocrx_word' id='word_1_354' title='bbox 551 4156 643 4243; x_wconf 90' lang='lat' dir='ltr'><strong>plano</strong></span> <span class='ocrx_word' id='word_1_355' title='bbox 666 4155 847 4220; x_wconf 87' lang='lat' dir='ltr'><strong>anomaliam</strong></span> <span class='ocrx_word' id='word_1_356' title='bbox 876 4153 1041 4237; x_wconf 85' lang='lat' dir='ltr'><strong>simplicem</strong></span> <span class='ocrx_word' id='word_1_357' title='bbox 1066 4173 1133 4219; x_wconf 88' lang='lat' dir='ltr'><strong>esse</strong></span> <span class='ocrx_word' id='word_1_358' title='bbox 1168 4155 1392 4222; x_wconf 71' lang='lat' dir='ltr'><strong>desumendum.</strong></span> <span class='ocrx_word' id='word_1_359' title='bbox 1439 4158 1488 4222; x_wconf 87' lang='lat' dir='ltr'><strong>Sit</strong></span> 
     </span>
     <span class='ocr_line' id='line_1_43' title="bbox 124 4241 1486 4329; baseline -0.005 -13"><span class='ocrx_word' id='word_1_360' title='bbox 124 4253 208 4316; x_wconf 89' lang='lat' dir='ltr'><strong>enim</strong></span> <span class='ocrx_word' id='word_1_361' title='bbox 231 4247 390 4316; x_wconf 83' lang='lat' dir='ltr'><strong>anomalia</strong></span> <span class='ocrx_word' id='word_1_362' title='bbox 417 4247 548 4329; x_wconf 88' lang='lat' dir='ltr'><strong>simplex</strong></span> <span class='ocrx_word' id='word_1_363' title='bbox 568 4241 643 4312; x_wconf 85' lang='lat' dir='ltr'><strong>IHO</strong></span> <span class='ocrx_word' id='word_1_364' title='bbox 672 4251 739 4322; x_wconf 75' lang='lat' dir='ltr'><strong>(rig.</strong></span> <span class='ocrx_word' id='word_1_365' title='bbox 758 4250 806 4317; x_wconf 82' lang='lat'><strong>22)</strong></span> <span class='ocrx_word' id='word_1_366' title='bbox 829 4251 861 4309; x_wconf 89' lang='lat' dir='ltr'><strong>et</strong></span> <span class='ocrx_word' id='word_1_367' title='bbox 889 4242 1098 4308; x_wconf 89' lang='lat' dir='ltr'><strong>cccentricitas</strong></span> <span class='ocrx_word' id='word_1_368' title='bbox 1121 4243 1177 4308; x_wconf 89' lang='grc' dir='ltr'><strong>ΡΗ</strong></span> <span class='ocrx_word' id='word_1_369' title='bbox 1200 4244 1241 4309; x_wconf 87' lang='lat' dir='ltr'><strong>eit</strong></span> <span class='ocrx_word' id='word_1_370' title='bbox 1272 4247 1425 4311; x_wconf 90' lang='lat' dir='ltr'><strong>dimidium</strong></span> <span class='ocrx_word' id='word_1_371' title='bbox 1449 4248 1486 4309; x_wconf 90' lang='lat' dir='ltr'><strong>de</strong></span> 
     </span>
     <span class='ocr_line' id='line_1_44' title="bbox 123 4328 1482 4420; baseline 0 -22"><span class='ocrx_word' id='word_1_372' title='bbox 123 4341 183 4406; x_wconf 78' lang='lat' dir='ltr'><strong>BA</strong></span> <span class='ocrx_word' id='word_1_373' title='bbox 211 4349 279 4420; x_wconf 70' lang='lat' dir='ltr'><strong>(rig.</strong></span> <span class='ocrx_word' id='word_1_374' title='bbox 300 4345 349 4411; x_wconf 84' lang='lat'><strong>21)</strong></span> <span class='ocrx_word' id='word_1_375' title='bbox 375 4345 409 4400; x_wconf 86' lang='lat' dir='ltr'><strong>ct</strong></span> <span class='ocrx_word' id='word_1_376' title='bbox 431 4335 474 4400; x_wconf 90' lang='lat' dir='ltr'><strong>sit</strong></span> <span class='ocrx_word' id='word_1_377' title='bbox 491 4335 558 4418; x_wconf 87' lang='lat' dir='ltr'><strong>jam</strong></span> <span class='ocrx_word' id='word_1_378' title='bbox 576 4334 646 4400; x_wconf 90' lang='lat' dir='ltr'><strong>IPO</strong></span> <span class='ocrx_word' id='word_1_379' title='bbox 669 4343 781 4399; x_wconf 89' lang='lat' dir='ltr'><strong>rectus.</strong></span> <span class='ocrx_word' id='word_1_380' title='bbox 820 4333 907 4400; x_wconf 86' lang='lat' dir='ltr'><strong>Sicut</strong></span> <span class='ocrx_word' id='word_1_381' title='bbox 925 4353 996 4416; x_wconf 90' lang='lat' dir='ltr'><strong>ergo</strong></span> <span class='ocrx_word' id='word_1_382' title='bbox 1012 4328 1082 4398; x_wconf 88' lang='lat' dir='ltr'><strong>IPO</strong></span> <span class='ocrx_word' id='word_1_383' title='bbox 1102 4341 1151 4397; x_wconf 88' lang='lat' dir='ltr'><strong>cst</strong></span> <span class='ocrx_word' id='word_1_384' title='bbox 1168 4343 1275 4416; x_wconf 87' lang='lat' dir='ltr'><strong>quarta</strong></span> <span class='ocrx_word' id='word_1_385' title='bbox 1296 4356 1368 4417; x_wconf 86' lang='lat' dir='ltr'><strong>pars</strong></span> <span class='ocrx_word' id='word_1_386' title='bbox 1392 4337 1482 4417; x_wconf 79' lang='lat' dir='ltr'><strong>plani,</strong></span> 
     </span>
    </p>

    <p class='ocr_par' dir='ltr' id='par_1_12' title="bbox 124 4419 1481 4515">
     <span class='ocr_line' id='line_1_45' title="bbox 124 4419 1481 4515; baseline -0.006 -19"><span class='ocrx_word' id='word_1_387' title='bbox 124 4431 170 4496; x_wconf 80' lang='lat' dir='ltr'><strong>ita</strong></span> <span class='ocrx_word' id='word_1_388' title='bbox 192 4439 305 4515; x_wconf 83' lang='lat' dir='ltr'><strong>quarta</strong></span> <span class='ocrx_word' id='word_1_389' title='bbox 325 4447 402 4513; x_wconf 87' lang='lat' dir='ltr'><strong>pars</strong></span> <span class='ocrx_word' id='word_1_390' title='bbox 426 4425 596 4490; x_wconf 86' lang='lat' dir='ltr'><strong>anomaliae</strong></span> <span class='ocrx_word' id='word_1_391' title='bbox 612 4423 655 4500; x_wconf 89' lang='lat' dir='ltr'><strong>(h.</strong></span> <span class='ocrx_word' id='word_1_392' title='bbox 671 4445 698 4488; x_wconf 88' lang='lat' dir='ltr'><strong>e.</strong></span> <span class='ocrx_word' id='word_1_393' title='bbox 715 4419 790 4500; x_wconf 79' lang='lat'>90⁰)</span> <span class='ocrx_word' id='word_1_394' title='bbox 815 4423 920 4488; x_wconf 89' lang='lat' dir='ltr'><strong>ablata</strong></span> <span class='ocrx_word' id='word_1_395' title='bbox 933 4423 972 4486; x_wconf 89' lang='lat' dir='ltr'><strong>ab</strong></span> <span class='ocrx_word' id='word_1_396' title='bbox 991 4422 1140 4487; x_wconf 86' lang='lat' dir='ltr'><strong>anomalia</strong></span> <span class='ocrx_word' id='word_1_397' title='bbox 1162 4425 1266 4506; x_wconf 85' lang='lat' dir='ltr'><strong>majori</strong></span> <span class='ocrx_word' id='word_1_398' title='bbox 1289 4425 1373 4504; x_wconf 77' lang='lat'><strong>1110,</strong></span> <span class='ocrx_word' id='word_1_399' title='bbox 1389 4427 1481 4490; x_wconf 90' lang='lat' dir='ltr'><strong>relin-</strong></span> 
     </span>
    </p>

    <p class='ocr_par' dir='ltr' id='par_1_13' title="bbox 127 4509 1484 4604">
     <span class='ocr_line' id='line_1_46' title="bbox 127 4509 1484 4604; baseline -0.004 -18"><span class='ocrx_word' id='word_1_400' title='bbox 127 4523 190 4602; x_wconf 86' lang='lat' dir='ltr'><strong>quit</strong></span> <span class='ocrx_word' id='word_1_401' title='bbox 208 4523 333 4604; x_wconf 89' lang='lat' dir='ltr'><strong>planum</strong></span> <span class='ocrx_word' id='word_1_402' title='bbox 360 4515 510 4595; x_wconf 81' lang='lat' dir='ltr'><strong>trianguli</strong></span> <span class='ocrx_word' id='word_1_403' title='bbox 523 4511 619 4590; x_wconf 89' lang='lat' dir='ltr'><strong>PHO,</strong></span> <span class='ocrx_word' id='word_1_404' title='bbox 643 4513 728 4595; x_wconf 91' lang='lat' dir='ltr'><strong>cujus</strong></span> <span class='ocrx_word' id='word_1_405' title='bbox 752 4513 879 4594; x_wconf 87' lang='lat' dir='ltr'><strong>angulus</strong></span> <span class='ocrx_word' id='word_1_406' title='bbox 892 4509 977 4576; x_wconf 89' lang='lat' dir='ltr'><strong>HPO</strong></span> <span class='ocrx_word' id='word_1_407' title='bbox 996 4520 1029 4575; x_wconf 90' lang='lat' dir='ltr'><strong>et</strong></span> <span class='ocrx_word' id='word_1_408' title='bbox 1044 4510 1100 4575; x_wconf 90' lang='grc' dir='ltr'><strong>ΡΟ</strong></span> <span class='ocrx_word' id='word_1_409' title='bbox 1124 4511 1204 4576; x_wconf 91' lang='lat' dir='ltr'><strong>latus</strong></span> <span class='ocrx_word' id='word_1_410' title='bbox 1227 4515 1345 4578; x_wconf 88' lang='lat' dir='ltr'><strong>dantur.</strong></span> <span class='ocrx_word' id='word_1_411' title='bbox 1380 4515 1484 4581; x_wconf 87' lang='lat' dir='ltr'><strong>Prodit</strong></span> 
     </span>
    </p>

    <p class='ocr_par' dir='ltr' id='par_1_14' title="bbox 128 4600 1480 4696">
     <span class='ocr_line' id='line_1_47' title="bbox 128 4600 1480 4696; baseline -0.004 -22"><span class='ocrx_word' id='word_1_412' title='bbox 128 4629 193 4696; x_wconf 87' lang='lat' dir='ltr'><strong>crgo</strong></span> <span class='ocrx_word' id='word_1_413' title='bbox 204 4613 270 4690; x_wconf 84' lang='lat' dir='ltr'><strong>PH,</strong></span> <span class='ocrx_word' id='word_1_414' title='bbox 298 4628 400 4694; x_wconf 86' lang='lat' dir='ltr'><strong>qnare</strong></span> <span class='ocrx_word' id='word_1_415' title='bbox 417 4613 451 4668; x_wconf 91' lang='lat' dir='ltr'><strong>et</strong></span> <span class='ocrx_word' id='word_1_416' title='bbox 465 4601 561 4668; x_wconf 89' lang='grc' dir='ltr'><strong>ΡΟΗ.</strong></span> <span class='ocrx_word' id='word_1_417' title='bbox 597 4604 656 4666; x_wconf 86' lang='lat' dir='ltr'><strong>Est</strong></span> <span class='ocrx_word' id='word_1_418' title='bbox 678 4609 780 4666; x_wconf 87' lang='lat' dir='ltr'><strong>sutem</strong></span> <span class='ocrx_word' id='word_1_419' title='bbox 798 4601 883 4665; x_wconf 90' lang='lat' dir='ltr'><strong>POH</strong></span> <span class='ocrx_word' id='word_1_420' title='bbox 907 4600 1096 4684; x_wconf 88' lang='lat' dir='ltr'><strong>aequationis</strong></span> <span class='ocrx_word' id='word_1_421' title='bbox 1118 4621 1190 4684; x_wconf 90' lang='lat' dir='ltr'><strong>pars</strong></span> <span class='ocrx_word' id='word_1_422' title='bbox 1213 4623 1271 4666; x_wconf 90' lang='lat' dir='ltr'><strong>una</strong></span> <span class='ocrx_word' id='word_1_423' title='bbox 1294 4621 1348 4666; x_wconf 90' lang='lat' dir='ltr'><strong>seu</strong></span> <span class='ocrx_word' id='word_1_424' title='bbox 1371 4605 1480 4686; x_wconf 73' lang='lat' dir='ltr'><strong>optior,</strong></span> 
     </span>
    </p>

    <p class='ocr_par' dir='ltr' id='par_1_15' title="bbox 123 4687 1478 4776">
     <span class='ocr_line' id='line_1_48' title="bbox 123 4687 1478 4776; baseline -0.01 -5"><span class='ocrx_word' id='word_1_425' title='bbox 123 4703 278 4774; x_wconf 81' lang='lat' dir='ltr'><strong>imminutio</strong></span> <span class='ocrx_word' id='word_1_426' title='bbox 304 4721 354 4768; x_wconf 86' lang='lat' dir='ltr'><strong>sc.</strong></span> <span class='ocrx_word' id='word_1_427' title='bbox 380 4692 491 4776; x_wconf 81' lang='lat' dir='ltr'><strong>anguli</strong></span> <span class='ocrx_word' id='word_1_428' title='bbox 506 4691 587 4771; x_wconf 90' lang='lat' dir='ltr'><strong>IPO,</strong></span> <span class='ocrx_word' id='word_1_429' title='bbox 611 4699 643 4754; x_wconf 93' lang='lat' dir='ltr'><strong>ut</strong></span> <span class='ocrx_word' id='word_1_430' title='bbox 666 4691 707 4756; x_wconf 87' lang='lat' dir='ltr'><strong>sit</strong></span> <span class='ocrx_word' id='word_1_431' title='bbox 721 4688 806 4756; x_wconf 79' lang='lat'><em>1110.</em></span> <span class='ocrx_word' id='word_1_432' title='bbox 845 4689 960 4756; x_wconf 78' lang='lat' dir='ltr'><strong>Contra</strong></span> <span class='ocrx_word' id='word_1_433' title='bbox 982 4692 1104 4775; x_wconf 86' lang='lat' dir='ltr'><strong>planum</strong></span> <span class='ocrx_word' id='word_1_434' title='bbox 1125 4687 1195 4753; x_wconf 90' lang='lat' dir='ltr'><strong>IPO</strong></span> <span class='ocrx_word' id='word_1_435' title='bbox 1219 4700 1268 4756; x_wconf 89' lang='lat' dir='ltr'><strong>est</strong></span> <span class='ocrx_word' id='word_1_436' title='bbox 1290 4695 1478 4775; x_wconf 86' lang='lat' dir='ltr'><strong>aequationis</strong></span> 
     </span>
    </p>

    <p class='ocr_par' dir='ltr' id='par_1_16' title="bbox 115 4779 1476 4886">
     <span class='ocr_line' id='line_1_49' title="bbox 115 4779 1476 4886; baseline -0.006 -26"><span class='ocrx_word' id='word_1_437' title='bbox 115 4817 179 4886; x_wconf 73' lang='lat' dir='ltr'><strong>pm</strong></span> <span class='ocrx_word' id='word_1_438' title='bbox 201 4799 306 4864; x_wconf 72' lang='lat' dir='ltr'><strong>ultera</strong></span> <span class='ocrx_word' id='word_1_439' title='bbox 329 4809 396 4856; x_wconf 87' lang='lat' dir='ltr'><strong>seu</strong></span> <span class='ocrx_word' id='word_1_440' title='bbox 419 4781 561 4878; x_wconf 76' lang='lat' dir='ltr'><strong>physica,</strong></span> <span class='ocrx_word' id='word_1_441' title='bbox 584 4800 725 4848; x_wconf 65' lang='lat' dir='ltr'><strong>acessus</strong></span> <span class='ocrx_word' id='word_1_442' title='bbox 744 4800 787 4846; x_wconf 87' lang='lat' dir='ltr'><strong>sc.</strong></span> <span class='ocrx_word' id='word_1_443' title='bbox 811 4781 954 4864; x_wconf 87' lang='lat' dir='ltr'><strong>temporie</strong></span> <span class='ocrx_word' id='word_1_444' title='bbox 976 4800 1031 4846; x_wconf 88' lang='lat' dir='ltr'><strong>scu</strong></span> <span class='ocrx_word' id='word_1_445' title='bbox 1052 4779 1219 4846; x_wconf 85' lang='lat' dir='ltr'><strong>anomaliae</strong></span> <span class='ocrx_word' id='word_1_446' title='bbox 1242 4781 1385 4866; x_wconf 86' lang='lat' dir='ltr'><strong>simplicis</strong></span> <span class='ocrx_word' id='word_1_447' title='bbox 1403 4779 1476 4852; x_wconf 83' lang='lat' dir='ltr'><strong>fflo</strong></span> 
     </span>
    </p>
   </div>
   <div class='ocr_carea' id='block_1_4' title="bbox 181 4883 1272 4966">
    <p class='ocr_par' dir='ltr' id='par_1_17' title="bbox 181 4883 1272 4966">
     <span class='ocr_line' id='line_1_50' title="bbox 181 4883 1272 4966; baseline 0.002 0"><span class='ocrx_word' id='word_1_448' title='bbox 181 4891 442 4966; x_wconf 54' lang='lat' dir='ltr'><strong>mmuh</strong></span> <span class='ocrx_word' id='word_1_449' title='bbox 1255 4883 1272 4938; x_wconf 83' lang='lat'>⁰</span> 
     </span>
    </p>
   </div>
   <div class='ocr_carea' id='block_1_5' title="bbox 0 0 1796 5558">
    <p class='ocr_par' dir='ltr' id='par_1_18' title="bbox 0 0 1796 5558">
     <span class='ocr_line' id='line_1_51' title="bbox 0 0 1796 5558; baseline 0 2"><span class='ocrx_word' id='word_1_450' title='bbox 0 0 1796 5558; x_wconf 95' lang='lat' dir='ltr'><strong> </strong></span> 
     </span>
    </p>
   </div>
  </div>
 </body>
</html>
