3674 5532
352 1196 356 1209 ι
681 1079 687 1086 ’
774 1147 1264 1232 commmemoenm

215 1333 225 1356 '
340 1325 439 1429 DE
496 1311 1303 1432 demonstrentur
1366 1325 1689 1428 mnam

747 1601 748 1604 Ἴ
854 1526 965 1595 PARS
988 1525 1175 1600 QUARTA.

614 1701 945 1876 umoriorrro
976 1735 1135 1828 vunnu
1172 1730 1419 1826 usnemun

503 1895 522 1918 ·’
712 1886 891 1980 romeu
923 1882 1317 1993 nruoornolus

477 2071 537 2140 EX
574 2069 723 2137 cnosls
759 2067 955 2135 PHYSIGIS
990 2069 1046 2132 ΕΤ
1080 2069 1269 2134 PROPRIA
1305 2067 1556 2135 SENTENTLA.

430 2495 517 2570 Quae
548 2497 641 2560 tertie
669 2504 756 2580 parte
787 2497 997 2562 demonstrata
1028 2505 1113 2574 eunt,
1151 2496 1190 2559 ad
1221 2449 1324 2560 dmues
1351 2497 1492 2579 planetas
1523 2495 1688 2578 pertinent:

341 2612 419 2676 unde
440 2633 502 2676 non
525 2612 635 2695 injuria
664 2612 784 2676 clavis
818 2613 1067 2676 astronomiae
1097 2612 1298 2693 penitioris
1329 2593 1549 2698 dici⁶possunt
1595 2585 1719 2685 Quum·

341 2736 428 2792 tanto
459 2729 557 2810 magis
586 2729 717 2810 gaudere
748 2729 890 2792 debemus
922 2717 1095 2805 inuent'am,
1131 2735 1243 2812 quanto
1278 2731 1391 2794 certius
1421 2736 1485 2806 est,
1516 2730 1602 2793 nulla
1632 2727 1690 2792 alia

340 2846 459 2911 ratione
481 2845 659 2932 investigari
669 2847 832 2943 potuisse,
865 2852 1078 2928 praeterquam
1099 2864 1154 2927 per
1186 2846 1296 2914 stellae
1318 2847 1429 2910 Martis
1452 2847 1687 2910 observationes.

339 2963 420 3027 Nam
450 2963 508 3025 etsi
538 2963 656 3045 quidem
688 2963 927 3026 Ptolemaeus
956 2961 1151 3024 biseotionem
1181 2961 1260 3026 hano
1291 2961 1526 3026 eccentricitatis
1556 2959 1689 3028 Solisiu

340 3077 462 3144 Venere
485 3099 601 3160 quoque
625 3086 656 3141 et
679 3079 826 3141 Mercurio
851 3077 1048 3160 deprehendit
1054 3097 1064 3153 ;
1093 3097 1187 3159 eoque
1210 3077 1328 3140 nomine
1356 3087 1511 3142 ecoeutros
1535 3082 1688 3142 eoosntro-

341 3215 416 3274 rnm,
441 3215 495 3259 seu
513 3196 593 3277 quod
614 3195 694 3258 idem
709 3202 766 3272 est,
790 3195 964 3278 gyrationes
988 3192 1234 3291 centri·epicyoli
1257 3193 1440 3272 introduxit,
1466 3214 1542 3276 quae
1568 3195 1687 3256 demon-

341 3313 448 3378 stratio
473 3319 644 3378 reservatur
656 3311 687 3373 in
706 3311 844 3393 proprios
858 3311 894 3373 de
908 3310 957 3372 his
976 3309 1106 3390 planetis
1130 3316 1299 3374 trsotatus:
1324 3309 1570 3374 observationum
1591 3317 1687 3372 tamen

340 3427 474 3509 ipsarum
505 3428 653 3506 conditio,
687 3434 718 3489 et
748 3429 856 3490 breves
888 3424 1018 3489 Veneris
1041 3445 1061 3486 a
1083 3423 1156 3488 Sole
1178 3424 1403 3506 digressiones,
1432 3445 1509 3509 quae
1541 3445 1602 3489 nou
1632 3421 1688 3486 nisi

340 3543 481 3608 humilem
512 3543 666 3608 obnrvari
697 3544 734 3607 de
766 3551 854 3607 nocte
886 3542 1060 3622 patiuntur,
1094 3541 1280 3605 methodicae
1311 3541 1496 3626 inquisitioni
1526 3541 1616 3624 bnjus
1647 3536 1687 3601 rei

339 3658 498 3740 plurimum
519 3659 725 3740 impedimenti
747 3659 805 3724 fnit
827 3658 968 3731 allatura,
991 3658 1017 3720 si
1040 3657 1118 3722 citro
1139 3658 1272 3722 Martem
1295 3658 1443 3722 stetisset
1480 3660 1516 3722 ln
1538 3655 1686 3722 Mercurio

341 3775 435 3842 multo
465 3771 624 3838 absurdius
654 3776 750 3839 adbuc
782 3775 844 3839 ista
871 3771 1098 3837 tentabantur:'
1116 3773 1196 3855 quod
1217 3773 1246 3836 is
1270 3774 1424 3838 rarissime
1448 3795 1468 3838 a
1489 3772 1573 3838 Solis
1595 3769 1685 3835 radiis

342 3898 486 3974 emergat,
510 3898 541 3954 et
563 3891 682 3972 longius
699 3893 800 3956 Marte
820 3899 852 3953 et
865 3892 984 3956 Venere
999 3911 1018 3952 a
1033 3890 1126 3953 Terra
1149 3887 1344 3967 distet'cum
1365 3891 1398 3953 hi
1421 3889 1515 3954 citimi
1537 3889 1684 3952 videntur.

341 4008 463 4074 Fuisset
483 4008 585 4092 itaque
609 4007 721 4070 veritas
744 4008 831 4070 nobis
845 4027 912 4070 oum
925 4006 1103 4070 Ptolemaeo
1126 4007 1348 4088 patentissimis
1371 4005 1544 4090 indaganda
1563 4001 1684 4086 campie,

342 4134 373 4189 et
394 4145 448 4209 per
470 4145 592 4188 orasses
613 4123 736 4188 umbras
757 4125 895 4188 manibus
919 4123 1005 4206 quasi
1027 4123 1189 4205 palpanda.

430 4241 584 4318 Quantum
606 4248 706 4335 autem
729 4239 766 4301 de
788 4241 907 4320 prima
938 4239 1229 4323 inaequalitate,
1261 4257 1337 4322 quae
1368 4237 1525 4301 occasione
1556 4231 1682 4300 ecoentri

342 4357 453 4422 accidit
474 4365 507 4420 et
528 4359 632 4442 cuique
654 4357 794 4437 planetae
817 4354 939 4436 propria
961 4363 1019 4432 est,
1041 4355 1111 4418 hnic
1131 4353 1289 4430 communi,
1312 4361 1399 4435 parte
1423 4353 1515 4416 tertis
1536 4352 1682 4423 inventae,

343 4473 490 4537 secundas
513 4471 722 4556 inaequalitati
751 4469 932 4545 debeamus,
955 4471 1022 4552 jam
1047 4451 1183 4554 exemplo
1207 4470 1315 4536 stellae
1338 4469 1450 4534 Mortis
1473 4465 1680 4532 declarabitur.

924 4767 1107 4781 ψ
