3582 5558
661 313 959 384 menonem-
1420 318 1483 390 rer

126 491 203 544 mmo
222 489 361 557 pbrn'oaaa
385 493 472 554 oralia.
491 495 693 562 appropinquatio
712 495 745 547 ad
763 499 874 549 aeonum
893 496 1027 548 amtnmiei
1043 501 1071 546 et
1088 495 1126 546 ria
1144 495 1249 562 angulur
1267 497 1344 550 adid
1362 507 1482 560 nonaum,

128 577 192 631 qaam
216 563 353 616 rnbtendit
375 567 456 632 portio
481 567 571 624 oralia:
596 567 703 632 denique
720 581 751 618 aa
769 567 816 618 boo
833 568 855 616 ir
873 569 949 618 etiam
969 566 1089 632 angulum
1115 580 1187 632 quem
1206 569 1293 620 eadem
1312 573 1388 636 peroio
1405 573 1483 624 oratii

125 637 248 686 muenia
264 637 438 688 adamnan
457 637 528 688 Solia.
551 636 594 706 ,l)
609 629 731 704 Ἀτεχνια
750 639 801 689 alla
817 638 977 704 inquirendae
995 637 1154 703 longitudinlr
1173 641 1337 701 riaaeralie,
1355 644 1400 698 aad
1417 658 1482 710 quae

129 708 289 774 grunnitu
315 715 406 760 nmen
431 710 612 774 rpeeulationea
631 710 693 760 aliar
712 713 849 761 comitatur.
888 707 988 760 Dantur
1006 711 1072 760 enirn
1091 709 1139 760 duo
1157 711 1253 767 obtuli,
1277 727 1408 780 eorumque
1433 717 1482 766 duo

129 779 216 837 madia
236 780 346 830 alterum
367 781 559 838 mitbmefleam,
578 781 684 832 altermu
701 782 885 846 geometricum,
904 792 1005 846 qnorum
1023 781 1066 830 illo
1084 783 1285 844 majoreireulna
1304 785 1481 843 eutitianae
1501 841 1504 848 ⁴

128 853 211 902 minor.
249 851 357 902 Duobnr
376 853 451 918 igitur
470 854 621 918 argumentis
639 852 730 917 elliprie
748 853 864 916 probatur
880 851 990 918 aequalia
1004 852 1084 922 medio
1101 851 1264 912 arithmetico.
1278 857 1356 908 altero
1372 873 1481 910 eommu-

129 924 187 974 niori
200 938 218 975 a
227 930 362 974 mutrmou
374 931 546 980 eauemorunr.
558 924 637 976 altero
649 925 798 990 geometrico
815 924 897 988 plane,
917 939 964 988 quo
978 923 1159 972 demonstratur
1177 923 1267 989 ellipair
1280 933 1347 978 eerto
1365 944 1482 994 rupem

128 995 206 1046 muna
225 995 347 1052 medium,
364 995 440 1061 iqitur
452 1009 558 1062 aequare
572 998 653 1058 majm
665 994 773 1060 medium
784 995 918 1060 probabile.
945 991 973 1056 5)
985 993 1117 1046 Preceaeoa
1130 1009 1193 1044 unua
1204 997 1341 1062 inquirendi
1354 1002 1481 1065 aequatio·
1536 1009 1539 1017 “

129 1081 187 1122 aaa.
214 1067 258 1132 qui
275 1065 395 1132 negligit,
421 1079 485 1131 quae
509 1081 611 1118 numero
630 1063 654 1115 3.
675 1073 701 1116 et
719 1063 744 1114 0.
764 1065 922 1116 ouut'diota:
940 1065 1041 1130 perinde
1060 1066 1130 1119 ae.ai
1148 1067 1176 1116 u‘t
1193 1064 1334 1121 iu'aumnra
1350 1071 1387 1122 aio
1412 1073 1482 1122 etin
1528 1063 1529 1074 ¹

131 1138 242 1202 partibor
260 1152 288 1188 aa
300 1145 386 1188 mutuo
406 1143 572 1203 compensent.
603 1135 639 1200 ,0)
659 1136 849 1188 Demonstratur
866 1137 1025 1204 geometrice,
1049 1151 1099 1186 uon
1118 1151 1177 1194 aare
1193 1137 1219 1188 in
1237 1141 1348 1204 partibua
1366 1143 1483 1210 aequaler

129 1208 347 1271 arnpbfioationam
373 1207 473 1260 riairam
503 1224 533 1259 ex
556 1209 790 1274 appropinquatione
814 1224 883 1260 nume
901 1203 926 1258 3.
955 1215 980 1258 et
1004 1207 1154 1268 eontrarium
1178 1207 1374 1264 menatenam
1393 1211 1481 1280 ellip'tl-

130 1293 213 1335 emm
232 1295 335 1332 uenum
359 1296 428 1332 num.
446 1276 472 1330 0.
510 1279 538 1342 7)
557 1280 690 1336 Pronomae
708 1287 850 1332 reeeneetur
867 1281 990 1346 genuinus
1007 1278 1079 1342 bujur
1105 1280 1194 1342 eapitia
1213 1281 1385 1338 demonstratio
1403 1285 1482 1336 omni·

129 1351 174 1401 bur
192 1359 391 1424 nouamtaqaur:
411 1359 436 1402 et
454 1353 614 1418 aequationer
632 1353 690 1403 blut
709 1353 824 1404 inventae
844 1351 926 1413 adhue
944 1351 1032 1402 artorio
1050 1337 1194 1416 uguintm.

220 1439 292 1504 cap.
311 1439 400 1494 XLIX.
438 1437 465 1502 1)
487 1439 620 1492 Methodur
638 1441 747 1507 superior
764 1439 901 1490 ortenditur
917 1439 1062 1512 principium
1079 1445 1164 1504 petere
1182 1446 1209 1490 et
1227 1447 1313 1492 oonma
1328 1443 1481 1508 id'peeaare.

129 1511 195 1578 qnod
222 1520 279 1564 arat
301 1512 349 1576 ipai
373 1513 530 1576 proponitum.
568 1509 596 1592 2)
623 1511 706 1562 Mirair
733 1511 807 1576 igitur
830 1526 879 1561 non
898 1516 996 1570 tantum
1015 1511 1080 1560 arelo
1098 1511 1185 1574 capitia
1208 1511 1299 1563 XLVI.
1318 1511 1420 1578 xavn,
1437 1517 1482 1568 red

131 1584 207 1634 etiam
227 1583 338 1636 orabbur
356 1584 557 1638 murmurantia
575 1584 664 1649 eapitis
682 1581 798 1639 XLVIII,
816 1583 851 1632 ad
868 1596 959 1637 onerat
977 1583 1077 1640 reditur.
1096 1581 1184 1646 quibua
1202 1585 1279 1634 avalir
1298 1585 1411 1640 efficitur.
1448 1581 1483 1638 at

125 1657 188 1720 ‚quir
207 1655 330 1706 bameuua
347 1654 473 1720 apioyelur
489 1656 516 1705 in
534 1654 699 1708 euoennieum
719 1661 773 1704 erat
790 1650 967 1717 tramporitua.
988 1646 1037 1704 'ubi
1061 1653 1255 1706 contundebatur
1272 1655 1347 1708 rittue
1363 1659 1482 1723 planetae

128 1727 229 1791 propria
245 1741 304 1776 auen
322 1728 412 1778 marte
429 1741 460 1794 ep
477 1725 549 1785 Sole,
568 1728 698 1792 temnitur
715 1725 789 1792 igitur
808 1725 1005 1790 epieyelua,eum
1023 1727 1181 1776 eonoeutrim
1190 1733 1217 1778 et
1225 1728 1381 1794 applicantur
1390 1738 1482 1782 eauaae

128 1797 249 1862 pbyaleae
280 1812 311 1851 ax
341 1811 397 1863 eap.
421 1796 500 1848 XLV.
529 1806 559 1849 ut
580 1799 769 1851 tundamentum
795 1796 933 1861 inquirendi
960 1797 1120 1862 nequitiores
1147 1797 1198 1848 hao'
1221 1800 1263 1849 ria
1289 1806 1357 1852 reete
1379 1801 1481 1854 habeat

129 1861 158 1930 3)
183 1867 321 1920 Methodua
347 1871 404 1934 ipra
430 1875 625 1928 eourtruotarum
651 1869 826 1935 aequationem
852 1875 993 1918 retentetur
1018 1875 1044 1932 et
1064 1871 1242 1934 aequaomer·
1258 1869 1376 1934 eiusdem·
1396 1861 1482 1930 etruria

128 1945 268 2006 nouantur
297 1940 331 1991 ab
358 1941 523 2006 experientia,
548 1941 589 2007 qui
615 1954 691 2006 supra
717 1940 764 1990 luit
785 1954 840 2004 aap.
867 1938 969 1990 XLVII.
1013 1936 1043 2000 4)
1067 1938 1201 1990 Diluuntur
1229 1942 1305 2008 igitur
1331 1934 1482 2009 ampiuioner

128 2013 216 2062 errorir
235 2013 262 2061 iu
280 2011 392 2071 calonio,
417 2027 481 2078 quae
498 2027 573 2078 aupra
590 2026 645 2077 eap.
665 2009 768 2062 XLVII.
792 2011 967 2069 naeoebautur,
987 2017 1013 2061 et
1030 2011 1193 2072 concluditur,
1212 2027 1318 2078 peeeare
1335 2014 1482 2081 hypotbeein

125 2083 205 2148 ipram
224 2097 281 2148 oap.
298 2083 378 2134 XLV.
1246 2141 1249 2146 ¹
1331 2123 1336 2133 .

218 2153 291 2219 Cap.
310 2154 341 2206 1..
366 2153 451 2208 Habet
468 2162 572 2208 eonatut
583 2170 635 2220 rex,
651 2169 696 2221 per
714 2155 847 2206 datarium
864 2153 931 2218 iprae
947 2153 1086 2218 inquirendi
1099 2156 1281 2220 aequationem,
1294 2155 1320 2206 id
1333 2164 1372 2208 eet
1382 2172 1483 2214 ‚moram

126 2225 248 2290 planatae
266 2227 294 2277 ln
311 2232 379 2278 uento
399 2240 459 2277 uon
476 2227 624 2284 eruamini,
651 2234 781 2291 usurpatae
803 2227 944 2290 priusquam
962 2221 1049 2275 aeirem
1066 2225 1093 2276 in
1111 2226 1185 2289 plano
1204 2227 1285 2279 lneaae
1303 2243 1425 2281 aurnmarn
1444 2232 1479 2281 di-

127 2299 287 2348 stantiarum.
324 2297 425 2348 Etenim
449 2312 531 2349 morae
555 2313 585 2349 ex
600 2298 733 2349 ‘tutantia
751 2313 805 2348 erse
824 2297 987 2347 deaumendaa
1006 2297 1169 2348 tertianarum
1188 2305 1226 2350 eut
1243 2314 1274 2350 ex
1289 2314 1347 2364 aap.
1367 2299 1481 2352 XXXIII.
1524 2315 1527 2322 ·

125 2372 161 2421 At
178 2383 237 2418 erun
255 2373 308 2420 trer
325 2370 376 2420 tint
394 2369 551 2421 muratae:
569 2384 634 2428 una,
649 2384 717 2435 quae
734 2369 849 2434 temporie
868 2376 907 2422 eat
923 2381 1059 2427 manaurae
1071 2369 1195 2427 rotunda,
1218 2384 1283 2436 quae
1301 2383 1373 2422 arom
1392 2375 1495 2436 eoeen7¹

127 2441 198 2500 trien
218 2441 311 2501 tarda,
335 2454 401 2506 quae
425 2441 517 2507 anguli.
537 2457 610 2506 wem
627 2441 754 2494 rubteudit
770 2441 812 2491 Ille
831 2454 903 2508 arona
922 2441 954 2490 ad
972 2434 1069 2500 Solem.
1085 2441 1193 2492 omniurn
1211 2443 1285 2493 trium
1302 2445 1482 2496 auommiaruul
1522 2475 1529 2489 ·

128 2505 314 2576 pneumate
343 2511 486 2577 aequalibus
510 2512 612 2579 singulis
635 2513 746 2579 ringum
763 2511 820 2562 dedi
838 2512 978 2562 dietantiar.
1021 2511 1085 2562 Ηοο1
1102 2513 1186 2578 itaque
1216 2515 1315 2564 nomiae
1338 2515 1426 2580 triplex
1445 2524 1483 2568 eat

128 2585 198 2634 neta
217 2582 384 2636 oonridaratio
403 2583 585 2648 diatanu'arum.
614 2581 655 2636 Sin
674 2599 730 2652 eum
749 2597 779 2634 ea
797 2584 884 2634 eodem
902 2597 957 2648 eap.
975 2583 1088 2636 XXXIII.
1108 2589 1205 2648 pateat,
1223 2585 1271 2636 iter
1288 2585 1404 2651 planetae
1414 2589 1479 2640 diur-

125 2669 186 2704 nnrn
213 2647 240 2706 in
265 2651 362 2718 aphelio
381 2654 414 2706 ad
432 2655 544 2706 diurnum
561 2655 689 2720 periboli,
718 2669 839 2719 apparens
865 2663 997 2707 extentio
1016 2657 1087 2722 quari
1105 2654 1185 2719 Solia,
1213 2670 1267 2708 erra
1285 2659 1311 2706 in
1328 2658 1482 2724 proportione
1534 2717 1538 2724 ,

128 2725 206 2790 dupla
227 2740 348 2780 eonverra
367 2728 428 2791 ejus,
447 2717 511 2792 qua'e
530 2734 569 2778 ert
586 2729 651 2778 inter
668 2727 800 2776 datanuar
818 2726 935 2790 planetae
954 2725 1036 2776 aSole
1055 2727 1179 2792 apheliam
1197 2733 1224 2777 et
1240 2728 1402 2792 peribolium:
1421 2745 1482 2801 qua-

127 2797 199 2848 drari
217 2799 296 2864 igitur
313 2813 399 2851 omues
417 2798 551 2851 &tanam
567 2804 593 2850 at
612 2799 683 2848 divid
701 2809 744 2862 per
761 2798 909 2848 mediocrem
928 2793 1042 2857 100000,
1060 2807 1089 2848 ut
1106 2799 1172 2863 qdod
1188 2799 1270 2864 prodit
1279 2801 1303 2850 id
1313 2809 1482 2866 eomparatum

128 2869 161 2920 ad
179 2870 332 2920 mediberem
350 2867 457 2920 100000
474 2877 674 2935 repraerentaret
690 2869 760 2919 illam
777 2871 899 2920 rationein
917 2869 1037 2933 duplam,¹
1050 2885 1113 2935 quae
1131 2877 1221 2937 regnat
1238 2873 1304 2922 inter
1321 2873 1420 2924 diurnoa
1438 2887 1481 2939 ap-

127 2949 249 3004 parenter
268 2956 299 2992 ea
317 2948 401 2992 eenmo
420 2941 493 2992 Solia
530 2941 618 2992 Tribur
636 2943 711 3008 igitur
729 2941 903 2992 dirtautiamrn
922 2942 1053 3006 generibus
1066 2941 1169 2994 totidem
1185 2956 1279 3008 genera
1287 2946 1416 2997 tertiarum
1427 2961 1482 3010 pre-
1520 3004 1523 3008 ³
1551 2941 1554 2954 '
1574 2965 1580 2980 ·

128 3011 307 3074 portionalium
330 3020 502 3072 areanorum
526 3014 612 3080 quibua
637 3013 775 3078 perquisitis
794 3013 891 3077 operari
909 3011 1006 3080 nihilve
1023 3027 1063 3062 me
1081 3016 1281 3076 praetermIarum
1298 3017 1344 3074 iri,
1370 3016 1435 3082 quod
1453 3017 1486 3066 ad

128 3081 248 3134 alleemm
275 3097 407 3136 tamarum
424 3084 574 3136 naturalium
593 3081 669 3150 (quae
687 3099 731 3148 per
749 3084 882 3134 ulutantiaa
899 3083 990 3136 docent
1007 3084 1130 3148 inquitate
1144 3084 1226 3136 lorum
1237 3083 1355 3151 planetae
1369 3091 1490 3138 eeoentri·

129 3154 197 3218 uonr)
213 3157 367 3220 pertineret:
386 3163 415 3206 ut
431 3159 469 3206 ita
486 3171 531 3208 aex
548 3156 637 3208 flarent
653 3155 728 3205 modi.
981 3155 983 3160 “

218 3225 250 3276 Iu
273 3229 353 3292 prime
379 3235 405 3278 et
422 3227 544 3284 racundo.
564 3229 606 3294 qul
623 3227 700 3281 habet
726 3227 860 3278 damnum
879 3224 1019 3276 anomaliae
1039 3227 1147 3276 eooeotri
1165 3241 1209 3277 eeu
1227 3227 1360 3290 rotundae,
1381 3231 1488 3280 oeourrIt

133 3297 229 3362 aliquid
247 3299 425 3366 geometdoum
444 3299 640 3356 oonairleratieue
659 3299 768 3364 dignm
807 3297 910 3348 Summa
928 3297 993 3346 enim
1013 3293 1064 3345 360
1082 3297 1203 3348 linearum
1220 3297 1348 3350 tertiarum
1367 3304 1485 3364 aequatio

128 3383 253 3420 summam
273 3365 327 3418 360
344 3371 470 3421 radiorum
488 3385 533 3421 reu
549 3373 682 3436 primarum
700 3369 831 3420 linearum.
867 3368 898 3418 Id
915 3369 1057 3432 proponitur
1074 3371 1206 3434 geometria
1224 3370 1450 3424 demonstrandum.

215 3440 355 3492 Prteom
376 3442 503 3492 modorum
524 3440 610 3492 borum
628 3457 671 3491 rex
689 3442 840 3506 eomparetio
865 3439 928 3491 haee
954 3445 1000 3488 est.
1037 3437 1103 3489 Nam
1127 3440 1174 3492 duo
1200 3437 1313 3508 (quartur
1332 3451 1358 3494 et
1375 3439 1486 3510 quintua)

127 3527 181 3564 tarn
199 3512 304 3568 ducant
315 3515 342 3563 in
361 3513 492 3564 abrurdum
510 3521 536 3564 et
554 3514 682 3581 dupbeant
700 3527 792 3564 errores
811 3513 994 3576 aequatiouum.
1033 3510 1145 3571 Quatuor
1162 3527 1219 3564 raro
1233 3512 1323 3577 reliqui
1342 3517 1485 3566 eoiuaidunt

129 3597 187 3634 euru
204 3581 286 3634 maella
306 3586 417 3649 eapituut
434 3586 645 3649 praecedentium,
662 3599 693 3634 ex
710 3584 798 3648 quibua
816 3583 863 3646 duo
882 3581 1016 3644 (renuetur
1034 3589 1061 3632 et
1079 3581 1177 3646 tertius)
1194 3592 1289 3649 ponunt
1306 3589 1354 3638 iter
1366 3588 1484 3652 planetae

123 3669 181 3705 ,aare
200 3654 346 3717 tinnulum,¹
363 3656 411 3708 duo
429 3671 485 3706 raro
503 3652 607 3722 (primur
626 3663 652 3708 et
669 3651 765 3718 autur)
783 3654 936 3704 manaieruut
955 3653 1087 3704 distantiae
1110 3661 1136 3705 et
1154 3655 1223 3706 orale
1241 3658 1289 3722 iter
1305 3667 1436 3722 praestant
1454 3675 1485 3710 ex

126 3729 259 3778 munna
275 3729 368 3792 oapitir
386 3725 464 3778 XLV.
500 3727 534 3780 Et
551 3734 670 3794 quantum
688 3727 724 3777 illi
743 3740 846 3800 eaoeuu
862 3733 961 3776 tantum
978 3725 1005 3776 hi
1022 3733 1130 3792 peceant
1147 3725 1246 3785 delectu
1265 3728 1407 3798 &heuque
1418 3733 1484 3782 reri-

127 3804 207 3848 tatem
225 3799 254 3848 ln
271 3797 361 3849 madio.
686 3827 691 3835 ·

213 3884 289 3952 Gap.
308 3886 352 3938 LI.
388 3885 556 3952 Demoleonta,
576 3889 738 3954 aequationeu
756 3887 858 3938 riuorar
875 3887 928 3938 lieri
946 3899 990 3952 per
1007 3881 1104 3938 orelam
1122 3889 1212 3952 raptor
1228 3887 1311 3948 va,
1334 3891 1389 3952 jam
1407 3891 1483 3942 etiam

126 3957 843 4028 exploratar.anaadameteireadirtautiarpeoeet.‚
941 4019 943 4024 y
1018 4009 1023 4017 ,
1205 3955 1209 3962 ’

215 4030 300 4096 igitur
322 4029 370 4082 bue
396 4033 482 4095 eapite
500 4037 658 4092 mmmuntnr
673 4033 752 4096 primo
770 4030 969 4087 emanationes,
994 4029 1103 4080 reeuudo
1119 4029 1259 4082 dietantiae
1278 4029 1342 4082 Solia
1360 4045 1377 4082 a
1394 4032 1479 4089 Terra,

124 4101 210 4166 quala·
237 4107 300 4152 rme
325 4104 462 4154 oertirrirue
481 4102 665 4154 denominatae
682 4107 754 4167 parte
772 4103 861 4159 tertia3
886 4107 1017 4164 praeterea
1039 4101 1101 4151 nihil
1119 4105 1217 4165 ponitur
1234 4116 1279 4152 reu
1297 4105 1362 4154 inter
1380 4103 1480 4152 demon·

126 4175 255 4224 ffloatr
272 4175 397 4240 prineipia
413 4177 555 4225 uomitur-
591 4175 629 4225 Ex
646 4175 685 4226 Iria
703 4175 781 4240 igitur
798 4173 998 4224 dementarentur
1016 4173 1153 4224 dietmare
1168 4173 1256 4224 Martia
1276 4172 1361 4223 aSole
1371 4177 1396 4223 in
1405 4175 1480 4238 pluri·

125 4245 170 4294 nir
197 4245 261 4297 loeta
290 4247 426 4297 eeoenuiei
455 4261 500 4311 per
526 4252 605 4297 mmm
632 4246 769 4296 ambitum:
793 4250 820 4296 et
845 4242 953 4309 quidem·
969 4245 996 4293 in
1014 4244 1075 4296 leeia
1092 4247 1130 4298 ita
1147 4247 1262 4302 ramur.
1280 4251 1309 4294 ut
1326 4247 1425 4311 ringula
1451 4260 1482 4296 ax

125 4317 229 4383 mgna·
250 4317 415 4370 amriemoulb
438 4317 590 4370 meandente
609 4326 635 4368 at
653 4317 818 4370 deaoendeute
837 4315 975 4381 aequaliter
1002 4321 1174 4368 removeantur
1191 4315 1279 4370 aloen
1298 4315 1389 4380 aphelii
1407 4327 1482 4382 aupra

127 4399 176 4438 ιιι
196 4403 251 4442 ana
274 4391 317 4442 ria
339 4390 448 4441 inventa
485 4388 558 4442 Unde
586 4390 757 4454 comprobatur
781 4387 904 4454 aphelium
930 4395 956 4438 at
981 4387 1056 4438 timul
1080 4388 1220 4453 exploratur
1237 4389 1299 4440 fidae
1316 4386 1480 4452 hypotheseon
1505 4435 1511 4444 .

211 4531 287 4600 Gap.
307 4531 366 4584 LII.
403 4531 442 4582 EI
466 4531 642 4584 demomtratir
667 4532 757 4596 eapitis
774 4533 861 4596 priora
878 4530 1062 4582 demonstratur
1078 4535 1271 4595 porru‚·partea
1289 4528 1427 4595 aequaliter
1445 4531 1477 4586 ab

130 4601 223 4656 brute
240 4604 341 4672 rpbalie
358 4607 481 4662 amatu,
509 4603 633 4655 dirmntar
649 4603 787 4669 aequaliter
805 4614 822 4653 a
839 4601 911 4661 Sole.
936 4601 1029 4653 (lutare
1047 4601 1212 4668 inaequaliter
1229 4616 1246 4653 a
1263 4615 1408 4668 quoeunque
1426 4602 1476 4652 alio

130 4683 215 4737 Μ
231 4684 303 4730 extra
319 4673 421 4727 liuram
438 4687 482 4738 par
498 4673 580 4726 Solem
598 4681 625 4726 et
642 4675 781 4740 apheliuru:
799 4688 858 4740 erqo
880 4673 984 4740 lineam·
998 4672 1112 4739 aprirlm
1129 4671 1219 4724 Martia
1236 4689 1281 4738 per
1297 4675 1379 4737 iprum
1391 4687 1478 4738 oorpm

125 4743 191 4802 aaa
207 4753 324 4808 ammae,
344 4761 406 4799 euru
425 4747 577 4797 manualem
594 4743 683 4798 Martio
703 4746 735 4796 ab
748 4745 860 4796 omnibns
878 4746 934 4795 atur
947 4744 1019 4795 liueir
1031 4743 1138 4794 abmrde
1149 4745 1246 4796 roiiioet
1258 4747 1284 4795 in
1297 4745 1344 4794 duo
1357 4745 1477 4810 inaequa-

128 4815 295 4876 It‘diridm
311 4823 463 4886 reganeuta.
493 4818 600 4869 Additur
612 4819 812 4883 pnaooeupatio,
829 4817 851 4866 tl
868 4819 922 4882 quia
940 4816 1009 4866 illurn
1021 4816 1187 4866 aeoautrieum
1196 4831 1269 4881 anper
1280 4815 1348 4872 aliud
1360 4824 1477 4879 punetuur

126 4891 188 4950 idn
203 4895 363 4951 ummo,
393 4891 434 4940 tio
456 4895 488 4940 ut
505 4889 608 4942 ababa
624 4891 645 4940 ia
662 4889 746 4948 linea,
773 4903 846 4954 quam
864 4901 928 4955 quaa
945 4903 990 4953 per
1008 4885 1089 4938 Solem
1108 4889 1212 4948 tramit,
1237 4892 1263 4940 in
1288 4889 1336 4946 (loo
1361 4889 1478 4956 amunia
