3582 5558
354 295 416 364 150
714 248 744 342 ln
762 290 946 342 Commenterie
963 288 994 342 de
1012 289 1117 340 motibus
1137 285 1225 340 stellae
1243 283 1331 340 Muto

350 494 401 550 per
419 477 473 532 hoe
491 472 609 534 menime
629 472 662 526 fit
680 469 826 538 versimile,
848 469 913 540 quie
932 470 961 526 in
980 488 1013 524 eo
1035 471 1095 524 loos
1116 473 1161 524 est
1180 473 1270 526 moto·
1291 469 1326 522 ed
1346 467 1482 536 moinum
1501 467 1620 542 pinque
1634 471 1699 541 ple·

350 565 484 614 ueterum.
524 554 588 612 Sive
615 552 687 608 enim
714 550 936 622 Gopcruicum
967 550 1092 622 sequeris
1117 550 1175 604 sire
1199 548 1384 613 Breheum,
1412 550 1541 622 utrinque
1569 550 1598 606 in
1618 553 1699 606 Sole

351 645 396 693 eet
414 638 475 694 fone
496 641 585 692 motus
606 633 780 703 pleneterum
802 631 928 702 utrinque,
950 631 977 685 in
999 629 1214 702 Cepernico
1235 628 1319 684 etiem
1341 625 1424 694 sexti,
1445 630 1552 688 scilieet
1565 629 1694 688 Tellenis.

349 719 464 774 Fontem
485 722 578 770 eutem
598 713 795 769 omnismotue
815 711 988 769 verisimilius
1009 718 1053 766 est
1073 727 1123 766 suo
1144 711 1204 764 loco
1225 725 1335 764 medere
1356 726 1436 782 quem
1457 711 1569 768 moveri.

428 801 467 852 Δι
486 793 627 850 eiBrehei
648 793 801 863 opinionem
822 808 977 862 sequemur,
999 799 1029 846 et
1048 792 1111 847 Sol
1122 807 1171 846 em
1191 789 1311 845 diceum
1330 789 1448 846 moueri:
1469 792 1592 862 primum·
1604 799 1700 848 menet

351 880 404 934 hoc
424 880 655 938 demonstratum,
676 871 769 928 Solem
789 873 898 929 turdum
918 872 1044 928 incedere
1065 889 1124 927 oum
1146 889 1165 927 e
1183 871 1270 926 Terre
1289 871 1373 942 longe
1394 870 1466 936 ehit,
1493 873 1618 928 velocem
1638 891 1700 928 een

348 957 569 1029 appropinquat,
591 954 671 1025 idque
692 971 746 1014 non
767 954 802 1008 ed
822 952 910 1030 ripum
932 959 1053 1018 ιιιιιιιιιιι,
1084 954 1133 1006 sed
1162 951 1247 1006 etiem
1275 951 1304 1004 in
1332 967 1363 1005 ro
1389 951 1466 1022 lpse:
1496 953 1542 1007 hic
1561 954 1633 1008 enim
1655 962 1702 1008 est

348 1041 461 1094 effectus
492 1035 637 1108 eequentis
667 1033 794 1102 circuli,¹
809 1050 889 1104 quem
914 1051 965 1104 per
991 1033 1253 1088 damnanationem
1279 1033 1464 1088 recesseriem
1498 1033 1526 1088 iu
1556 1034 1700 1090 theoriam

347 1119 419 1174 Solis
440 1118 610 1172 induxeram.
1291 1133 1294 1142 ·

417 1199 517 1268 ‘Super
536 1196 591 1250 hec
611 1195 697 1268 igitur
717 1192 871 1248 certissime
890 1194 1062 1248 conclusione
1083 1211 1133 1264 per
1153 1192 1339 1262 conjecturem
1353 1193 1496 1265 physicen]
1513 1211 1600 1265 supre
1620 1212 1700 1250 usur·

347 1285 444 1350 petum
463 1277 660 1331 exstruendum
688 1281 764 1330 eeeet
783 1275 835 1328 hoc
854 1274 999 1344 physicum
1025 1275 1243 1345 philosopheme,
1271 1273 1364 1328 Solem
1391 1290 1448 1329 une
1474 1291 1534 1330 oum
1561 1281 1621 1330 toto
1650 1276 1701 1332 illo

284 1356 286 1365 '
349 1359 524 1430 meximeque
544 1357 663 1427 quinquo
683 1354 895 1410 cccentrioorum
916 1373 999 1409 onere
1020 1351 1066 1422 (ιιι
1086 1371 1178 1408 cresse
1198 1349 1312 1432 loquer)
1332 1370 1352 1408 e
1370 1355 1482 1422 Tellure
1501 1355 1618 1418 moseri.
1650 1374 1703 1412 eeu

350 1442 453 1494 fontem
472 1441 563 1492 motin
584 1436 655 1491 Solis
675 1443 706 1490 et
726 1436 870 1493 effixorum
891 1435 948 1490 Soli
970 1435 1088 1506 quinque
1109 1435 1321 1490 ecoentrioorum
1341 1435 1432 1490 inesse
1453 1435 1481 1490 in
1502 1436 1623 1490 Tellure.

428 1518 514 1588 Atqui
534 1531 651 1588 corpore
670 1523 787 1586 utreque
808 1515 880 1570 Solis
900 1524 930 1570 et
951 1515 1069 1590 Telluris
1091 1513 1271 1586 inspicientur
1290 1516 1392 1586 detque
1409 1515 1542 1584 judicium
1566 1518 1601 1571 de
1621 1523 1703 1572 utro-

350 1615 413 1671 que,
434 1598 488 1654 utri
508 1597 597 1668 megin
618 1603 758 1667 competet
778 1596 838 1652 ioue
858 1602 948 1650 motus
969 1596 1090 1668 corporis
1110 1596 1226 1666 reliqui:
1256 1596 1339 1652 Solne
1359 1597 1473 1652 'ferrem
1495 1604 1622 1661 merset,
1653 1599 1705 1669 qui

349 1686 456 1736 ceteros
470 1685 563 1733 movet
575 1677 714 1747 pleuetee,
734 1693 769 1731 eu
788 1677 875 1732 Terre
883 1677 982 1741 Solem,
1007 1675 1139 1732 motorein
1151 1683 1312 1742 ceterorum,
1327 1683 1371 1732 tot
1383 1675 1488 1732 ricihue
1502 1695 1532 1732 se
1546 1677 1705 1748 mojorem?

349 1761 392 1815 Ne
412 1758 500 1831 igitur
520 1773 652 1829 cogemur
671 1759 829 1820 concedere,
850 1757 941 1812 Solem
962 1775 981 1811 e
1001 1759 1088 1812 Terre
1107 1758 1222 1822 moveri,
1244 1759 1315 1831 quod
1336 1758 1498 1813 absurdum:
1517 1757 1583 1820 ,sou
1605 1759 1705 1817 immo-

349 1839 453 1903 biliter,
473 1838 577 1893 Telluri
596 1843 686 1894 motus
706 1845 751 1892 est
770 1840 966 1894 concedendus.
1186 1872 1188 1880 ι

430 1918 500 1983 Quid
521 1919 662 1974 dicende
684 1926 807 1989 tempore
828 1918 965 1989 periodico
987 1925 1076 1974 motus
1097 1919 1200 1974 dierum
1221 1917 1287 1983 365,
1310 1920 1381 1991 quod
1402 1935 1463 1974 oum
1483 1918 1520 1972 eit
1540 1919 1709 1990 quontitate

351 1999 538 2056 intermedium
568 1999 640 2054 inter
668 1999 834 2070 periodicum
864 2005 971 2070 tempus
992 2001 1091 2055 hiereis
1115 2000 1218 2056 dierum
1239 2000 1295 2060 687
1318 2007 1348 2054 et
1367 1999 1482 2054 Veneris
1502 1998 1606 2054 dierum
1627 1995 1708 2056 225:

350 2098 388 2138 eu
408 2097 461 2135 non
483 2080 544 2136 elle
563 2097 631 2134 rooe
652 2081 795 2134 exclamet
814 2095 904 2134 rerum
924 2082 1047 2144 neturus
1060 2080 1216 2144 circuitum,
1238 2081 1266 2136 in
1287 2098 1339 2152 quo
1360 2079 1622 2135 communiisti
1644 2080 1710 2135 dies

231 2189 238 2206 ·
351 2157 424 2225 365.’
440 2161 500 2216 loco
521 2161 605 2222 etiem
625 2161 741 2216 medium
762 2177 824 2214 esse
845 2161 917 2215 inter
937 2161 1066 2217 circuitus
1086 2161 1185 2216 Mettis
1205 2169 1236 2216 et
1255 2157 1466 2222 Veheris.oirce
1485 2160 1592 2226 Solem.
1612 2162 1711 2215 etsie

351 2241 440 2312 ipsum
459 2258 567 2312 quoque
588 2241 663 2294 circe
676 2239 774 2305 Solem.
797 2241 899 2295 Teme
919 2241 1007 2313 ign'tur
1026 2258 1088 2296 esee
1107 2242 1179 2298 hunc
1192 2242 1333 2297 circellum
1354 2240 1539 2305 oirceSolem,
1560 2259 1614 2296 non
1628 2241 1710 2296 Solis

350 2324 423 2376 circe
436 2317 568 2376 Terreni
603 2320 657 2375 Sed
677 2321 748 2375 heco
767 2328 833 2376 eunt
846 2321 934 2393 megis
948 2323 1063 2392 proprie
1075 2322 1241 2394 Hysterii
1260 2322 1313 2377 mei
1327 2321 1628 2394 Coemogrephioi,
1650 2339 1710 2376 nec

350 2407 432 2460 erent
451 2403 685 2456 commemorande
703 2401 749 2456 hic
769 2401 827 2456 elie
847 2411 1027 2474 ergumente,
1056 2419 1136 2474 quem
1165 2420 1236 2474 queo
1256 2409 1466 2474 pertractentur
1485 2402 1513 2460 iu
1531 2402 1585 2456 hoo
1605 2419 1707 2472 opere.

429 2489 519 2560 Igitur
539 2496 635 2544 cetere
654 2489 847 2561 metaphysice
866 2499 1041 2562 ergumente,
1062 2509 1133 2563 quee
1154 2510 1204 2563 pro
1227 2493 1299 2548 Solis
1314 2493 1341 2546 in
1359 2495 1458 2547 mundo
1476 2494 1546 2557 loco,
1568 2492 1614 2564 qni
1636 2511 1707 2548 oen·

352 2578 425 2626 trum
445 2579 496 2634 est,
518 2585 537 2625 e
556 2569 694 2643 dignitete
715 2571 810 2626 sideris
831 2573 877 2626 vel
897 2588 916 2627 e
934 2572 1038 2627 lumine
1058 2572 1118 2643 ipso
1139 2574 1283 2636 ducuntur,
1304 2568 1367 2628 ride
1386 2573 1415 2626 in
1434 2573 1506 2628 dioto
1520 2589 1580 2628 meo
1601 2573 1706 2629 hhello

352 2658 383 2706 et
404 2651 485 2720 epud'
500 2651 691 2721 Copemicume
720 2669 770 2706 nec
797 2651 865 2705 nihil
893 2655 965 2722 epud
993 2654 1173 2709 Aristotelem
1192 2653 1241 2709 lib.
1263 2655 1296 2709 Il.
1323 2655 1356 2707 de
1380 2654 1481 2716 Coelo,
1510 2654 1561 2708 euh
1591 2654 1706 2708 nemine

349 2731 627 2802 Pythegoreeorum,
655 2731 702 2803 qui
729 2731 802 2803 ignis
828 2733 936 2786 nomine
957 2734 1049 2788 Solem
1067 2735 1274 2789 intellexerunt.
1316 2733 1407 2804 'letigi
1432 2733 1527 2805 ulique
1547 2734 1575 2788 in
1596 2734 1706 2804 optem

343 2813 431 2882 ‘perte
444 2811 638 2868 Astrouomiee
653 2813 719 2882 Cep.
736 2813 756 2867 1.
768 2812 816 2867 fol.
830 2811 858 2867 7.
884 2815 963 2868 Adde
977 2821 1007 2868 et
1020 2821 1105 2885 ceput
1119 2816 1164 2870 VI.
1181 2813 1329 2886 preecipue
1349 2814 1398 2869 fol.
1413 2808 1479 2886 225.
1498 2809 1613 2882 (11.131.
1625 2819 1706 2878 272.)

429 2893 473 2946 De
493 2909 526 2946 eo
547 2909 625 2957 vero.
654 2895 726 2963 quod
746 2893 857 2946 Tenem
881 2909 932 2963 per
959 2895 996 2948 sit
1022 2900 1106 2949 extre
1132 2895 1246 2950 modium
1274 2894 1365 2950 mundi
1393 2893 1547 2958 circumire,
1575 2895 1705 2950 invenies

323 3025 327 3030 ,
349 2987 410 3042 oep-
430 2971 479 3028 lx
499 2972 566 3027 lolio
588 2967 645 3026 322
667 2977 711 3041 (ιι.
731 2975 805 3040 332.)
822 2973 897 3028 illius
918 2975 982 3028 libri
1002 2983 1194 3046 argumentum
1213 2974 1440 3047 metaphysioum,

428 3052 545 3108 Veniem
566 3058 659 3107 temen
679 3054 715 3107 eh
736 3053 840 3108 lectore
861 3071 955 3124 sporo,
982 3055 1005 3110 si
1025 3063 1121 3111 contre
1141 3057 1288 3112 nonnullos
1306 3055 1484 3124 objectiones,
1506 3070 1578 3126 queo
1592 3054 1702 3110 ιιιιιιιοε

349 3139 488 3204 occupent
507 3132 604 3205 hisque
625 3132 796 3204 erpesrnentis
816 3134 868 3188 hoo
888 3142 971 3206 pecto
991 3137 1079 3191 lucem
1100 3137 1228 3208 eripiunt,
1250 3127 1371 3192 remedio¹
1384 3137 1519 3209 queedem
1537 3134 1624 3190 etiem
1644 3135 1700 3189 hoe

348 3214 408 3267 loco
429 3213 551 3270 indicem.
592 3214 688 3284 Neque
709 3214 779 3269 enim
799 3216 881 3269 valde
902 3217 996 3270 eliene
1015 3224 1080 3272 sunt
1100 3221 1135 3272 eb
1156 3217 1203 3282 iis,
1234 3233 1306 3289 queo
1331 3217 1359 3270 in
1380 3233 1463 3288 opere
1484 3217 1594 3292 disputo
1616 3231 1703 3287 super

349 3293 439 3348 censis
460 3293 582 3364 physicis
603 3301 693 3348 motus
713 3295 897 3364 pleneterum‚
919 3298 1084 3366 preesertim
1104 3299 1189 3354 tertio
1208 3305 1239 3352 et
1260 3305 1362 3369 querte
1381 3305 1471 3368 perte.
1575 3357 1580 3370 ‚

427 3372 531 3428 Multos
552 3373 667 3445 impedit
684 3383 774 3430 motus
789 3376 923 3446 gronium,
946 3395 999 3448 qno
1018 3379 1105 3433 minus
1120 3380 1230 3433 credere
1244 3378 1360 3448 possint,
1381 3379 1492 3434 Turrem
1506 3374 1609 3431 moveri
1624 3385 1705 3433 motu

350 3452 463 3507 enimeli
483 3469 533 3508 eeu
552 3455 645 3524 potius
666 3456 830 3526 meguetico.
872 3456 894 3510 Ii
913 3461 1088 3528 perpendent
1107 3459 1308 3530 propositiones
1329 3466 1491 3531 sequentem

428 3533 564 3588 Punctum
583 3536 807 3590 methenseticum
827 3537 883 3590 sive
905 3547 1027 3593 centrum
1047 3541 1137 3594 mundi
1158 3539 1196 3594 eit
1208 3539 1266 3595 sire
1279 3557 1343 3602 non,
1365 3539 1461 3610 nequit
1474 3553 1583 3594 mouere
1596 3538 1707 3609 grevia

349 3629 440 3684 neque
458 3614 583 3670 effective
604 3632 693 3686 neque
714 3615 865 3685 objective,
887 3625 919 3673 ut
939 3620 975 3673 ed
995 3635 1026 3672 ee
1046 3622 1188 3676 eccedeut.
1227 3621 1349 3674 Probent
1379 3618 1502 3690 physici,
1532 3619 1605 3672 huno
1638 3637 1705 3673 esse

348 3693 402 3748 rim
422 3700 540 3762 puncto.
561 3698 633 3766 quod
652 3713 741 3768 neque
762 3714 860 3768 corpus
881 3705 927 3758 eet
946 3716 1033 3771 neque
1055 3701 1137 3756 eliter
1157 3701 1263 3756 nisiex
1283 3701 1345 3755 sole
1364 3699 1500 3756 reletioue
1521 3699 1704 3772 intelligitur.

427 3782 598 3852 impossihile
619 3791 671 3850 cet,
692 3791 724 3840 ut
744 3787 832 3841 iorme
851 3787 950 3858 lepidio
964 3791 1094 3845 movendo
1109 3808 1207 3861 corpus
1221 3807 1299 3846 suum
1313 3795 1431 3862 queeret
1444 3795 1576 3860 punctum
1589 3790 1704 3844 methe-

348 3863 477 3920 meticurn
497 3864 657 3919 entmundi
680 3866 811 3932 medium,
842 3869 913 3923 citro
940 3877 1096 3939 respectum
1125 3873 1245 3942 corporis
1273 3871 1301 3926 ιιι
1328 3887 1381 3944 quo
1402 3877 1447 3924 est
1466 3869 1533 3924 illud
1555 3877 1704 3939 punctum.

347 3945 470 4000 Probent
488 3943 606 4013 physici,
628 3963 672 3999 res
692 3949 837 4002 neturelee
858 3949 962 4004 hebere
983 3951 1167 4021 sympethiem
1189 3955 1222 4007 ed
1244 3953 1270 4006 id
1290 3954 1361 4024 quod
1382 3951 1451 4005 nihil
1472 3956 1523 4010 ot
1572 3979 1576 3990 ι
1659 3985 1665 4004 ,

426 4026 480 4080 Sed
499 4033 589 4094 neque
609 4026 662 4080 hoo
681 4035 764 4097 pecto
784 4028 884 4100 grevie
903 4033 1020 4085 tendunt
1041 4034 1075 4085 ed
1096 4039 1219 4087 centrum
1240 4033 1345 4096 mundi.
1377 4032 1449 4102 quod
1469 4029 1583 4102 firgient
1602 4035 1704 4086 extre·

348 4107 459 4162 mitntes
479 4103 570 4160 muudi
591 4103 713 4163 rotundi.¹
749 4108 820 4164 Nem
840 4110 994 4180 proportio,
1017 4127 1072 4182 que
1092 4113 1195 4168 ebsunt
1215 4129 1233 4168 e
1253 4113 1339 4168 medio
1360 4110 1465 4176 mundi,
1487 4109 1635 4165 invisibilis
1657 4119 1708 4166 est

348 4195 378 4242 et
397 4186 465 4240 nihil
486 4185 571 4239 efficit
591 4186 619 4240 in
639 4189 844 4259 compotatione
865 4193 898 4244 ed
920 4191 1078 4254 distentiem
1099 4194 1135 4247 eb
1153 4195 1332 4249 extremitetc
1346 4192 1446 4248 muudi.
1474 4191 1512 4246 lut
1526 4207 1597 4262 quoe
1612 4207 1706 4247 oeuee

348 4274 423 4322 esset
442 4267 525 4337 hujus
547 4267 620 4320 odii?
651 4275 757 4339 queste
776 4269 819 4334 ui,
851 4278 956 4342 quente
976 4272 1117 4341 sepientie
1137 4281 1279 4344 oporteret
1298 4291 1360 4328 esse
1379 4272 1510 4343 praedite
1529 4271 1646 4344 grevia,
1668 4281 1706 4327 ut

348 4355 406 4404 tem
426 4352 554 4402 commeo
575 4347 673 4419 fugere
689 4359 806 4419 possent
819 4352 856 4405 eh
869 4352 950 4406 hoste
963 4353 1080 4423 nudique
1096 4353 1287 4424 circumjeeto?
1307 4353 1447 4426 quenteve
1461 4352 1588 4407 sollertia
1603 4359 1704 4408 extre·

349 4429 475 4484 mitetum
494 4427 585 4482 mundi
607 4431 641 4482 ed
662 4433 879 4502 persequendum
900 4433 1007 4486 hostem
1028 4449 1106 4488 suum
1126 4441 1183 4488 tem
1203 4435 1346 4491 minutim?

426 4521 466 4572 At
485 4534 573 4587 neque
593 4518 731 4590 vertigine
751 4519 851 4590 repide
863 4522 949 4590 'primi
969 4521 1077 4579 mobilis
1098 4526 1275 4581 excutiuntur
1296 4521 1395 4596 grevie
1414 4521 1442 4578 in
1464 4523 1595 4598 medium,
1618 4523 1704 4578 utin

348 4597 426 4652 undis
447 4596 555 4652 rotatis,
582 4598 652 4652 Nem
667 4607 756 4653 motus
777 4601 834 4664 ille,
856 4601 879 4654 ei
900 4607 1033 4670 ponemus
1048 4622 1118 4670 esse,
1140 4623 1194 4660 non
1214 4611 1258 4659 est
1272 4604 1447 4659 continuatus
1462 4601 1606 4674 neqno'od
1627 4605 1705 4659 heec

348 4677 492 4732 inferiore:
514 4677 583 4732 elies
605 4678 768 4738 sentiremus
789 4680 879 4750 ipsum
899 4690 928 4735 et
949 4700 1108 4754 raperemur
1128 4701 1185 4740 une
1205 4685 1343 4756 otiumque
1357 4684 1497 4739 nobiscum
1510 4683 1573 4754 ipse
1586 4685 1702 4740 Tellus:

348 4758 400 4812 imo
421 4759 641 4827 praeriperemur
660 4777 725 4826 noe,
747 4761 833 4815 Terre
862 4771 1037 4832 sequeretur:
1066 4781 1138 4836 quoe
1169 4767 1259 4822 omnie
1288 4765 1437 4835 opponenti
1465 4765 1591 4838 ¹eheurele
1623 4771 1702 4822 sunt.

348 4841 476 4912 Apporot
495 4838 583 4913 igitur
603 4840 753 4898 doctricem
768 4841 919 4914 mulgemur
939 4845 972 4900 de
992 4845 1134 4922 grentete
1155 4861 1217 4905 esee
1237 4861 1389 4904 erroneum.
