3680 5538
336 279 400 358 tlt
811 291 851 346 ne
868 290 976 346 Moesus
994 289 1087 345 secuse
1103 289 1193 344 steen

338 473 429 536 etiam
451 469 618 534 latitudinis
641 470 719 533 ratio
742 471 829 552 plane
853 470 998 534 consimili
1021 471 1223 551 speculatione
1240 468 1408 551 expeditur:
1434 468 1461 530 si
1476 481 1582 546 nempe
1597 481 1671 544 sup-

337 568 464 644 ponatur
486 561 585 642 aliqua
608 561 753 622 diameter
775 560 942 624 latitudinis
965 561 995 621 iu
1018 578 1139 640 corpore
1163 580 1216 622 seu
1239 560 1329 640 globo
1351 557 1470 630 Martis,
1501 573 1576 635 quae
1599 572 1685 636 por-¹

336 650 501 732 rigaturis
526 651 621 712 locum
645 649 769 712 limitum
793 651 846 712 sub
869 649 946 725 lixis,
971 657 1002 709 et
1023 649 1053 710 iu
1077 651 1132 710 boc
1156 649 1215 712 situ
1237 654 1359 711 maneat
1382 647 1438 710 sibi
1461 645 1519 726 ipsi
1538 643 1671 724 paralle-

336 741 381 802 los
404 739 595 819 peromnem
618 738 770 802 ambitum.
815 739 912 818 Hujus
936 739 1056 800 virtutis
1080 738 1119 799 ad
1141 739 1224 800 illam
1248 737 1401 818 proportio
1425 737 1500 798 haec
1515 741 1572 807 est,
1596 750 1671 812 quae

336 841 384 892 est
415 830 442 890 in
472 828 658 908 magnetibus
692 830 803 892 nostris
827 827 1000 890 directionis
1024 829 1062 890 ed
1090 827 1189 907 polum
1213 829 1252 889 ad
1274 828 1333 890 vim
1357 827 1426 888 ferri
1456 821 1670 887 attractricem.

335 919 395 980 Illa
418 918 524 998 quippe
548 917 649 980 Solem
672 920 789 998 appetit
812 918 858 979 vel
883 917 975 996 fugit:
1000 915 1075 978 baec
1098 917 1222 980 fixarum
1246 917 1298 979 illa
1319 917 1395 990 loca,
1420 915 1474 976 sub
1498 913 1603 994 quibus
1631 909 1672 971 li-

335 1009 421 1070 mites
445 1007 634 1070 latitudiuum
657 1008 864 1081 conficiuntur,
890 1025 947 1067 uou
972 1006 1088 1087 appetit
1111 1007 1318 1086 adnavigaudo
1341 1005 1389 1067 vel
1413 1003 1490 1084 fugit
1512 999 1673 1081 (quemad-

335 1097 453 1159 modum
477 1115 531 1157 nec
555 1114 677 1175 magnes
701 1099 739 1158 ad
762 1097 822 1178 poli
845 1095 996 1175 regionem
1020 1095 1156 1167 adnatat,
1180 1096 1237 1158 etsi
1261 1096 1335 1158 liber
1359 1096 1460 1167 natat)
1485 1090 1537 1153 sed
1556 1095 1672 1152 tanturn

335 1205 441 1248 versus
464 1185 525 1260 illa,
548 1195 582 1246 ut
606 1203 729 1264 magnes
752 1205 856 1248 versus
880 1185 991 1264 polum,
1015 1184 1162 1265 dirigitur.
1201 1185 1287 1246 Hauc
1310 1203 1381 1246 vero
1405 1181 1598 1246 directionem
1622 1197 1672 1239 se-

337 1276 434 1356 quitur
457 1293 598 1335 excursus
621 1275 759 1356 planetae
784 1293 799 1334 e
822 1274 912 1356 plano
937 1274 1092 1354 eclipticae
1116 1275 1153 1336 ad
1178 1273 1258 1336 latus
1281 1283 1446 1354 utrumque,
1470 1289 1574 1332 versus
1593 1270 1674 1352 quod
1762 1327 1768 1336 .

336 1364 402 1426 axis
425 1363 474 1426 hic
496 1362 708 1436 inclinationis,
731 1374 818 1444 parte
842 1381 917 1443 quae
939 1363 968 1424 in
992 1371 1074 1424 motu
1097 1363 1229 1443 corporis
1252 1363 1416 1444 praecedit,
1440 1361 1586 1440 dirigitur.
1625 1356 1674 1427 Sit

337 1453 448 1518 OBAD
473 1451 624 1534 ecliptica,
654 1455 699 1531 A,
729 1453 862 1526 Onodi,
886 1451 929 1528 B,
952 1452 980 1513 D
1005 1453 1132 1514 limites.
1178 1453 1255 1515 Axis
1279 1453 1472 1516 latitudinum
1495 1453 1524 1514 iu
1550 1466 1672 1533 corpore

650 1544 790 1624 planetae
815 1541 913 1616 GNH,
937 1541 1028 1616 ΕΑΒ,
1052 1540 1152 1616 LOM,
1173 1539 1255 1604 lCK.
1302 1541 1378 1606 Cum
1402 1544 1494 1624 igitur
1516 1559 1674 1621 ponamus,

654 1634 730 1696 bunc
761 1652 848 1694 axem
880 1630 936 1692 sibi
967 1631 1024 1711 ipsi
1057 1630 1257 1711 aequidistare
1289 1649 1343 1711 per
1375 1651 1491 1695 omnem
1520 1631 1674 1707 ambitum,

654 1723 706 1785 fiet
733 1723 838 1802 igitur,
871 1728 905 1782 ut
936 1739 1058 1800 corpore
1089 1721 1206 1782 auodo
1238 1719 1418 1785 ascendente
1443 1721 1468 1785 O
1495 1722 1525 1784 in
1546 1722 1673 1786 limitem

654 1814 776 1875 boreum
799 1811 824 1872 B
848 1810 1016 1881 translato,
1041 1809 1106 1872 axis
1133 1809 1182 1871 bic
1210 1810 1342 1891 corporis
1365 1811 1430 1889 LK,
1460 1812 1510 1894 qui
1533 1811 1619 1875 initio
1642 1821 1675 1876 et

655 1901 780 1962 innodo
800 1899 825 1964 O
850 1899 933 1981 quasi
956 1900 1102 1980 tangebat
1125 1899 1264 1962 circulum
1289 1898 1471 1964 circuitionis
1485 1921 1539 1983 per
1553 1899 1669 1966 CNAO

654 1991 858 2070 imaginatum,
881 1987 1006 2068 denique
1029 1988 1060 2049 in
1078 1987 1221 2050 limitibus
1236 1987 1318 2063 N,0
1342 1990 1467 2054 eundern
1490 1994 1530 2054 ad
1548 1993 1675 2072 angulos

655 2090 755 2143 rectos
786 2085 886 2150 secet,
918 2095 1023 2139 versus
1055 2085 1188 2139 centrum
1217 2077 1319 2138 mundi
1342 2079 1381 2153 S,
1413 2082 1470 2143 hoc
1494 2087 1542 2144 est
1568 2101 1674 2144 versus

426 1612 479 1680 lig.
499 1609 559 1662 124.

657 2171 758 2233 Solem
780 2174 953 2250 porrectus,
986 2175 1017 2229 et
1040 2167 1089 2249 qui
1112 2167 1255 2228 hacteuus
1278 2168 1315 2227 ob
1343 2171 1573 2233 declinationem
1595 2191 1673 2235 uou-

655 2259 766 2322 uullam
781 2256 938 2319 abitinere
957 2257 1039 2336 regio
1055 2253 1138 2318 CBA
1156 2255 1378 2335 prolectavorat
1396 2279 1502 2341 corpus
1522 2261 1674 2341 planetae,

603 2340 605 2347 ’
656 2359 690 2410 ut
712 2347 826 2421 eodem,
849 2363 953 2426 nempe
975 2344 1005 2406 in
1028 2344 1194 2424 plagamN
1217 2355 1396 2422 excurreret,
1422 2368 1562 2430 quorsum
1584 2368 1676 2429 prae-

657 2438 812 2499 cedentem
832 2444 949 2516 partem
972 2433 1001 2495 K
1023 2439 1173 2511 verterat3
1192 2434 1257 2513 jam
1280 2432 1309 2495 in
1333 2436 1491 2513 limitibus,
1516 2439 1676 2502 inclinatus

657 2527 695 2588 ad
717 2526 838 2608 planum
863 2523 980 2604 quidem
1003 2523 1158 2603 eclipticae
1182 2522 1258 2588 GBS
1281 2527 1394 2588 mansit
1418 2528 1562 2601 (diximus
1586 2529 1676 2605 euim,

656 2615 779 2678 inomni
803 2615 863 2676 situ
877 2631 996 2675 manere
1011 2613 1068 2673 sibi
1088 2611 1146 2693 ipsi
1169 2612 1437 2695 aequidistautem;
1460 2617 1553 2679 semel
1574 2618 1676 2699 itaque

657 2705 817 2767 inclinatus
840 2703 878 2764 ad
901 2703 1020 2783 planum
1053 2700 1207 2782 eclipticae
1239 2721 1356 2786 semper
1385 2700 1603 2782 inclinabitur),⁴
1623 2707 1678 2769 sed

659 2797 696 2857 ab
719 2793 825 2855 itinere
849 2792 913 2873 ipso
937 2791 1028 2868 regio,
1052 2790 1109 2851 boc
1133 2799 1179 2854 est
1195 2814 1214 2852 a
1230 2791 1469 2857 circumferentia
1488 2787 1570 2858 illius
1593 2797 1677 2876 plani

660 2883 782 2958 CBAD,
800 2881 909 2962 ipsein
925 2878 984 2942 GH
1000 2879 1179 2942 constitutus
1195 2901 1253 2942 non
1273 2883 1400 2964 amplius
1416 2885 1556 2959 declinat,
1580 2904 1676 2966 neque

659 2973 736 3034 enim
760 2971 788 3032 iu
814 2970 970 3031 adversum
985 2970 1024 3043 A,
1047 2985 1141 3050 neque
1164 2978 1245 3031 retro
1263 2970 1333 3036 in
1357 2973 1438 3048 nuit;
1462 2975 1518 3037 sed
1539 2980 1677 3036 tantum-

443 3114 457 3156 h
483 3117 507 3174 m
659 3063 746 3124 modo
770 3061 808 3121 ad
822 3060 902 3122 latus
925 3077 977 3120 seu
1001 3057 1038 3118 nd
1053 3057 1153 3137 polum
1177 3059 1288 3134 abnuit,
1314 3080 1452 3141 quorsum
1474 3063 1533 3126 iter
1556 3062 1677 3128 illinon

660 3161 717 3215 est.
763 3149 858 3229 Igitur
886 3149 1008 3228 planeta
1039 3147 1118 3208 ultra
1148 3149 1174 3210 Β
1205 3157 1356 3228 promoto,
1387 3152 1449 3232 jam
1480 3153 1577 3214 altera
1610 3152 1676 3216 axia

335 3256 407 3318 pars
423 3239 462 3315 G,
486 3263 565 3324 quae
579 3243 609 3305 in
624 3239 777 3305 meridiem
799 3237 904 3316 vergit,
927 3234 1090 3316 praecedit,
1109 3238 1227 3319 istoque
1245 3247 1334 3316 pacto
1353 3241 1505 3320 planetam
1528 3241 1677 3304 aboreali

309 3327 526 3393 ‘inclinatione
550 3333 686 3396 maxima
707 3329 736 3393 N
759 3333 813 3407 per
836 3326 943 3388 nodum
967 3325 1198 3390 descendentem
1221 3326 1249 3390 A
1272 3330 1310 3391 ad
1328 3329 1552 3393 inclinationem
1575 3331 1675 3394 maxi·

333 3435 411 3480 mam
436 3422 599 3483 austrinam
623 3419 651 3483 0
675 3417 820 3500 perducit.
1424 3429 1426 3434 '

420 3507 522 3588 Atque
544 3510 592 3572 hic
616 3505 817 3571 inclinationis
840 3503 906 3564 axis
931 3501 1049 3582 quidam
1073 3503 1158 3583 quasi
1180 3523 1278 3566 remus
1293 3512 1358 3567 est:
1384 3505 1452 3585 quia
1467 3506 1544 3587 quod
1558 3514 1670 3570 nautae

334 3594 423 3656 remis
447 3606 621 3675 praestant,
651 3606 685 3661 ut
707 3597 744 3660 ab
768 3613 826 3657 una
848 3593 913 3672 ripa
936 3591 965 3651 iu
990 3593 1115 3655 alteram
1138 3591 1307 3680 trajiciant²
1340 3595 1396 3656 boc
1417 3595 1541 3675 planeta
1564 3615 1675 3659 conse-

334 3685 433 3762 quitur
454 3705 508 3764 per
530 3687 606 3749 bunc
628 3683 829 3749 inclinationis
854 3699 957 3754 axem,
994 3681 1146 3763 trajiciens
1175 3703 1192 3742 a
1223 3682 1317 3745 borea
1338 3684 1367 3744 in
1391 3693 1537 3760 austrum,
1571 3693 1603 3748 et
1624 3686 1674 3746 vi-

332 3771 444 3848 cissim,
469 3775 603 3850 flumine,
627 3776 683 3838 hoo
706 3783 753 3837 est
777 3769 876 3852 specie
900 3769 1103 3833 immateriata
1126 3769 1216 3847 Solis,
1241 3773 1396 3853 perviam
1419 3782 1534 3837 rectam
1559 3771 1674 3840 GBAD

334 3859 498 3925 incedente.

425 3949 516 4023 Quod
539 3951 748 4032 geometricam
772 3946 986 4011 dimensionem
1009 3946 1129 4020 attinet,
1151 3947 1225 4010 uibil
1247 3956 1296 4011 est
1318 3967 1392 4029 opus
1418 3951 1526 4014 verbis.
1572 3951 1674 4015 Recta

336 4037 393 4100 sibi
415 4043 581 4119 parallelos
603 4047 702 4103 tractu
724 4039 877 4101 rectilineo
899 4034 1038 4098 traducta
1059 4044 1142 4098 motu
1165 4057 1218 4099 suo
1242 4046 1326 4100 creat
1346 4039 1476 4118 planum.
1525 4039 1584 4103 Hic
1607 4039 1674 4102 axis

332 4127 397 4207 ipse
429 4138 479 4192 est
511 4139 613 4204 recta,
651 4137 683 4190 ot
716 4147 774 4208 qua
805 4126 904 4206 vergit
933 4123 983 4185 ille
1016 4126 1154 4205 (vergere
1182 4135 1281 4188 autem
1304 4135 1434 4190 tractum
1457 4130 1673 4209 praesupponit

861 4215 1001 4290 rectum),
1024 4214 1081 4275 bac
1110 4224 1142 4277 et
1170 4216 1345 4280 traducitur.
1396 4217 1550 4280 Describit
1580 4217 1674 4298 igitur

531 4291 584 4357 rig.
604 4287 664 4340 ¹²⁵·
849 4305 997 4384 planum,
1021 4304 1099 4385 quod
1123 4304 1148 4366 si
1172 4303 1373 4380 continuetur,
1398 4314 1484 4368 secat
1512 4307 1674 4388 sphaeram

858 4394 981 4455 lixarum
1009 4392 1039 4453 in
1072 4392 1167 4456 forma
1189 4394 1291 4456 circuli
1314 4395 1429 4474 magni,
1461 4397 1492 4458 iu
1515 4396 1670 4459 schemate

858 4479 990 4544 FEGH:
1023 4481 1092 4561 quia
1115 4491 1199 4544 secat
1230 4482 1385 4564 eclipticae
1415 4485 1537 4564 planum
1559 4483 1617 4549 ΒΟ
1641 4485 1673 4549 iu

756 4598 760 4609 .
858 4577 961 4632 centro
994 4571 1095 4633 muudi
1125 4591 1178 4634 seu
1203 4569 1283 4634 Solis
1307 4573 1345 4635 A.
1391 4573 1434 4636 Ut
1456 4573 1492 4634 da
1521 4593 1557 4635 eo
1585 4581 1671 4638 tanto

859 4659 1060 4723 confirmatior
1073 4660 1126 4736 sis,
1150 4661 1309 4741 perpende,
1330 4661 1478 4724 sectiones
1499 4682 1552 4726 seu
1566 4663 1671 4738 nodos,
1741 4659 1747 4672 '

859 4755 893 4810 ut
913 4749 944 4809 in
967 4749 1118 4812 schemate
1141 4749 1241 4825 vides,
1266 4767 1333 4813 esse
1356 4749 1385 4811 iu
1410 4751 1483 4813 locis
1506 4771 1544 4814 ex
1567 4761 1671 4816 centro

860 4835 941 4904 Solis
976 4839 1007 4902 A
1045 4839 1191 4922 oppositis
1234 4837 1419 4920 experientia
1459 4845 1558 4908 teste:
1602 4841 1671 4910 ride
