3640 5538
336 270 400 344 512
867 279 898 333 u
918 279 1085 350 mquam
1103 277 1148 336 sn

337 458 486 542 praebent
507 465 665 522 conatuum
687 479 750 523 rem
771 459 895 524 ulterius
918 460 1119 538 continuandi,
1143 459 1261 542 singula
1283 458 1471 524 theoremata
1494 459 1540 522 rel
1555 457 1678 540 proble-

341 559 426 612 mata
448 548 572 629 digitum
596 549 753 612 intendunt
777 551 814 612 ad
838 550 1015 632 praemissa,
1038 551 1157 614 omissis
1180 569 1251 613 vero
1268 549 1396 612 numeris
1411 548 1589 624 ordinariis;
1613 547 1678 610 cal-

341 639 401 700 culi
424 638 607 715 multiplices
630 640 677 702 his
701 640 796 703 additi
819 640 948 705 suntad
971 639 1119 722 inceptum
1133 641 1317 724 pertinentes
1334 639 1498 721 negotium,
1520 638 1616 702 donec
1629 657 1679 701 res

334 727 425 809 plane
453 727 611 792 deseritur.

423 817 457 882 Si
481 837 520 880 ex
540 817 598 894 his,
623 835 698 900 qnae
720 823 842 899 praesto
866 825 944 894 sunt,
968 819 1123 901 exemplis,
1140 819 1166 882 si
1184 817 1327 901 inspectis
1340 817 1453 898 passim
1468 814 1679 898 manuscriptis

338 915 370 972 et
406 908 587 988 comparatis
624 907 679 983 iis,
714 926 789 988 quae
819 907 884 988 ipse
921 909 1010 972 aliert
1041 910 1077 971 da
1106 909 1222 972 ratione
1253 907 1434 989 procedendi
1455 907 1486 970 in
1510 904 1678 971 Comment.

335 997 446 1062 Martis
475 999 587 1078 (comp.
615 997 722 1060 literas
746 996 869 1079 Kepleri
899 998 938 1060 ad
960 991 1162 1072 Mae'stlinum,
1186 997 1357 1062 Fabricium
1379 997 1513 1077 aliosque
1535 997 1566 1059 in
1587 1014 1678 1077 prae-

335 1089 448 1152 fatione
472 1087 590 1150 adhoc
613 1086 702 1169 opus)
726 1087 752 1149 si
775 1106 813 1148 ex
835 1087 883 1150 his
907 1088 1082 1151 concludere
1107 1088 1178 1150 licet
1196 1088 1232 1150 de
1251 1085 1384 1167 reliquis,
1409 1105 1484 1166 quae
1499 1085 1680 1165 conscripsit

336 1177 497 1258 Keplerus.
521 1194 579 1240 non
604 1177 668 1240 sine
690 1175 829 1240 veritatis
845 1177 946 1259 specie
964 1177 1039 1240 haec
1057 1179 1093 1242 de
1111 1185 1234 1241 auctore
1248 1185 1351 1240 nostro
1364 1176 1511 1239 dicamus:
1535 1175 1678 1250 Primum,

336 1285 528 1352 quaecunque
551 1266 747 1331 occurrebant
769 1265 901 1348 Keplero
929 1267 1123 1344 notabiliora,
1148 1287 1215 1330 cum
1237 1266 1316 1342 domi
1340 1273 1402 1328 tum
1424 1266 1453 1328 in
1476 1265 1583 1328 itinere
1607 1265 1679 1338 (ad-

336 1357 462 1439 scripsit
493 1357 629 1438 saepius,
657 1365 778 1438 praeter
809 1357 886 1419 diem
912 1377 968 1440 quc
991 1357 1214 1420 lucubrationes
1237 1357 1360 1420 chartae
1383 1355 1552 1428 mandavit,
1584 1354 1678 1422 etiam

336 1447 454 1524 urbem,
479 1466 507 1510 v.
531 1466 560 1528 g.
587 1445 792 1522 „Mouaohii“,
819 1446 987 1527 „Pragae“,
1014 1446 1208 1528 „Tubingae“
1233 1447 1322 1522 bc).
1350 1445 1430 1508 iuter
1452 1445 1554 1508 studia
1575 1453 1678 1508 astro-

334 1536 450 1600 ncmica
478 1537 563 1600 etin
585 1535 665 1612 otio,
703 1535 853 1617 extemplo
876 1536 927 1599 ubi
949 1544 1055 1617 posset
1085 1537 1199 1600 chartis
1231 1534 1384 1608 tradebat,
1417 1533 1467 1596 vel
1495 1553 1549 1616 per
1571 1533 1679 1596 literas

335 1628 374 1690 ad
397 1626 508 1692 amicos
533 1627 622 1689 datas
646 1623 857 1702 dubitationes,
881 1646 957 1710 qnae
980 1626 1186 1702 occurrebant,
1211 1619 1348 1706 sibiipsi
1372 1624 1500 1689 eximere
1525 1623 1678 1686 studebat.

333 1715 460 1787 Deinde,
484 1736 572 1800 quum
594 1733 644 1777 res
670 1713 766 1796 ipsum
792 1716 924 1795 agitaret
947 1715 1058 1797 gravis,
1083 1735 1181 1800 quum,
1210 1723 1243 1778 ut
1266 1713 1376 1777 accidit
1399 1713 1429 1774 in
1454 1712 1678 1794 „Hipparcho“,

334 1807 490 1872 moliretur
505 1806 665 1870 editionem
679 1804 834 1886 cujusdam
855 1805 962 1887 operis,
977 1805 1120 1868 versabat
1135 1825 1198 1868 rem
1216 1803 1409 1886 propositam,
1429 1803 1524 1866 donec
1549 1803 1680 1864 maxima

335 1916 373 1958 ex
395 1905 500 1978 parte,
523 1903 557 1960 ut
578 1895 623 1956 ita
646 1895 754 1964 dicam,
776 1893 808 1955 in
831 1902 993 1976 conspectu
1015 1902 1107 1969 esset,
1132 1905 1163 1958 et
1186 1895 1250 1958 sive
1264 1893 1363 1957 nullas
1378 1891 1477 1954 animo
1491 1891 1679 1974 praecipiens

214 2062 218 2072 ¹
335 1986 539 2062 difficultates,
565 2004 641 2067 quae
656 1983 754 2065 ’objici
777 1995 911 2065 possent,
936 1985 1001 2047 sive
1024 1984 1094 2047 illas
1113 2003 1156 2060 se,
1179 1985 1358 2068 procedente
1378 1981 1508 2064 negotio,
1533 1981 1680 2044 victurum

334 2077 443 2140 fiducia
473 2078 596 2157 plenus,
632 2093 696 2138 rem
728 2073 871 2137 alacriter
900 2093 1077 2156 aggressus,
1116 2073 1202 2158 quasi
1232 2073 1289 2136 sibi
1312 2071 1371 2154 ipsi
1393 2070 1532 2134 stimulos
1551 2071 1679 2134 subdere

336 2166 439 2241 vellet,
464 2166 502 2228 ab
526 2163 611 2226 initio
635 2171 749 2248 quanta
764 2166 869 2245 potnit
891 2163 1049 2245 diligentia
1066 2183 1127 2227 rem
1150 2163 1313 2236 tractabat,
1335 2161 1433 2245 prima
1446 2163 1511 2242 Jam
1529 2159 1611 2224 linea
1629 2179 1680 2222 re-

335 2255 466 2337 spiciens
495 2253 581 2337 quasi
609 2255 648 2316 ad
671 2260 791 2337 typum,
821 2253 1013 2336 ordinemque
1036 2271 1160 2317 servans
1183 2253 1252 2316 inde
1276 2253 1314 2315 ab
1337 2251 1422 2314 initio
1446 2251 1544 2312 auimo
1567 2268 1680 2332 propo-

338 2345 438 2411 situm.
486 2341 538 2407 Sic
571 2342 708 2424 singulae
738 2342 878 2425 deinceps
912 2343 981 2406 libri
1011 2351 1115 2427 partes
1147 2361 1181 2406 se
1220 2343 1348 2405 invicem
1384 2339 1586 2422 sequebantur
1631 2341 1681 2414 (ut

334 2453 364 2496 v.
389 2453 415 2496 c.
439 2434 471 2496 iu
493 2432 604 2495 Martis
628 2431 860 2495 Commentariis
883 2433 984 2514 capita
1006 2433 1045 2495 ab
1067 2431 1153 2496 initio
1172 2429 1215 2497 52
1230 2431 1356 2513 priora),
1379 2430 1474 2493 donec
1486 2427 1680 2510 improvisum

278 2593 282 2608 Ι
337 2522 561 2605 deprehendens
572 2521 815 2602 impedimentum
827 2523 953 2601 gradum
965 2522 1104 2597 sistebat,
1124 2530 1165 2597 et,
1184 2541 1323 2586 reversus
1339 2521 1377 2584 ad
1391 2518 1554 2594 exordium,
1570 2527 1681 2582 ramat

336 2631 374 2675 ea
396 2631 472 2694 quae
495 2609 609 2674 chartis
631 2610 775 2674 mandata
803 2611 936 2673 habebat
967 2611 1135 2675 accuratius
1157 2611 1350 2693 inspiciebat,
1373 2618 1435 2673 tom
1458 2609 1576 2672 demum
1599 2609 1679 2670 forte

337 2721 383 2778 ea,
406 2720 482 2784 quae
506 2701 543 2762 de
566 2699 750 2763 instituenda
773 2699 872 2781 operis
895 2700 1010 2764 ratione
1034 2701 1131 2764 animo
1155 2700 1431 2782 comprehenderat,
1453 2697 1567 2761 chartis
1591 2717 1679 2760 man-

251 2783 256 2796 *
337 2792 422 2855 dans.
468 2791 504 2853 In
529 2788 743 2871 „Hipparcho“
768 2789 961 2852 difficultates
977 2792 1117 2870 frangunt
1139 2789 1291 2872 impeturn,
1315 2797 1347 2851 et
1369 2807 1546 2870 quamquam
1569 2787 1680 2852 iterum

335 2881 502 2964 iterumque
524 2879 629 2956 rediit,
658 2879 779 2942 tandem
803 2879 945 2942 infectum
968 2879 1106 2960 reliquit,
1144 2888 1262 2960 partem
1285 2898 1401 2954 eorum,
1438 2895 1514 2959 quaa
1537 2876 1683 2940 absoluta

335 2971 462 3044 inerunt,
488 2968 700 3053 ,praeceptis“
724 2968 905 3032 Tabularum
927 2968 1183 3050 Rudolphinarnm
1207 2968 1445 3031 accommodans.

420 3059 571 3140 Keplerus
586 3077 674 3140 quam
690 3057 728 3121 ob
742 3077 806 3121 rem
820 3077 894 3139 opus
913 3077 997 3121 suum
1016 3057 1236 3122 inscribendum
1256 3057 1406 3120 censuerit
1420 3051 1680 3136 Hipparchum,

333 3149 422 3214 facile
436 3149 595 3232 conjicient
609 3148 640 3225 ii,
656 3148 715 3230 qni,
731 3147 838 3213 imbuti
852 3147 1054 3210 astronomiae
1073 3147 1212 3234 historia,
1234 3165 1292 3209 non
1309 3147 1458 3226 ignorant,
1472 3143 1681 3226 Hipparchum

334 3238 478 3323 peculiari
504 3240 622 3302 ratione
647 3237 812 3300 dimensum
835 3257 902 3302 esse
930 3237 1106 3301 distantiam
1130 3244 1162 3300 et
1184 3237 1384 3319 quantitatem
1408 3233 1487 3298 Solis
1511 3242 1543 3296 et
1567 3233 1680 3310 Lunae,

293 3353 296 3361 ¹
334 3328 480 3410 singulari
503 3328 533 3391 in
548 3329 625 3391 hunc
639 3327 726 3390 linem
741 3345 827 3390 usum
844 3327 1052 3404 delineatione,
1078 3347 1152 3409 quae
1178 3327 1427 3407 „diagramma
1448 3321 1679 3405 Hipparchi“

334 3419 455 3493 dicitur,
480 3425 662 3501 apparentes
686 3415 767 3480 Solis
790 3417 952 3499 Lunaeque
976 3417 1139 3481 diametros
1163 3435 1321 3499 eorumque
1344 3415 1515 3496 parallaxes
1539 3413 1680 3476 horinon-

334 3508 414 3572 tales
436 3514 670 3589 comparantem.
694 3525 750 3570 nee
773 3525 830 3569 non
853 3507 975 3570 umbrae
998 3505 1163 3574 Terrestris
1187 3507 1365 3570 diametrum
1389 3525 1423 3569 eo
1447 3505 1523 3577 loco,
1546 3521 1605 3586 quo
1628 3521 1681 3565 se-

214 3655 225 3666 .
334 3597 421 3660 eatur
448 3615 502 3677 per
524 3597 639 3660 Lunam
672 3597 858 3680 eclipsatam.
912 3596 976 3661 Alii
1000 3605 1119 3674 autem,
1155 3597 1253 3660 minus
1284 3593 1397 3658 versati
1427 3593 1457 3656 in
1489 3591 1537 3655 hia
1560 3591 1682 3666 studiis,

333 3687 409 3750 haec
440 3686 591 3749 habeant:
619 3685 822 3767 Hipparchus,
845 3692 935 3749 uatus
957 3686 1092 3750 Nicaeae
1115 3685 1327 3769 Bithynorum,
1351 3682 1463 3766 primus
1485 3681 1610 3762 collegit
1633 3701 1680 3756 ea,

338 3795 415 3860 qnae
438 3776 553 3857 priores
576 3774 607 3837 in
630 3774 714 3837 coelo
738 3776 990 3853 observaverant,
1015 3783 1062 3852 et,
1085 3795 1145 3838 non
1169 3783 1327 3838 contentus
1351 3769 1611 3837 observationibus
1635 3770 1681 3834 si·

334 3867 438 3930 derum
464 3883 519 3946 per
545 3883 578 3928 se
608 3881 675 3926 cnm
706 3865 743 3926 ab
781 3865 844 3928 illis
872 3871 937 3928 tum
972 3865 1010 3926 ab
1042 3863 1109 3945 ipsc
1150 3863 1379 3944 diligentissime
1410 3861 1515 3936 iactis,
1548 3859 1681 3922 studium

335 3957 393 4020 hoc
428 3955 521 4018 altius
553 3952 720 4033 accipiens,
758 3955 893 4034 integrae
926 3953 1070 4017 scientiae
1102 3955 1334 4018 conformandae
1368 3971 1486 4034 operam
1518 3949 1604 4012 dedit
1626 3949 1681 4024 (ab

336 4065 414 4109 anno
437 4067 465 4109 a
491 4042 548 4108 cl.
575 4039 773 4119 roo-125).
819 4045 937 4109 Motum
959 4044 1158 4124 planetarum,
1183 4041 1264 4107 Solis
1288 4051 1319 4106 et
1341 4043 1443 4108 Lunae
1465 4039 1607 4123 periodos
1625 4057 1681 4101 ac-

334 4136 467 4201 curatius
490 4133 671 4197 constituers
695 4132 753 4194 sibi
772 4133 938 4215 proposuit,
963 4151 1138 4213 comparans
1159 4151 1230 4197 snas
1244 4132 1339 4214 ipsius
1362 4129 1589 4196 observationes
1612 4147 1681 4192 cum

326 4227 394 4290 illis
425 4231 574 4300 veterum,
609 4221 779 4303 primusque
808 4223 937 4286 coniecit
965 4223 1142 4306 hypothesin
1172 4222 1222 4286 vel
1250 4223 1328 4303 quod
1363 4220 1546 4302 posteriores
1578 4217 1682 4281 mundi

334 4323 469 4400 systema
492 4311 643 4388 dicebant,
668 4311 755 4373 orbes
778 4311 965 4392 planetarum
988 4313 1171 4378 eccentricos
1195 4331 1318 4393 ponens,
1340 4319 1375 4374 ut
1399 4311 1534 4372 salvaret
1547 4315 1682 4372 motuum

334 4403 600 4486 irregularitatem.
634 4399 716 4463 Anni
739 4401 938 4482 quantitatem
955 4403 1123 4466 accuratius
1133 4401 1286 4465 dimensus
1302 4408 1359 4474 est,
1381 4399 1502 4462 tabulas
1522 4395 1683 4461 coustituit

334 4502 467 4560 motuum
501 4490 582 4555 Solis
612 4496 643 4553 et
665 4489 788 4565 Lunae,
826 4492 996 4574 catalogum
1025 4492 1151 4572 denique
1183 4490 1315 4556 coniecit
1351 4488 1506 4552 stellamm
1543 4487 1679 4550 lixarum.

334 4583 397 4648 Sed
419 4582 585 4647 studiorum
606 4579 710 4643 horum
743 4577 985 4660 gravissimorum
1009 4581 1187 4644 documenta
1216 4579 1316 4641 omnia
1340 4579 1401 4641 fere
1423 4577 1575 4660 perierunt
1599 4583 1680 4639 tern-

333 4689 438 4754 pcrnm
461 4670 580 4752 injuria,
604 4687 660 4732 uno
684 4675 802 4731 tantum
825 4679 950 4748 excepto
973 4669 1085 4746 libello,
1111 4690 1196 4752 quem
1212 4665 1381 4749 inscripsit:
1405 4687 1463 4730 coe
1481 4665 1610 4748 Ἄρατον
1634 4687 1681 4730 και

335 4759 682 4836 accomodaremus
704 4755 862 4836 e’iquoeor
883 4761 981 4838 βιβλια
1004 4783 1027 4840 y,
1052 4778 1137 4840 quem
1159 4759 1289 4843 primum
1308 4757 1403 4820 edidit
1423 4757 1565 4820 Petrus
1588 4755 1679 4818 Vic-

335 4849 463 4921 torius
491 4849 662 4916 Florentiae
698 4835 797 4925 1567,
830 4855 862 4912 ot
885 4847 917 4912 iu
943 4849 1085 4922 Latinam
1114 4864 1234 4926 versum
1264 4847 1398 4930 liugnam
1423 4847 1462 4914 D.
1492 4845 1678 4910 Patavina
