3582 5558
516 315 547 371 ds
565 315 753 374 Commentarlle
770 287 888 372 demoto
905 320 992 372 stelae
1010 319 1106 372 Martis.
1412 313 1475 388 109

111 491 288 559 edlineam
312 515 351 560 ex
366 493 456 561 Sole.
499 495 702 570 Quodautem
716 499 840 581 planeta
863 498 974 562 transit
997 499 1033 561 de
1057 499 1152 579 gradu
1174 497 1294 562 virtutis
1316 497 1347 562 in
1370 497 1471 575 allum,

113 585 193 648 idlit
218 587 351 668 egregia
374 587 496 652 ratione
520 608 557 650 ex
575 589 641 670 jam
662 589 772 670 positis
795 587 960 670 principiis.
1003 586 1083 659 Quid
1099 597 1132 650 tu
1152 589 1350 669 responderes
1369 587 1472 670 philo-

115 675 223 757 sopho,
261 676 315 759 qbi
347 683 494 757 negaret,
526 686 557 742 te
581 697 619 760 epu
643 673 753 742 rerum
770 687 880 742 natura
902 677 983 758 loqui
1007 678 1173 741 dicentem:
1206 678 1236 740 iu
1265 685 1330 742 toto
1359 677 1472 742 ambito

116 766 256 846 planetae
283 765 359 830 nihil
383 785 453 830 esse
476 766 535 830 nisi
558 767 587 830 in
613 787 670 831 nno
694 767 759 849 ejus
781 768 912 850 puncto?
949 767 1100 848 Numquid
1120 767 1212 844 dices,
1235 767 1292 830 hoc
1315 767 1358 830 nil
1381 767 1471 830 dero·

117 873 182 934 gare
205 854 394 936 perfectioni
417 855 559 918 coelentis
582 857 728 932 ambitns;
759 858 913 938 planetam
946 855 1023 917 enlm
1051 875 1110 918 non
1142 873 1232 937 posse
1260 875 1327 919 esse
1350 855 1380 919 in
1404 861 1470 918 toto

118 943 232 1008 ambitu
257 943 359 1019 simul,
382 945 437 1006 sed
460 945 527 1026 cogi
548 945 629 1012 intra
650 946 737 1010 unios
756 945 843 1029 quasi
860 945 964 1027 puncti
986 945 1154 1026 angustias,
1179 953 1327 1008 ettamen
1347 963 1471 1008 sncces-

118 1033 180 1096 rire
205 1031 315 1100 venire
338 1034 369 1096 in
393 1034 456 1098 alia
478 1035 575 1098 omnia
596 1035 728 1116 puncto?
770 1036 855 1100 Idem
879 1054 934 1116 ego
959 1034 1041 1098 dico:
1066 1033 1094 1098 ei
1116 1033 1146 1098 iu
1170 1034 1306 1098 omnibus
1329 1033 1473 1115 gradibus

117 1122 241 1186 virtutis
266 1141 306 1186 ex
329 1121 402 1186 Sole
425 1122 627 1188 consisterent
650 1127 790 1206 planetae
814 1123 911 1208 ibique
934 1131 1090 1187 manerent
1113 1123 1237 1203 singuli,
1263 1122 1318 1186 Sol
1348 1121 1471 1204 experi-
1559 1149 1562 1157 ·

118 1220 201 1276 retur
225 1212 335 1274 eodem
357 1217 463 1276 tenore
486 1231 588 1285 omnes
612 1215 724 1295 gradum
746 1214 867 1276 virtmir
891 1213 1017 1276 suaein
1047 1213 1117 1276 illos
1140 1212 1228 1294 idque
1253 1211 1416 1288 invariate3
1441 1219 1474 1274 at

117 1301 186 1382 qnia
210 1299 356 1382 planetae
380 1321 438 1365 non
462 1309 588 1382 possunt
611 1322 678 1366 esse
702 1303 790 1366 simol
813 1302 841 1365 ln
862 1301 998 1369 omnihus
1021 1302 1165 1381 gradibus
1188 1301 1309 1364 rimntis
1332 1321 1370 1364 ex
1388 1297 1471 1376 Sole,

118 1387 289 1454 succedunt
311 1397 446 1473 tempore
470 1411 507 1453 ex
529 1411 588 1454 une
610 1392 639 1454 in
665 1389 765 1468 aliani,
789 1400 823 1454 ut
846 1410 950 1455 omnes
972 1392 1126 1474 impleant.
1243 1463 1246 1470 ,

166 1501 171 1513 ·
206 1477 299 1550 Quod
313 1478 371 1555 aie,
395 1499 454 1544 non
468 1481 597 1557 dubium,
622 1480 693 1562 quin
712 1501 814 1544 omnes
837 1490 936 1544 motus
959 1481 1034 1544 liant
1055 1477 1110 1564 per
1128 1479 1269 1544 circulum
1292 1477 1472 1560 perlectum,

115 1569 141 1634 si
171 1569 213 1632 de
241 1569 420 1650 compositis
444 1569 478 1644 (i.
502 1589 529 1632 e.
553 1570 699 1646 realibus)
723 1571 868 1653 loqueris,
899 1570 1016 1632 salsum.
1065 1571 1157 1634 Fiunt
1184 1569 1262 1632 enim
1290 1567 1468 1650 ¹Cepernico,

113 1665 148 1722 nt
170 1658 247 1734 dixi,
272 1676 329 1741 per
350 1659 478 1721 orbitam
502 1659 540 1722 ad
563 1661 660 1724 latera
683 1660 784 1722 circuli
809 1660 1012 1734 excedentem,
1037 1659 1212 1725 Ptolemaeo
1232 1668 1263 1721 et
1277 1657 1398 1720 Braheo
1422 1655 1494 1724 in-,

114 1765 207 1830 super
229 1765 288 1830 per
310 1747 421 1828 spiras.
468 1747 522 1811 Sin
553 1757 653 1812 autem
678 1749 808 1832 loqueris
842 1750 878 1812 de
902 1749 1163 1827 componentibus,
1196 1749 1235 1829 de
1266 1746 1344 1810 lictis
1378 1745 1471 1826 igitur

112 1838 141 1902 h
166 1857 195 1901 e.
222 1838 262 1899 de
287 1837 377 1900 nullis
400 1836 538 1918 loqueris.
568 1839 651 1902 Nihil
675 1839 751 1901 enim
775 1839 804 1901 ln
829 1839 912 1901 coelo
935 1838 1072 1902 circumit
1094 1844 1216 1920 praeter
1238 1836 1336 1916 ipsum
1358 1853 1469 1916 corpus

112 1927 273 2007 planetae,
297 1919 403 1990 nullus‘
416 1927 508 2002 orbis,
531 1929 629 1990 nullus
645 1927 805 2010 epicyclns,
826 1928 906 2010 quod
919 1927 1098 1991 Braheanae
1112 1926 1314 1990 astronomiae
1335 1924 1473 1987 initiatus

111 2017 257 2098 ignorare
281 2035 342 2078 oon
364 2023 464 2096 potes.
500 2017 566 2079 Hoc
580 2037 650 2098 ergo
669 2017 769 2097 posito
786 2017 989 2092 fundamento,
1013 2017 1086 2079 nihil
1100 2015 1212 2079 moveri
1226 2023 1348 2096 praeter
1362 2015 1472 2094 plane-

110 2117 215 2170 tarum
240 2123 378 2184 corpora,
402 2105 428 2168 ei
447 2105 511 2185 jam
535 2093 705 2187 quaeratnr',
730 2105 827 2187 qualis
849 2107 903 2169 liat
925 2105 1006 2168 linea
1019 2125 1142 2198 corpore
1157 2103 1378 2168 circumeunte?
1399 2099 1469 2165 'res-

109 2195 234 2276 pondeo
261 2193 317 2256 tibi
340 2213 397 2274 ego
421 2215 481 2258 non
494 2215 531 2257 ex
546 2195 706 2278 hypothesi
720 2203 871 2276 suscepta,
897 2195 951 2258 sed
966 2215 1003 2257 ex
1019 2194 1146 2258 scientia
1164 2191 1471 2256 demonstrationibus

110 2282 312 2364 geometricis
334 2283 523 2366 undiqueque
547 2284 760 2361 munitissima,
790 2285 849 2348 iter
870 2285 1005 2364 eorporis
1028 2284 1091 2348 fieri
1115 2285 1216 2364 ovele,
1249 2284 1311 2346 lere
1334 2289 1369 2344 ut
1392 2282 1485 2361 opud'

111 2371 335 2454 Gopemicnm‚
369 2373 418 2453 qui
446 2379 567 2454 praeter
594 2391 701 2454 corpus
729 2375 870 2455 planetae
898 2374 989 2437 etiarn
1019 2374 1169 2456 epicyclos
1193 2379 1225 2433 et
1248 2372 1336 2434 orbes
1362 2377 1472 2433 moret.

112 2461 234 2534 Quodsi
260 2461 404 2525 darentur
427 2463 515 2526 orbes
538 2463 635 2538 solidi,
659 2481 781 2545 possem
804 2463 906 2544 ntique
929 2471 960 2526 et
983 2463 1049 2544 ipse
1074 2462 1214 2525 lacrllime
1229 2459 1346 2524 evalem
1361 2453 1470 2521 linceio

111 2558 350 2632 repraesentare
380 2565 437 2632 per
463 2551 681 2614 concentricum
715 2561 747 2614 et
777 2553 852 2614 dnos
890 2553 1054 2636 epicyclos,
1091 2569 1216 2634 quornm
1253 2547 1471 2612 semidiametri

108 2641 238 2720 junctae
264 2649 396 2720 aequent
417 2642 675 2705 eccentricitatem
698 2640 867 2720 eccentrici,
892 2641 990 2722 sitque
1018 2641 1142 2704 minoris
1166 2639 1313 2702 diameter
1335 2637 1473 2719 aequalis

113 2727 271 2812 latitudini
296 2729 430 2804 lunulae,
465 2749 521 2810 qna
551 2731 651 2793 differt
681 2730 795 2812 ellipsis
819 2751 838 2792 a
860 2730 981 2793 circulo.
1028 2731 1200 2794 Triboerem
1234 2729 1317 2812 enirn-
1336 2727 1471 2810 epicyolo

113 2825 228 2890 (malari)
252 2824 367 2880 motum
388 2820 571 2882 contrarium
593 2820 686 2882 motui
707 2819 891 2882 concentrici
914 2827 946 2882 et
970 2821 1124 2903 aequalem
1139 2820 1167 2882 ci
1180 2819 1210 2880 in
1229 2827 1363 2900 tempore
1378 2815 1472 2879 resti-

114 2907 241 2983 tutorio,
266 2907 400 2991 epicyclo
425 2912 535 2980 (maort)
559 2909 745 2972 celeritatem
769 2909 890 2989 duplam
913 2910 942 2972 in
955 2919 1059 2991 partes
1075 2910 1197 2973 easdem
1219 2927 1285 2970 eum
1299 2903 1415 2987 majori,
1440 2911 1473 2966 et

112 3015 260 3076 ponerem
282 2995 439 3077 planetam
462 2997 550 3060 simul
573 2999 603 3060 in
627 3015 763 3079 apogceo
786 2999 941 3080 utriusque
973 2999 1112 3081 epicycli,
1145 2997 1231 3060 simul
1257 2997 1348 3058 etiam
1379 3002 1411 3057 et
1440 2993 1470 3055 in

112 3086 261 3166 perigaeo
286 3093 318 3147 et
339 3085 370 3148 in
391 3095 503 3168 puncto
527 3091 651 3158 (maris)
670 3087 812 3170 epicycli,
837 3089 917 3170 qnod
940 3096 989 3151 est
1011 3107 1030 3150 a
1053 3095 1155 3150 centro
1179 3086 1301 3168 majoris
1324 3083 1470 3147 remotis·

13 3192 14 3196 ¹
113 3175 241 3251 simom;
266 3173 306 3236 ad
327 3175 427 3237 latera
449 3193 520 3239 vero
543 3177 725 3240 concentrici
747 3185 831 3240 esset
852 3178 884 3239 in
906 3176 1049 3258 perigaeo
1072 3179 1195 3249 (matam)
1223 3174 1360 3256 epioycli.

205 3281 289 3344 Ecce
313 3281 369 3343 tibi
393 3283 610 3363 supellectilem
625 3281 865 3364 Copemicenem
879 3284 1034 3347 levissima
1054 3281 1220 3346 mutatione
1236 3279 1468 3362 transpositam
1579 3317 1584 3326 ·

114 3370 222 3452 ecquid
247 3369 374 3450 placet?
418 3371 495 3434 Mihi
517 3371 647 3436 minime.
693 3371 824 3436 Primum
849 3373 926 3436 enim
950 3373 1038 3435 orbes
1062 3371 1134 3434 nulli
1165 3379 1248 3446 sunt;
1280 3370 1351 3452 qnid
1380 3367 1473 3450 igitu'r

110 3461 202 3541 juvat
225 3458 347 3521 mentiri
371 3480 480 3522 causas
502 3469 601 3524 motus
624 3462 766 3545 planetae
790 3463 907 3525 ovalis?
942 3461 1059 3524 Deinde
1076 3480 1179 3524 ornnes
1197 3460 1227 3523 lri
1242 3468 1314 3536 tres,
1339 3477 1470 3524 concen-

114 3549 210 3611 tricus
236 3567 303 3611 cnm
327 3547 442 3612 duobus
465 3551 622 3634 epicyclle,
654 3551 838 3632 fingerentur
870 3550 1035 3634 aequaliter
1053 3551 1120 3632 jam
1150 3547 1229 3613 tardi
1248 3550 1314 3631 jam
1336 3547 1468 3625 veloces,

116 3647 260 3719 essetque
284 3655 426 3700 mensura
448 3659 594 3728 moramm
609 3641 648 3703 in
672 3639 805 3722 quolibet
828 3661 898 3704 arcu
917 3640 1064 3704 distantia
1080 3641 1221 3720 planetae
1237 3660 1256 3701 a
1270 3645 1372 3720 centro
1396 3656 1486 3716 con-·,

117 3725 256 3790 contrici.
294 3727 340 3790 At
363 3747 440 3811 quae
463 3748 554 3792 causa
577 3737 670 3806 esset,
694 3749 746 3792 cnr
769 3730 975 3794 concentricus
994 3736 1108 3793 motum
1122 3728 1250 3791 haberet
1263 3725 1473 3809 inaequalem?

118 3835 170 3878 cnr
198 3813 349 3900 epicycli?
383 3823 415 3879 et
446 3837 520 3896 qnae
554 3819 698 3881 connexio
730 3819 819 3900 hujus
844 3839 1001 3882 mensurae
1029 3839 1096 3883 cnm
1122 3816 1315 3880 mensurato?
1359 3815 1402 3878 Et
1424 3825 1472 3876 est

117 3917 221 3968 tamen
254 3903 332 3968 baec
363 3925 505 3970 mensura
536 3908 612 3970 adeo
645 3908 767 3991 propria
797 3909 886 3989 hujus
918 3908 1089 3984 tarditatis,
1125 3917 1160 3970 ut
1191 3905 1303 3969 nullum
1319 3914 1470 3978 ,centrum

117 3994 281 4076 aequamie
304 4014 342 4056 ne
365 3995 485 4079 quidem
508 3996 639 4060 libratile
663 3997 849 4060 circulariter
866 3997 958 4078 juxta
988 4017 1020 4060 se
1044 3998 1124 4060 ferat
1147 4003 1199 4058 aut
1220 4014 1274 4077 pro
1298 4014 1331 4056 se
1355 3993 1471 4058 substi-

116 4095 200 4147 tuere
224 4083 336 4164 possit.
382 4083 465 4166 Ergo
489 4095 521 4149 ut
544 4105 636 4148 causa
658 4094 766 4167 pateat
797 4087 989 4150 connexionis
1017 4087 1095 4150 inter
1127 4103 1302 4148 mensurans
1327 4091 1358 4145 et
1384 4102 1470 4146 men-

118 4183 270 4250 suratum,
305 4183 426 4255 oportet
448 4175 568 4238 mittere
592 4175 678 4239 fictos
702 4175 828 4238 circulos
852 4184 883 4237 et
906 4175 988 4258 ipsas
1012 4175 1154 4258 amplecti
1183 4172 1360 4248 distantias,
1394 4190 1470 4253 qno-

118 4263 266 4345 modoqne
291 4281 329 4324 ex
351 4263 390 4327 iis
414 4263 549 4346 elliptica
570 4265 620 4327 via
642 4265 759 4328 ratione
782 4265 912 4356 naturali
936 4264 1092 4341 efficiatur,
1115 4263 1311 4347 perpendere.
1330 4307 1336 4336 ,

174 4371 178 4381 '
202 4369 393 4420 Fabricius:
412 4369 470 4421 Non
488 4371 580 4422 sufficit
597 4371 693 4422 salvare
711 4386 784 4436 posse
800 4377 890 4430 motus,
909 4371 954 4423 sed
973 4373 1048 4424 etiem
1066 4371 1129 4422 tales
1146 4369 1295 4436 hypotheses
1313 4367 1470 4430 constituere,

119 4455 178 4507 que
195 4441 325 4507 principiis
343 4442 499 4493 naturalibus
516 4437 616 4493 minime
635 4441 789 4494 duantum
1218 4453 1220 4459 '

202 4512 409 4593 Keplerus:
440 4513 568 4576 Mirifice
592 4533 739 4578 consensu
762 4516 927 4596 amplector
950 4515 1006 4578 hoc
1028 4522 1111 4578 tuum
1129 4513 1260 4592 dogma;
1285 4518 1316 4573 et
1338 4529 1376 4572 ea
1397 4509 1471 4574 mibi

120 4621 206 4668 causa
233 4602 292 4666 init
319 4603 408 4666 multi
440 4602 552 4666 laboris
584 4603 624 4666 in
638 4602 869 4668 Commentariis
891 4604 1013 4668 Martis.
1060 4604 1103 4665 Te
1134 4619 1205 4662 vero
1238 4601 1316 4682 qnod
1348 4600 1468 4675 attinet,
1495 4561 1515 4632 ἢ

120 4693 299 4758 admonitum
322 4693 409 4768 volo,
446 4699 481 4755 nt
509 4711 575 4755 cnm
598 4691 750 4756 Osiaudro
779 4694 948 4774 transigas;
981 4695 1030 4776 qui
1054 4690 1271 4774 praelationem
1294 4689 1417 4770 scripsit
1439 4690 1470 4752 in

120 4799 190 4863 opus
206 4783 369 4870 copmntct
389 4800 451 4845 nou
473 4783 611 4864 apposito
630 4783 747 4846 nomine
770 4788 868 4857 (comp.
890 4791 947 4842 Vol.
966 4791 987 4843 1.
1005 4809 1029 4859 p.
1048 4789 1100 4842 245
1119 4795 1146 4841 rt
1162 4787 1252 4839 tactem
1276 4799 1387 4841 umam
1405 4787 1489 4840 decb·

118 4877 184 4952 tuln
204 4878 279 4958 tte),
303 4871 467 4960 transigas
489 4867 582 4936 etiam
604 4889 671 4935 cum
687 4870 860 4938 Christiano
875 4873 1013 4938 Severini
1026 4876 1254 4948 (bergenensem)
1278 4871 1328 4960 qni
1350 4879 1468 4953 putant,
