3552 5562
654 287 816 340 recentem,
1371 284 1411 354 19

240 468 283 524 lt.
320 465 432 531 Quibus
453 467 573 540 remigiis
593 467 647 524 rim
667 470 741 524 hano
768 473 895 534 errent,
926 469 972 524 ubi
992 470 1149 541 exemplum
1168 472 1201 524 de
1222 469 1339 524 flumine.
1373 469 1410 524 Et

311 549 451 618 quomodo
472 549 536 602 remi
558 548 706 605 direntium
728 555 816 604 nanta
835 557 930 620 posset
951 550 1069 613 seribere
1091 548 1282 604 eecentrioum.

234 628 280 684 15.
316 628 398 682 Telis
429 628 497 684 remi
526 629 638 684 directio
669 637 791 699 tompore
821 627 961 702 inaequali
988 636 1017 684 et
1044 631 1128 685 librat
1147 635 1178 684 et
1204 629 1341 697 dimidiat,
1373 647 1410 686 ex

315 708 494 778 antecipatm
536 711 606 764 Nom
631 727 739 782 possem
767 709 872 774 dicere,
900 710 1026 764 occidere
1044 710 1096 764 hoc
1117 709 1313 780 inaequaliter,
1341 727 1409 783 ergo

314 795 349 842 ut
370 788 397 842 in
420 805 501 846 remo.

232 869 281 923 16.
320 869 390 924 Cum
410 867 497 940 igitur
516 868 543 921 vi
565 875 704 924 ex‘trouea
722 875 819 924 utatur
840 871 876 923 od
892 885 990 939 corpur
1011 871 1261 934 transvectondum,
1283 868 1311 924 in
1331 887 1409 926 suum

314 965 417 1019 eorpus
439 949 477 1003 nil
498 955 599 1020 potest,
620 949 674 1004 nisi
693 949 909 1015 couversionem,
931 950 1059 1022 exemplo
1079 949 1156 1004 remi.

233 1030 283 1086 17.
321 1030 392 1100 Qum
412 1030 465 1084 loci
485 1030 672 1102 coguitionem
692 1047 746 1085 non
767 1030 886 1094 hebeat,
912 1033 1076 1086 restituatur
1101 1036 1194 1084 tameo
1215 1041 1275 1083 etim
1295 1047 1409 1084 concen-

317 1110 399 1173 tricc,
422 1111 554 1164 tributum
574 1109 662 1183 igitur
681 1111 734 1180 ipsi
761 1109 898 1180 primitus·
915 1110 1062 1182 aequabile
1089 1109 1230 1182 quippiam
1248 1108 1360 1164 virtutis
1380 1117 1410 1166 et

317 1191 478 1254 dimensum,
500 1191 577 1260 cnjus
599 1191 773 1246 contentione
794 1190 900 1246 nititur.
1270 1231 1272 1240 «

234 1269 284 1326 18.
320 1271 370 1324 Ex
387 1271 431 1327 11.
446 1270 541 1342 aliqua
560 1277 793 1336 resumuntur,=et
806 1273 1018 1336 demonstretur,
1040 1269 1179 1344 quidinde
1200 1269 1277 1340 sequi
1299 1287 1410 1324 necesse

317 1351 365 1414 sit,
387 1357 419 1405 ut
438 1349 561 1408 varietas
582 1357 727 1422 appareot.
749 1351 828 1408 simui
849 1359 889 1416 ut.
902 1353 1082 1408 fundamento
1098 1349 1241 1419 iaciuntur
1261 1351 1409 1422 sequutuic

319 1430 412 1486 inutili
432 1431 530 1489 labori.
570 1433 641 1488 Nom
664 1431 766 1502 posito,
789 1433 880 1488 radios
906 1433 1028 1496 eosdem.
1050 1431 1120 1488 idern
1141 1437 1264 1486 centrum
1284 1429 1410 1502 epinycli¹

320 1510 440 1580 planeta
459 1512 522 1583 lege
544 1511 696 1584 epieyelico
715 1513 869 1568 movebitur
890 1513 917 1568 in
938 1513 1060 1584 longum.

235 1587 284 1644 19.
321 1589 417 1646 Etiam
432 1591 458 1645 in
473 1593 560 1646 iatum
574 1599 670 1664 posset
682 1591 724 1645 ita
738 1592 848 1657 moveri,
871 1595 919 1648 sed
935 1592 1068 1662 judicium
1084 1591 1207 1664 differtur
1221 1591 1255 1644 od
1270 1590 1409 1645 interiore.

292 1681 296 1688 '
399 1673 442 1726 De
463 1673 620 1744 quantitate
640 1673 871 1728 Ecceutrioitatis.
906 1675 976 1728 Nam
1002 1689 1101 1742 corpus
1123 1677 1148 1740 d
1170 1683 1285 1741 parrum
1305 1675 1362 1734 est,
1385 1671 1410 1744 ὅ

318 1767 461 1823 magnum.
503 1750 629 1807 Vicissim
650 1753 841 1808 eceentricitae
855 1759 889 1821 ,ὁ
909 1769 1021 1824 magns,
1044 1753 1182 1826 &porra
1212 1753 1305 1806 Causa
1326 1750 1412 1821 igitur

317 1832 347 1885 in
361 1832 483 1902 eorporis
497 1833 622 1897 levitate,
644 1834 692 1887 sed
707 1839 798 1887 tamen
817 1834 1050 1896 considerandum,
1073 1849 1109 1887 an
1124 1831 1207 1887 etiem
1221 1827 1411 1886 restitutiones

317 1912 403 1977 tales,
424 1927 522 1983 nempe
544 1919 569 1982 (ς
590 1914 719 1976 velocior,
742 1929 824 1984 quarn
842 1930 894 1985 pro
914 1914 1007 1984 spatio
1027 1920 1059 1968 et
1078 1912 1247 1968 tortitudine.

771 2089 773 2096 .

142 2161 211 2214 nse
228 2171 375 2230 aquantur
393 2181 437 2230 per
453 2167 599 2232 totiapioro
616 2183 691 2234 quam
710 2167 763 2219 900
781 2171 915 2222 occentus
932 2165 1101 2224 diversimodo,
1120 2165 1268 2216 emendandi
1288 2165 1312 2228 d
1332 2172 1412 2216 monn

78 2232 248 2293 uenenum,
278 2238 308 2288 in
336 2236 424 2302 quibus
451 2239 560 2290 tommo
577 2255 607 2292 ex
633 2249 704 2306 parts
722 2241 845 2307 Keplerns
872 2247 955 2292 mutat
985 2239 1041 2288 icon
1059 2235 1084 2298 ό
1104 2253 1121 2288 ιι
1138 2235 1255 2301 Tycirons
1283 2238 1413 2288 observato
1535 2279 1541 2293 .

77 2303 201 2367 moysitis
217 2308 243 2355 in
265 2307 392 2360 emulum
410 2311 529 2376 redigere.

142 2375 383 2429 1οο0023-Μῖ
402 2375 556 2446 (aKsptero
578 2383 683 2449 signetis
709 2384 817 2435 uomens
836 2375 990 2442 019-000)
1014 2378 1078 2430 haee
1101 2375 1318 2446 deprehendimus,
1346 2380 1413 2430 eires

77 2455 147 2495 m
165 2445 240 2498 roco.
260 2453 419 2516 ecmenpta.

264 2573 374 2646 Quae
397 2575 432 2638 in
454 2577 603 2642 theoria
624 2579 760 2642 Martis
783 2585 930 2666 restent
957 2575 1198 2660 exploranda
1288 2567 1291 2574 ’
1408 2657 1411 2664 .

143 2695 205 2760 Duo
231 2705 329 2772 sunt,
353 2716 429 2778 quse
451 2701 600 2766 theoriam
622 2705 734 2768 Martis
756 2705 885 2768 reddunt
906 2679 1093 2776 intricatum,
1123 2699 1253 2780 sphaere
1276 2697 1366 2762 Solis.
1382 2704 1414 2760 et

78 2780 180 2858 sphoera
208 2787 280 2868 ipsa
304 2787 433 2851 Mortis.
479 2790 619 2872 sphaera
641 2794 724 2859 Solis
756 2807 815 2857 non
846 2793 965 2878 quidem
997 2793 1027 2855 in
1060 2810 1095 2853 eo
1127 2787 1300 2870 praecipue,
1334 2787 1414 2868 quod

77 2866 195 2938 isdem
227 2875 376 2956 exemplo
408 2885 632 2946 antecessorum
662 2883 821 2965 dispositio
861 2882 978 2947 orbium
1008 2879 1119 2944 Mortis
1157 2878 1256 2941 relota
1288 2874 1344 2940 fuit
1373 2875 1413 2938 ed

79 2961 298 3028 mutulorum
316 2963 412 3028 Solis.
458 2970 538 3032 Nn'm
558 2971 617 3034 hoo
636 2975 699 3054 jem
723 2981 918 3054 praeventum
942 2977 999 3046 est,
1023 2979 1054 3033 et
1073 2986 1133 3031 non
1151 2967 1294 3029 debenius
1316 2964 1413 3028 videri
1449 2991 1455 2999 ’

80 3049 222 3146 neglexisse
247 3055 514 3120 eccentricitstem
535 3060 632 3136 Solis,
665 3063 691 3125 si
714 3063 867 3144 planetam
889 3062 929 3125 ad
952 3061 1051 3123 iocum
1072 3057 1201 3120 medium
1226 3053 1308 3126 Solis
1330 3054 1412 3116 refe·

80 3154 156 3202 trous.
197 3145 266 3207 Hoc
291 3141 377 3206 enim
404 3146 502 3225 ipsum
534 3149 661 3214 includit
687 3151 876 3234 inaequalem
896 3147 1007 3214 Mortis
1036 3145 1149 3210 aSole
1181 3141 1412 3211 distentismin

79 3231 128 3290 toto
142 3233 249 3296 ambitu
264 3232 387 3296 orbitae
403 3235 530 3300 Soteris.
567 3241 615 3304 Ac
634 3241 692 3304 etsi
711 3241 825 3324 aliquid
847 3241 973 3302 infertur
990 3233 1179 3301 diversitatis
1201 3233 1259 3296 hcc
1280 3231 1411 3306 nomine,

79 3335 136 3395 quse
162 3320 189 3384 in
217 3322 406 3404 aequatione
433 3329 563 3390 eocentri
592 3329 631 3391 sd
661 3329 703 3406 δ’,
732 3332 763 3392 iu
792 3328 942 3412 pnrnllexi
969 3345 1042 3389 vero
1063 3317 1109 3388 'od
1137 3319 1191 3387 42⁴
1220 3327 1252 3384 et
1282 3319 1411 3400 ampliu*

79 3411 200 3486 munst,
222 3411 255 3474 id
278 3419 388 3475 tamen
410 3413 523 3476 eccidit
547 3426 673 3500 propter
699 3421 798 3501 ipsum
820 3427 846 3490 ὀ
870 3418 986 3492 orbem,
1015 3415 1052 3477 ob
1075 3414 1154 3476 hano
1176 3428 1300 3474 censam
1321 3409 1411 3472 aliter

79 3495 269 3592 eminandum,
294 3509 465 3582 ntpcstea
487 3503 630 3570 dicemus.
677 3509 740 3573 Sed
762 3511 819 3572 hoc
841 3506 959 3570 nomine
982 3503 1066 3568 venit
1087 3501 1189 3584 aliquo
1212 3517 1251 3562 ex
1272 3497 1344 3562 orba
1368 3493 1409 3576 Θ

78 3601 100 3642 1¹¹
118 3593 139 3654 d
157 3588 342 3664 diversitas,
373 3594 452 3673 quod
483 3598 645 3660 ecceutrici
677 3595 717 3676 Θ
751 3587 809 3662 non
841 3603 889 3660 est
919 3601 1006 3658 tants
1038 3589 1264 3664 ecoentrioitos,
1298 3593 1411 3668 quanto

78 3678 208 3772 Quande
230 3678 361 3743 Soletis
388 3687 436 3744 est
457 3686 677 3750 eccentricitas.
723 3689 760 3750 Id
783 3705 837 3768 ego
868 3683 1052 3766 deprehendi
1071 3683 1129 3744 hoe
1160 3678 1258 3744 modo.
1303 3676 1408 3750 Quae-
1468 3676 1471 3684 '

79 3762 121 3862 cti
139 3765 247 3848 aliquot
270 3767 423 3832 articulos
444 3779 621 3855 temporum,
646 3775 805 3860 inquibus
829 3784 853 3846 d
875 3773 1013 3856 praecise
1036 3775 1119 3834 esset
1150 3768 1180 3831 in
1209 3767 1277 3830 loco
1301 3783 1409 3828 eccen-

79 3851 143 3926 tnei,
167 3865 200 3918 ut
225 3857 273 3920 ita
295 3857 376 3922 mihi
404 3879 462 3922 non
485 3879 561 3944 opus
584 3875 668 3928 esset
687 3865 857 3947 cognitione
881 3860 1089 3945 dispositionis
1112 3857 1227 3922 orbium
1250 3862 1285 3925 ὀ.
1332 3853 1409 3918 Cum

81 3955 133 4018 e¹30
151 3963 202 4025 per
223 3955 290 4010 tres
314 3945 488 4028 hujusmodi
511 3953 738 4018 observeticnes
765 3955 854 4018 trium
883 3949 1084 4034 parellaxiunr
1107 3947 1190 4011 orbis
1218 3944 1309 4010 sunni
1326 3950 1408 4006 tsn-

81 4044 147 4128 tten
165 4053 217 4115 per
238 4037 304 4100 tria
328 4045 441 4117 puncta
462 4043 680 4120 processissem
703 4046 742 4107 ad
764 4042 988 4126 inquisitionem
1010 4038 1130 4113 circuti,
1160 4033 1274 4117 prodiit
1299 4051 1408 4096 eccen-

82 4119 130 4180 mei
148 4123 262 4188 &laris
294 4125 508 4192 eceentricitas
536 4132 656 4198 circiter
685 4133 810 4196 dimidio
838 4129 1073 4195 ectentricitotis
1095 4149 1115 4189 e
1137 4127 1180 4190 M.
1203 4127 1242 4188 D.
1267 4122 1406 4205 heitone

83 4221 217 4278 munuc
262 4216 310 4279 Ut
333 4216 378 4278 ita
398 4216 450 4278 vel
477 4239 608 4301 sequens
635 4223 840 4288 Ptolomeicus
863 4221 911 4283 vel
938 4217 1078 4283 circellus
1101 4214 1325 4296 Cupernicanus
1347 4229 1407 4272 non

83 4297 155 4362 linus
177 4302 205 4366 in
228 4303 305 4369 Sole
331 4305 374 4367 sit
396 4310 583 4387 sumendus,
606 4331 694 4394 qoem
712 4315 743 4377 in
767 4311 876 4376 ceteris
898 4309 1038 4393 planetis.
1074 4305 1194 4370 Prodiit
1215 4303 1307 4366 etiam
1329 4317 1405 4382 opo·

84 4399 165 4460 0010
186 4390 243 4471 Θ,
273 4394 360 4458 lineo
381 4416 401 4456 a
422 4400 518 4460 Terre
544 4419 599 4480 por
620 4402 779 4466 eccentriei
809 4405 945 4464 centrum
965 4397 1111 4480 trajecta,
1139 4393 1258 4458 circiter
1281 4384 1341 4454 30ο
1362 4395 1405 4466 11,

86 4478 140 4550 t¹¹⁰d
157 4501 258 4559 parum
281 4483 375 4546 obest
396 4505 416 4548 s
439 4481 477 4549 6ο
499 4501 541 4554 Θ.
958 4505 963 4516 ·

148 4570 256 4636 Verum
278 4581 387 4636 tamen
409 4593 478 4636 cum
498 4595 560 4640 rem
584 4579 661 4642 huuc
683 4599 742 4641 non
766 4599 820 4660 per
841 4598 932 4640 nnem
954 4585 1071 4641 tautum
1084 4576 1193 4656 trigaro
1208 4569 1404 4653 perellcxecn

88 4669 228 4755 ²unitarum,
251 4663 291 4724 ad
314 4662 399 4726 idem
423 4667 579 4744 eccentriei
601 4676 626 4738 d
649 4675 790 4748 punctum
811 4667 989 4744 relatorum,
1013 4667 1066 4729 sed
1089 4684 1142 4744 per
1164 4662 1291 4725 alteram
1314 4667 1403 4741 atque

88 4747 178 4840 im
193 4751 399 4832 explorarem,
418 4753 527 4833 prodiit
549 4756 651 4839 aliquo
670 4757 842 4830 diversitas,
866 4765 897 4819 et
920 4756 1076 4820 videbator
1097 4754 1172 4816 haec
1195 4747 1403 4814 eccentricitas

89 4827 210 4912 dommo
231 4841 340 4917 minor,
366 4858 534 4922 epogoemn
554 4866 626 4910 vero
645 4847 709 4929 jam
732 4847 763 4911 in
785 4843 846 4911 28⁰
868 4847 993 4927 lI‚.jam
1016 4846 1046 4906 in
1069 4839 1107 4907 8⁰
1130 4857 1162 4910 Θ
1187 4840 1325 4932 cadebat,
1348 4857 1402 4904 seu

1154 4943 1193 4998 ’ζ’
1445 4939 1447 4944 ’
