3552 5562
398 1406 401 1412 ’
515 1417 1018 1525 decommum

207 1765 262 1807 nee
285 1745 320 1806 iu
342 1745 406 1808 hoe
431 1761 522 1824 opere
536 1743 672 1825 Kepleri‚
696 1744 776 1826 quod
791 1743 915 1808 exhibet
937 1747 1103 1810 studiorum
1126 1742 1347 1826 septennalinm
1367 1763 1444 1826 pro-

101 1833 330 1897 fundissimorum
363 1833 563 1909 documenta,
588 1834 793 1910 continentur,
823 1833 889 1915 ipse
912 1835 1054 1916 proponit
1080 1841 1186 1898 auctor
1208 1853 1275 1898 cum
1297 1833 1328 1896 in
1351 1853 1443 1915 prae-

47 1962 48 1966 =
103 1923 201 1985 atione
222 1943 292 1998 sua,
317 1931 384 1986 tum
409 1921 442 1983 in
464 1915 562 1984 iudice
591 1941 679 2004 quem
700 1923 859 2003 praemisit
887 1923 1134 2004 locupletissimo.
1181 1923 1390 1990 Fundamenta
1411 1925 1445 1991 in

100 2029 130 2072 so
151 2013 225 2092 jecit
252 2011 460 2074 astronomiae
493 2030 563 2073 vere
598 2012 748 2087 „novae,“
785 2011 994 2094 legislatorem
1023 2033 1057 2076 ee
1086 2011 1226 2094 praebuit
1255 2031 1310 2092 per
1339 2031 1443 2078 omues

99 2110 246 2181 sequentes
268 2108 390 2163 aetates
414 2100 536 2181 iugenio
560 2121 614 2164 suo
634 2102 817 2165 astronomis
838 2103 1070 2184 praelucentem.
1108 2102 1206 2165 Nemo
1228 2117 1367 2182 uuquam,
1392 2102 1443 2184 qui

96 2190 254 2269 penetralia
275 2190 366 2270 hujus
392 2189 537 2252 scientiae
566 2190 758 2270 ingressurus
782 2200 847 2266 est,
876 2211 936 2254 non
967 2189 1165 2280 perlustrabit
1190 2191 1249 2254 hoc
1271 2190 1442 2255 immortale

96 2298 176 2359 opus,
206 2278 413 2342 testimoninm
443 2279 621 2359 sagacitatis
652 2287 685 2342 et
706 2279 871 2356 industriae
900 2282 1033 2344 humana
1058 2279 1193 2360 majoris.
1237 2278 1445 2362 Quodcunque

93 2368 207 2430 adimus
236 2387 312 2450 opus
345 2369 547 2448 posteriorum
581 2377 835 2445 astronomorum,
870 2370 985 2434 nullum
1019 2369 1285 2452 deprehendimus,
1322 2368 1354 2432 in
1382 2389 1443 2452 quo

92 2457 304 2536 praetermissa
332 2457 374 2518 sit
395 2458 513 2520 mentio
544 2457 765 2534 inventionum,
799 2479 874 2540 quas
902 2459 1004 2540 prodit
1025 2459 1177 2540 Keplerus
1201 2458 1232 2520 in
1256 2455 1442 2533 „Commen-

92 2545 336 2608 tariis-Martis“
370 2547 525 2628 ipsiusque
555 2547 738 2627 procedendi
770 2548 905 2611 rationis.
954 2547 1068 2612 Omnes
1095 2547 1126 2610 in
1156 2546 1219 2610 illis
1252 2548 1443 2612 consentiunt

91 2634 260 2710 laudandis,
283 2653 378 2717 neque
401 2654 474 2697 vero
494 2653 596 2698 omnes
620 2655 714 2718 aeque
737 2637 905 2718 ponderant
926 2637 1005 2700 hauc
1021 2637 1120 2718 ipsam
1142 2635 1290 2700 rationem
1312 2643 1344 2698 et
1366 2656 1442 2704 caue

90 2723 233 2786 ditionem
255 2731 423 2805 temporum
446 2744 612 2807 rerumque,
636 2745 712 2806 quae
735 2727 868 2808 Keplero
891 2727 923 2789 iu
944 2725 1124 2808 perficiendo
1147 2726 1205 2788 hoc
1229 2744 1319 2806 opere
1342 2726 1440 2808 impe-

87 2812 221 2876 dimento
252 2813 380 2875 fuerunt.
427 2814 575 2890 Quidam,
607 2835 712 2897 parum
742 2823 960 2896 cognoscentes
983 2815 1041 2879 viri
1061 2813 1225 2897 ingenium,
1248 2814 1326 2878 forte
1349 2817 1442 2882 etiem

86 2901 187 2964 minas
209 2901 315 2964 imbuti
345 2903 441 2984 ipsius
465 2903 598 2985 scriptis,
630 2905 821 2968 inventiones
851 2904 976 2987 Kepleri
1005 2904 1093 2987 quasi
1124 2904 1264 2966 fortuma
1293 2903 1439 2969 tribuunt

88 2991 162 3065 Alii,
187 3011 364 3073 quamquam
388 2991 573 3073 cognoscunt
594 2993 792 3058 excellentem
806 2995 917 3073 ingenii
934 2994 1101 3057 bonitatem
1118 3013 1242 3075 eamque
1258 2993 1339 3056 baud
1353 2995 1446 3076 parvi·

87 3078 211 3156 habent,
232 3093 335 3144 mmeu
356 3082 455 3146 minus
478 3103 568 3164 quam
584 3103 641 3164 par
660 3091 710 3147 est
726 3084 892 3165 respiciunt
913 3084 1070 3146 literarum
1093 3082 1203 3158 studia,
1227 3082 1334 3164 quibus
1352 3083 1439 3148 initio

86 3169 183 3230 seculi
210 3169 316 3234 XVII.
346 3179 537 3235 astronomus
566 3173 655 3236 inniti
685 3174 793 3255 potuit
839 3174 874 3236 ln
902 3171 1136 3254 mathematicis,
1159 3179 1194 3234 ut
1225 3170 1347 3252 saepius
1374 3173 1441 3252 jam

83 3258 201 3321 dietum
231 3265 298 3334 est,
330 3261 462 3342 cognitio
492 3268 525 3324 et
555 3263 684 3326 scientia
720 3282 826 3345 parum
860 3262 1048 3324 excedebant
1086 3279 1142 3337 ea,
1177 3279 1253 3342 quae
1282 3259 1439 3339 Euclides,

80 3348 308 3424 Archimedes,
338 3351 522 3432 Apollonius
551 3353 804 3434 suppeditabant,
837 3350 1033 3432 compendia;
1065 3369 1142 3432 quae
1174 3349 1229 3414 sub
1256 3350 1345 3413 linem
1374 3351 1440 3433 ejus

80 3438 181 3500 seculi
203 3437 367 3521 cuicunque
390 3441 564 3504 matheseos
586 3443 690 3522 generi
713 3441 847 3505 subsidio
871 3443 1010 3516 luerunt,
1034 3439 1137 3504 omnia
1156 3446 1220 3502 turn
1243 3439 1378 3516 deerant,
1400 3459 1439 3504 ue

78 3526 285 3608 legarithmos
315 3521 436 3611 quidem
457 3550 494 3593 eo
517 3550 575 3613 qno
598 3550 674 3613 opus
697 3551 783 3594 snum
805 3531 937 3594 confecit
966 3537 1102 3612 tempore
1124 3528 1276 3610 Keplerus
1299 3549 1385 3592 suum
1406 3529 1440 3594 iu

25 3670 26 3679 ,
77 3637 172 3679 usum
193 3625 314 3682 venere
336 3621 444 3698 potuit
490 3619 593 3693 Quare
617 3621 727 3696 omnia,
751 3639 827 3702 quae
849 3621 882 3683 in
904 3621 963 3682 illo
980 3619 1062 3682 baud
1083 3637 1180 3700 pauca
1202 3636 1258 3699 per
1280 3617 1439 3682 scientiam

76 3706 331 3770 mathematicam
354 3707 540 3771 absolvenda
562 3716 659 3786 eraut,
682 3710 852 3773 revocanda
874 3716 962 3772 erant
979 3709 1020 3772 ad
1037 3707 1233 3790 geometriam
1252 3712 1285 3769 et
1298 3705 1438 3788 trigono·-

76 3797 224 3860 metaiam
246 3797 476 3875 elementarem,
499 3799 543 3862 ita
565 3799 674 3863 utrix
695 3799 743 3863 bie
766 3807 850 3863 terve
872 3799 1023 3879 Keplerus
1053 3817 1145 3860 ansus
1174 3795 1266 3860 fuerit
1295 3795 1438 3860 adhibere

77 3887 233 3948 calculum
255 3887 460 3967 algebraicum
482 3889 745 3970 aequationesqne.
783 3887 1023 3952 Observationes
1045 3886 1277 3961 aeconomicse,
1300 3885 1437 3968 quamvis

78 3997 96 4036 a
118 3977 268 4059 Tyohone
291 3986 436 4058 quantum
458 3983 521 4040 tum
543 3979 608 4042 fieri
629 3978 729 4060 potuit
750 3978 899 4052 excultae,
922 3977 1011 4056 louge
1034 3983 1136 4039 mmeu
1158 3975 1318 4038 ebiberunt
1338 3974 1378 4039 ab
1399 3992 1436 4046 eo

79 4067 174 4146 gradu
198 4066 415 4148 perfectionis,
437 4086 533 4149 quem
553 4068 602 4131 hic
624 4068 691 4150 ipse
714 4086 824 4148 scopus
852 4067 1007 4147 exigebat,
1039 4083 1127 4147 quem
1149 4064 1181 4128 in
1205 4062 1437 4130 Commentariis

80 4157 115 4218 de
136 4171 224 4221 motu
246 4153 361 4220 Martis
385 4157 546 4239 spectabat
565 4158 725 4240 Keplerus.
773 4156 877 4220 Tubus
899 4154 1017 4237 opticus
1039 4155 1169 4218 nondum
1195 4154 1337 4232 iuventus
1360 4161 1436 4230 erat,

80 4247 254 4311 mechanica
276 4247 548 4309 instrumentorum
564 4245 833 4310 astronomicorum
854 4245 1000 4327 perfectio
1015 4244 1105 4324 louge
1124 4242 1223 4307 abfuit
1236 4243 1274 4306 ab
1290 4262 1336 4318 ea,
1360 4262 1436 4325 quae

81 4337 108 4400 iu
128 4338 273 4415 minimis,
297 4336 332 4398 in
355 4336 467 4419 quibus
489 4335 667 4399 versabatur
688 4335 838 4417 Keplerus
865 4336 1019 4417 inquirens
1046 4341 1160 4396 motum
1183 4333 1290 4396 stellae
1312 4331 1434 4410 Martia,

82 4431 191 4494 omnino
223 4424 414 4493 necessmia
436 4423 502 4486 fuit
549 4423 651 4498 Quare
674 4425 897 4507 comparatione
915 4431 1034 4487 motum
1056 4421 1231 4486 difficillima
1258 4429 1290 4484 et
1315 4421 1435 4485 taedio-

80 4521 195 4601 stanna,
223 4527 259 4586 et
283 4517 340 4580 via
363 4515 542 4598 plerumque
564 4513 653 4596 plane
676 4535 756 4578 nova
779 4523 811 4576 et
832 4514 948 4578 intacta
971 4513 1150 4595 expleudum
1171 4519 1254 4587 erat,
1277 4511 1357 4592 quod
1379 4511 1436 4576 de-

78 4615 179 4682 iciebat
201 4608 349 4692 singulis
377 4603 651 4668 observationibus.
689 4604 826 4686 Denique
848 4603 969 4666 minime
993 4603 1173 4684 negligenda
1195 4607 1266 4664 suut
1288 4619 1334 4677 ee,
1357 4619 1434 4683 qnae

76 4708 103 4772 de
121 4699 351 4776 ,monomicis
386 4691 608 4776 hypothesibus
636 4693 699 4756 illis
730 4693 916 4775 temporibus
947 4699 1097 4757 coustant
1145 4689 1306 4772 Oopernici
1336 4690 1435 4776 luypo-

73 4803 147 4871 Μ,
169 4801 259 4866 ,fam
294 4785 436 4874 quidem
460 4782 576 4861 apernit
598 4783 762 4847 adrerum
785 4783 1033 4865 cognoscendum,
1058 4789 1089 4844 et
1114 4781 1179 4862 ipse
1202 4779 1352 4862 Keplerus
1375 4799 1435 4864 qua

68 4899 145 4984 ptuit
173 4879 406 4959 veneratione
442 4874 678 4954 prosequebatur
709 4873 819 4937 merita
842 4872 1000 4955 Cepernici
1022 4871 1055 4935 in
1077 4869 1271 4934 emendandis
1301 4871 1435 4954 priorum

1181 4972 1222 5024 μ
