3604 5534
618 343 679 396 Pars
697 341 820 398 Secunda
858 344 939 410 caput
956 344 998 396 11.
1416 339 1479 409 215

140 520 251 584 orbitae
275 521 372 602 ipsius
395 523 411 584 Ι
433 493 587 604 planetae,
620 529 691 585 tune
720 541 789 586 esse
815 525 969 604 planetam
990 523 1021 584 in
1044 521 1181 602 opposito
1272 519 1326 584 Fit·
1348 515 1389 568 ⁸²·

140 609 225 686 Solis,
251 629 319 673 cum
343 611 370 672 is
394 619 442 674 est
464 612 493 676 iu
508 613 543 687 E,
567 613 693 692 planeta
715 611 744 673 in
768 612 794 678 C
818 619 965 694 spectato.
1004 614 1049 674 At
1069 612 1190 674 tabulae
1263 613 1280 656 t

140 697 308 762 conditores
338 708 499 780 putarunt,
532 711 679 782 utsupra
709 701 819 765 dictum
851 711 917 777 est,
950 700 1103 782 planetam
1131 719 1190 763 non

139 807 201 850 esse
239 798 383 854 accurate
414 791 443 852 in
476 790 557 854 Solis
596 790 750 871 opposito,
788 791 846 854 uisi
881 792 939 872 ipsi
969 789 1026 854 Ac
1064 792 1190 865 (visibili

139 879 297 940 distantiae
321 881 462 959 planetae
486 901 505 941 a
527 875 621 960 uodo)
656 885 798 960 aequetur
822 901 908 944 arcus
930 881 1005 953 AB,
1037 881 1189 962 elongatio

141 969 270 1049 oppositi
294 966 376 1032 Solis
400 969 457 1031 loci
480 969 518 1031 ab
542 971 646 1030 eodem
669 971 757 1035 nodo.

221 1057 320 1137 Atqui
343 1077 393 1120 res
416 1077 501 1122 aecus
516 1057 617 1121 habet.
656 1057 959 1140 Spectatur'quidcm
974 1068 1044 1121 tuuc
1067 1059 1190 1139 planeta

137 1153 274 1208 accurate
293 1145 322 1208 in
338 1145 419 1210 Solis
437 1149 584 1228 opposito,
609 1155 642 1210 at
660 1168 718 1209 uon
736 1155 799 1210 est:
813 1157 856 1216 ,et
870 1146 1074 1223 commoditas,
1100 1167 1189 1228 quam

136 1253 170 1295 ex
192 1235 383 1316 oppositione
406 1238 546 1316 planetae
570 1245 635 1298 cum
660 1235 732 1299 Sole
757 1236 943 1317 quaerimus,
974 1238 1041 1317 plus
1057 1237 1188 1298 'vitiatur
1249 1318 1268 1324 ss
1283 1318 1296 1324 -

135 1341 185 1402 per
216 1325 433 1403 aequalitatem
464 1324 521 1388 AC
541 1337 584 1387 ·et
611 1326 684 1400 AB,
718 1342 807 1407 quam
836 1325 895 1406 ipsi
927 1323 1105 1407 sperabant'
1122 1344 1188 1386 earn
1242 1318 1248 1326 ’
1299 1319 1326 1330 ““

136 1413 328 1486 emendatum,
356 1415 401 1478 iri.
449 1413 510 1478 Cur
539 1413 617 1477 euim
650 1416 847 1478 observantur
875 1415 1016 1496 planetae
1048 1414 1078 1476 in
1107 1414 1188 1478 Solis
1370 1473 1409 1506 a,

135 1503 298 1582 opposito?
326 1503 473 1567 Nimirum
495 1505 573 1578 ideo,
596 1513 629 1566 ut
652 1515 775 1567 careant
798 1514 867 1566 tunc
897 1504 1111 1585 inaequalitate
1136 1523 1188 1566 se·
1411 1503 1422 1516 ''

135 1592 229 1652 cunda
255 1591 461 1673 longitudinis.
506 1594 601 1676 Atqui
630 1595 770 1675 opposito
794 1592 876 1656 Solis
899 1593 930 1655 in
952 1595 978 1658 B
1002 1601 1035 1656 et
1063 1594 1188 1673 planeta

133 1677 208 1742 iuC
234 1691 380 1743 versante
411 1683 499 1766 idque
528 1683 608 1746 inter
637 1683 731 1746 nodos
754 1691 786 1744 et
808 1681 938 1759 limites,
972 1684 1097 1763 planeta
1120 1684 1187 1765 plus

133 1769 295 1839 involvitur
318 1770 532 1853 inaequalitate
556 1775 688 1835 secunda
710 1771 914 1851 longitudinis,
939 1791 1027 1852 quam
1044 1773 1186 1854 'sioppc-
1214 1851 1216 1860 y

135 1859 207 1920 situs
234 1857 319 1922 Solis
349 1871 431 1923 esset
453 1863 484 1924 in
506 1861 549 1938 Ε,
581 1870 719 1924 manente
752 1863 877 1942 planeta
899 1861 929 1922 in
954 1859 988 1924 0.
1036 1859 1085 1924 Sit
1108 1863 1187 1925 enim

134 1945 160 2008 G
182 1946 239 2010 Sol
264 1957 401 2012 centrum
428 1951 602 2035 systematis
629 1951 805 2031 planetarii,
838 1950 868 2011 in
892 1969 948 2030 quo
973 1970 1074 2013 omnes
1098 1953 1185 2015 orbes

133 2037 302 2117 eclipticam
337 2051 455 2115 secant,
489 2041 577 2122 idque
599 2042 648 2102 val
671 2037 701 2102 il
725 2039 933 2120 Copernicana
956 2040 1003 2101 vel
1027 2040 1186 2104 Braheana

133 2126 245 2188 iorma:
279 2134 312 2189 et
339 2129 586 2192 connectaturG
616 2150 682 2193 cum
703 2131 735 2194 A
758 2137 790 2191 et
811 2129 838 2190 E
861 2128 979 2211 punctis
1002 2131 1185 2211 eclipticae3
1280 2151 1302 2206 q

132 2223 160 2276 et
179 2216 209 2276 in
233 2215 323 2302 linea*
341 2216 401 2280 EG
422 2219 464 2282 sit
485 2219 595 2297 Tarra,
626 2219 743 2282 seilicet
765 2219 795 2280 iu
822 2227 932 2300 puncto
955 2219 994 2279 H.
1041 2218 1180 2284 Oouueo-

132 2311 208 2366 tatur
230 2305 264 2366 H
289 2325 355 2368 cum
380 2306 424 2370 C:
460 2317 491 2370 et
520 2329 558 2371 ex
590 2319 700 2388 puncto
723 2309 753 2370 H
776 2317 930 2389 spectetur
954 2308 983 2371 (t
1006 2308 1061 2372 Sol
1089 2311 1119 2373 iu
1150 2309 1290 2390 opposito
1323 2310 1417 2394 ipsius
1440 2313 1478 2389 E,

131 2394 252 2472 planeta
277 2415 349 2458 vero
374 2415 410 2458 ex
434 2399 540 2460 endem
561 2400 592 2460 Η
615 2407 768 2478 spectetur
791 2399 821 2459 in
846 2395 870 2460 C
895 2401 959 2461 loco
990 2418 1044 2460 suo
1075 2400 1130 2462 sub
1162 2399 1229 2462 fixis
1253 2400 1283 2462 iu
1307 2401 1387 2463 linea
1408 2401 1478 2466 ΗΟ.

132 2481 187 2544 Est
208 2483 306 2564 igitur
329 2484 357 2547 in
382 2486 437 2568 bac
460 2488 574 2550 visione
606 2489 732 2568 planeta
762 2499 845 2549 certo
868 2487 899 2549 in
922 2489 1002 2550 linea
1023 2485 1091 2550 ΗΟ.
1136 2487 1196 2550 Est
1218 2509 1289 2551 vero
1312 2492 1406 2552 multo
1429 2492 1479 2553 in-

133 2571 218 2634 ferior
250 2574 333 2636 lixis.
380 2571 429 2637 Sit
454 2577 485 2638 iu
518 2576 693 2642 lineae'llO
722 2585 835 2657 puncto
858 2578 892 2638 I:
925 2583 956 2639 et
984 2596 1022 2638 ox
1051 2575 1081 2639 G
1111 2595 1164 2658 per
1187 2579 1203 2639 I
1226 2579 1353 2642 ducatur
1384 2589 1479 2656 recta,

133 2679 202 2742 quae
225 2662 344 2725 incidet
365 2663 394 2725 in
418 2685 519 2728 arcum
543 2665 613 2730 OE:
646 2676 743 2730 totum
775 2666 854 2728 enim
883 2666 1005 2745 planum
1029 2664 1144 2729 cnut}
1167 2673 1216 2730 est
1239 2669 1293 2730 sub
1318 2688 1390 2742 acu
1412 2669 1477 2733 ΕΟ.

133 2748 178 2812 Sit
200 2752 289 2814 locus
318 2753 499 2816 incidentiae
522 2755 563 2831 F,
588 2764 619 2818 et
642 2775 679 2818 ex
702 2757 732 2819 A
754 2775 809 2837 per
831 2757 856 2817 F
878 2755 909 2815 in
931 2753 985 2817 BG
1016 2757 1142 2818 ducatur
1165 2757 1273 2836 tertius
1301 2777 1389 2820 arcus
1412 2759 1479 2834 AF,

133 2857 235 2902 secans
259 2840 318 2905 BG
342 2842 372 2903 in
395 2843 432 2905 D.
478 2845 674 2908 Manifestum
698 2853 760 2919 est,
788 2846 911 2926 planum
942 2845 1100 2908 eecentrici
1122 2846 1263 2924 planetae
1287 2866 1326 2908 ex
1347 2847 1378 2908 H
1400 2847 1430 2908 in
1455 2843 1479 2910 C

131 2927 183 2991 visi
205 2950 267 2992 uon
294 2931 427 2994 ordinari
456 2933 511 2996 sub
534 2931 607 3009 Ac,
636 2935 690 2996 sed
713 2933 769 2998 sub
792 2935 866 3008 AF;
895 2941 926 2995 et
949 2931 1030 2994 Solis
1062 2933 1200 3015 opposito
1224 2935 1254 2996 in
1276 2934 1303 2996 E
1326 2943 1478 3011 versante,

131 3017 285 3095 planetam
310 3019 440 3083 futurum
464 3041 533 3084 vere
556 3024 611 3086 sub
635 3025 674 3100 F,
698 3023 750 3086 illo
774 3042 846 3085 vero
869 3023 899 3082 in
922 3020 948 3083 B
972 3023 1139 3094 collocato,
1167 3023 1246 3086 huno
1268 3024 1401 3088 futurum
1424 3025 1478 3087 sub

130 3103 165 3182 Ι),
187 3109 340 3191 siquidem
369 3111 504 3192 utrinque
535 3121 682 3193 appareat
703 3114 758 3175 snb
783 3111 819 3174 Ο.
864 3111 923 3173 Est
945 3129 1016 3172 vero
1039 3110 1098 3173 AD
1121 3110 1240 3173 brevior
1272 3130 1360 3191 quam
1392 3132 1480 3175 crura

131 3195 262 3261 isoscelis
296 3199 395 3264 BAC.
440 3200 522 3282 Ergo
550 3203 577 3264 Β
610 3203 767 3282 oppositus
796 3200 876 3262 Solis
907 3200 975 3280 plus
1006 3199 1044 3261 ab
1072 3199 1103 3262 Α
1135 3209 1306 3262 removetur
1338 3203 1478 3281 quamD

132 3284 224 3362 locus,
258 3288 316 3350 sub
341 3307 398 3368 quo
426 3291 550 3372 planeta
582 3299 631 3352 est
660 3298 809 3352 momento
834 3289 871 3350 ab
894 3289 969 3369 ipsis
998 3296 1153 3369 usurpato.
1201 3286 1255 3352 Sol
1286 3290 1378 3369 igitur
1407 3307 1478 3352 vere

132 3375 206 3437 ultra
229 3379 405 3459 oppositum
428 3379 491 3441 veri
515 3378 572 3442 loci
598 3381 740 3461 planetae
770 3386 844 3441 stat.
889 3380 935 3440 Ar
957 3380 1013 3441 hoo
1036 3388 1085 3441 est
1113 3384 1219 3442 contra
1247 3378 1381 3458 ipsorum
1402 3399 1475 3460 pro-

130 3465 265 3542 positum.
817 3539 823 3552 .

21 3597 22 3642 3
211 3556 257 3618 At
287 3575 386 3636 neque
413 3558 439 3618 si
461 3557 560 3621 orbita
581 3557 724 3638 planetae
747 3552 874 3618 subAC
894 3563 986 3632 esset,
1010 3563 1175 3639 propterea·
1188 3555 1246 3636 ipsi
1266 3554 1324 3619 Au
1339 3558 1475 3639 aequalis

21 3693 22 3726 ἦ
132 3651 208 3706 esset
235 3646 387 3707 sumenda
414 3647 481 3709 AB.
534 3647 599 3711 Neo
627 3649 721 3722 enim,
747 3645 817 3728 qnia
840 3645 1035 3716 orbitahaec
1058 3665 1128 3708 vere
1152 3653 1201 3707 est
1224 3645 1278 3710 sub
1303 3645 1377 3724 AD,
1401 3667 1473 3728 pro·
1549 3641 1552 3648 '

21 3731 22 3752 l
130 3743 230 3811 pterea
252 3734 314 3816 ipsi
339 3735 398 3796 AD
422 3737 554 3818 aequalis
579 3737 654 3798 sumi
674 3736 765 3798 debet
786 3727 858 3798 AB.¹
899 3733 979 3799 Nam
1003 3734 1071 3816 quia
1093 3735 1219 3815 planeta
1241 3734 1308 3798 ideo
1339 3738 1370 3800 in
1393 3735 1476 3800 Solis

21 3817 22 3836 ¹
131 3823 264 3903 opposito
289 3824 487 3899 observatur,
510 3834 544 3888 ut
567 3834 659 3888 exuat
680 3825 928 3912 inaequalitatem
950 3819 1114 3888 secundani
1137 3823 1350 3907 longitudinis,
1374 3826 1474 3906 longi-

131 3914 196 3974 tudo
229 3921 333 3976 autem
364 3915 513 3977 censenda
540 3917 569 3978 in
593 3916 661 3994 ipsa
691 3916 820 3995 genuina
847 3915 987 3995 planetae
1020 3914 1121 3976 orbita
1150 3914 1199 3976 vel
1226 3915 1256 3988 ‚ei
1280 3921 1473 3996 superstante

21 4007 22 4020 ¹
130 3999 201 4078 utt3
230 3993 315 4066 certe
348 4003 406 4066 nisi
434 4003 591 4085 oppositu's
615 4004 696 4067 Solis
724 4004 872 4067 oadat'iu
901 4023 1001 4067 arcum
1025 4004 1065 4065 ad
1087 4002 1184 4082 ipsam
1207 4003 1337 4066 orbitam
1359 4012 1475 4066 rectum

21 4087 22 4166 ζ
131 4105 179 4167 per
201 4094 301 4155 locum
324 4093 466 4173 planetae
485 4095 615 4170 duntum,
640 4095 696 4156 huc
720 4103 767 4155 est
790 4093 847 4156 nisi
862 4093 947 4156 ADB
967 4094 1009 4155 sit
1030 4101 1146 4164 rectus,
1172 4111 1228 4153 non
1252 4093 1353 4154 eritB
1376 4111 1473 4173 oppo-

21 4175 22 4216 Ὗ
132 4177 201 4241 situs
224 4179 310 4243 Solis
329 4181 453 4261 junctus
478 4183 533 4266 ipsi
557 4183 586 4244 D
610 4184 773 4245 secuudum
795 4181 1021 4263 longitudinem.
1068 4181 1113 4243 At
1130 4199 1202 4243 vero
1217 4181 1243 4252 si
1258 4181 1344 4245 ADB
1358 4190 1472 4258 rectus,
1509 4203 1516 4214 ·

21 4347 22 4350 Ἴ
132 4274 195 4332 tuuc
216 4271 275 4333 AB
302 4281 352 4333 est
373 4271 488 4351 longior
511 4291 599 4354 quam
622 4268 691 4347 AD,
716 4291 773 4334 nou
797 4272 888 4351 igitur
911 4270 1055 4354 aequalis.
1101 4270 1196 4332 Plane
1220 4270 1322 4350 itaque
1347 4271 1471 4334 convel-

21 4363 22 4432 ]
132 4353 197 4420 btnr
217 4359 273 4422 illa
297 4361 468 4440 aequalitas
493 4379 613 4423 arcuum
636 4359 692 4423 Ac
717 4371 748 4423 et
769 4361 826 4423 AB
850 4361 880 4422 in
903 4361 1008 4423 tabula
1029 4361 1182 4422 affectata.

212 4447 396 4530 Quanquam
420 4451 497 4530 quod
521 4451 659 4513 effectum
672 4451 792 4525 attinet,
818 4450 989 4513 subtiliores
1002 4455 1075 4512 'sunt
1088 4449 1146 4510 hae
1165 4447 1362 4522 differentiae,
1382 4467 1471 4528 quam

133 4542 162 4595 ut
183 4538 313 4608 discerni
335 4539 444 4622 possit.
479 4539 584 4622 ltaque
608 4559 702 4620 neque
727 4559 782 4619 ego
805 4539 931 4620 refugio,
956 4538 1024 4620 quin
1044 4537 1200 4617 oppositus
1216 4535 1297 4598 Solis
1320 4537 1351 4600 in
1369 4535 1396 4596 Ε
1419 4537 1472 4612 sit,

133 4625 335 4704 sustento,
366 4648 458 4711 quare
481 4629 563 4692 AFE
587 4635 674 4690 acuto
708 4631 874 4705 existente,
907 4627 1043 4710 quamvis
1067 4627 1132 4706 jam
1156 4626 1395 4687 demonstratum
1419 4625 1469 4700 sit,

133 4717 225 4792 potius
246 4717 333 4782 nst}
354 4729 470 4782 rectum
494 4737 561 4780 esse
585 4715 703 4780 debere.
751 4715 813 4780 Sed
836 4726 943 4781 contra
964 4734 1073 4780 novam
1095 4713 1273 4777 subtilitatis
1298 4715 1469 4777 affectatio-

21 4795 22 4864 ἒ
133 4821 193 4868 nem
215 4807 378 4871 subtilibus
401 4808 493 4870 etiam
515 4806 683 4870 rationibus
702 4807 759 4871 suit
774 4807 930 4888 agendum
970 4804 1112 4886 Sequitur
1130 4824 1206 4868 nunc
1225 4802 1317 4866 etiam
1331 4805 1468 4865 damnum
1552 4837 1588 4898 .'

135 4909 169 4954 ex
187 4895 243 4960 bae
265 4899 437 4963 subtilitate
459 4905 566 4961 ortum.
