3678 5532
653 304 1002 372 mensaeque.
1132 299 1139 310 '
1310 245 1314 264 Ι
1440 289 1504 366 365

153 477 250 562 phora
272 479 372 562 coepit
392 479 520 559 institui,
544 491 682 548 comente
704 492 772 548 rota
795 505 847 548 cur
866 505 972 550 urceus
989 485 1074 548 exit?
1115 485 1182 548 Hoc
1200 481 1279 546 euim
1293 479 1504 565 quaerebatur,

155 591 193 632 an
216 589 321 634 omnes
343 570 527 648 distantiae,
560 594 636 655 quae
659 583 730 638 sunt
751 577 782 638 iu
812 576 958 656 gradibus
989 573 1165 655 aequalibus
1188 572 1260 649 En,
1295 571 1449 652 conjectae
1473 571 1504 633 in

155 677 299 722 summam
323 661 517 725 ostenderent
547 665 728 728 anomaliam
757 665 886 727 mediam
909 664 976 728 DC.
1021 664 1066 726 At
1089 663 1223 744 operatio
1253 661 1410 744 respondit
1431 659 1505 722 mihi

156 749 192 810 de
214 748 274 812 ND
298 757 331 810 et
353 751 503 814 anomalia
524 751 591 818 DO.

242 837 380 920 Denique
411 841 449 900 ad
480 843 599 904 modum
629 849 747 905 sextum
764 839 798 918 *)
829 853 860 904 et
890 841 1131 923 proportionales
1160 846 1383 913 convertamur,
1429 855 1505 918 quae

157 934 227 990 sunt
250 935 341 1008 aptae
366 929 404 990 ad
428 929 716 1002 demonstrationem
738 951 806 1011 cap.
831 932 967 996 XXXII.
1000 931 1121 992 Etenim
1144 947 1273 1008 arcuum,
1299 928 1349 1009 qui
1372 947 1410 990 ex
1431 946 1505 989 cen-

155 1027 202 1079 tro
226 1013 308 1080 Solis
332 1027 480 1099 apparent
502 1022 655 1100 aequales,
679 1022 867 1100 quantitates
889 1041 980 1083 verae
1003 1020 1032 1081 in
1058 1020 1156 1082 orbita
1178 1027 1248 1080 suut
1270 1017 1300 1079 iu
1313 1015 1505 1099 proportione

157 1105 388 1170 distantiarum:
412 1115 446 1170 ut
468 1117 579 1189 quanto
604 1109 660 1172 ΑΕ
683 1111 808 1190 longior,
833 1118 919 1174 tanto
944 1119 975 1172 et
997 1109 1062 1170 ΕΙ).
1108 1107 1152 1171 At
1185 1126 1254 1169 vere
1286 1107 1454 1188 aequalium
1476 1105 1507 1166 in

156 1195 256 1258 orbita
292 1215 412 1260 arcuum
447 1216 548 1260 morae
587 1207 658 1261 annt
689 1201 794 1263 itidem
821 1201 851 1262 in
881 1199 1072 1280 proportione
1107 1197 1329 1260 distantiarum.
1383 1193 1507 1267 Quanto

157 1283 233 1346 enim
262 1282 319 1348 ΕΙ)
350 1285 468 1364 longius
499 1287 593 1350 distat
621 1287 659 1350 ab
690 1291 733 1364 A,
772 1298 857 1352 tanto
886 1298 917 1350 et
941 1288 1052 1350 diutius
1075 1277 1213 1350 v'ersatur
1235 1287 1360 1366 planeta
1381 1286 1412 1348 in
1435 1303 1507 1346 arcu

155 1373 221 1439 ΕΙ).
267 1374 373 1436 Morae
387 1374 488 1454 igitur,
513 1396 588 1456 quas
611 1379 706 1440 nectit
728 1379 852 1458 planeta
870 1378 900 1439 in
924 1378 984 1440 illis
1008 1377 1144 1451 arcubus,
1169 1376 1218 1460 qui
1241 1395 1279 1438 ea
1302 1381 1403 1438 centro
1424 1371 1516 1436 Solis,

156 1471 305 1543 apparent
332 1464 493 1544 aequales,
531 1474 601 1530 sunt
632 1467 661 1528 in
685 1467 778 1546 dupla
800 1467 1001 1547 proportione·
1015 1466 1235 1528 distantiarum.
1281 1466 1327 1530 At
1348 1464 1392 1526 sie
1415 1462 1508 1526 etiam

155 1551 212 1614 Aa
235 1552 274 1614 ad
295 1553 357 1614 ΑΗ
379 1553 495 1616 radIum
519 1555 548 1616 in
572 1555 664 1637 dupla
686 1563 735 1618 est
756 1557 949 1638 proportione
982 1556 1075 1636 ipsius
1099 1553 1156 1618 Ac
1188 1556 1238 1617 vel
1261 1553 1319 1617 ΑΕ
1343 1551 1508 1615 distantiae

156 1641 194 1704 ad
216 1641 278 1704 ΑΗ
302 1641 488 1706 mediocrem
530 1635 636 1726 ltaque
659 1663 817 1716 morarum,
841 1646 1032 1725 qnas·neotit
1049 1645 1173 1724 planeta
1190 1644 1221 1706 iu
1243 1643 1386 1728 gradibus
1405 1639 1508 1720 anguli

155 1729 243 1793 EAD
268 1730 453 1810 aequalibus,
478 1751 635 1796 mensurae
658 1742 729 1796 sunt
752 1737 848 1798 lineae
868 1733 939 1812 AG,
964 1735 1019 1797 AF
1042 1734 1283 1815 proportionales
1301 1738 1509 1812 competentes

155 1819 292 1900 ejusdem
313 1819 401 1882 EAD
425 1823 526 1902 auguli
551 1823 719 1886 anomaliae
743 1843 812 1886 vere
836 1831 1020 1906 coaequatae
1044 1823 1186 1904 gradibus
1209 1823 1335 1903 integris
1359 1841 1411 1882 sen
1434 1838 1509 1900 par-

155 1908 236 1970 tibus
260 1908 446 1990 aequalibus.

246 1997 414 2060 Probentnr
449 2018 522 2078 ergo
553 2000 596 2062 si'c
627 2002 867 2083 proportionales
898 2001 1108 2064 distantiamm
1135 2001 1185 2072 ‚ad
1222 2001 1362 2082 aequales
1396 1997 1507 2078 gradus

159 2095 348 2166 coaequatae
380 2089 563 2164 anomaliae,
584 2095 628 2152 'nt
655 2111 745 2173 snpra
773 2091 835 2152 hoc
854 2091 952 2169 capite
976 2091 1125 2170 probatae
1148 2097 1219 2152 sunt
1242 2090 1319 2151 aliae
1343 2087 1435 2150 etiam
1459 2085 1507 2147 di-

157 2176 303 2238 stantiae.
347 2175 391 2239 Ut
415 2178 485 2258 quia
508 2175 693 2255 35692048,
724 2199 839 2242 summa
872 2181 1081 2243 distantiarum
1103 2179 1232 2240 omnium
1258 2175 1323 2242 360
1345 2177 1382 2238 ad
1407 2194 1509 2238 omnes

157 2262 220 2330 360
245 2273 350 2346 partes
373 2269 475 2347 anguli
500 2269 538 2332 ad
562 2267 665 2331 Solem
688 2271 840 2352 aequales,
865 2271 949 2331 valet
968 2287 1081 2331 moram
1095 2264 1187 2338 360⁰,
1211 2268 1280 2348 quid
1297 2269 1381 2329 valet
1394 2247 1510 2328 snmmb

152 2355 241 2435 justa
263 2363 296 2416 et
317 2365 454 2420 correcta
477 2359 517 2424 ad
539 2359 689 2438 quoslibet
712 2359 823 2440 gradus
848 2359 1015 2422 anomaliae
1039 2357 1253 2442 coaequatae?

648 2519 713 2582 Hoc
736 2519 826 2600 pacto
850 2519 1019 2582 invenitur:

175 2627 210 2680 ad
229 2624 392 2698 ¹anorrualius
468 2625 574 2680 mediae
596 2644 661 2682 ano·
698 2619 701 2656 ¹
742 2646 810 2700 quaa
830 2629 937 2684 vicaria
1012 2629 1178 2685 Differentiae

205 2711 378 2776 coaequatae
511 2707 613 2760 malias
790 2710 884 2779 prodit

271 2781 326 2840 41ο
472 2779 595 2841 48024‘
638 2783 676 2842 3⁰
745 2785 797 2844 48⁰
822 2783 868 2844 19¹
911 2783 949 2842 2“
1039 2783 1068 2842 5‘
1111 2791 1146 2859 -l-

271 2858 309 2920 81
472 2861 518 2922 91.
549 2863 594 2922 30.
618 2863 654 2922 39
746 2864 792 2924 91.
823 2865 868 2926 34.
909 2865 930 2924 8
1040 2864 1092 2940 3¹1,
1114 2898 1155 2909 -
1245 2872 1508 2926 Goinoiditcnmillir

454 2939 519 3001 101.
549 2941 595 3002 28.
618 2941 656 3002 10
728 2943 793 3004 101.
824 2945 868 3005 31.
910 2948 929 3003 7
1040 2944 1057 3001 6
1110 2979 1152 2990 -
1280 2943 1474 3010 capitisXLIX·

250 2936 310 3080 1dd
454 3019 520 3082 138.
549 3021 596 3084 28.
637 3022 654 3080 5
727 3023 793 3084 138.
823 3021 929 3084 31128
1021 3021 1056 3083 11
1110 3057 1151 3068 -

242 3155 394 3234 Arguitur
425 3157 533 3220 iterum
569 3157 779 3221 eccentricitas
802 3159 897 3221 minor
916 3159 1021 3237 justo:
1055 3177 1115 3239 qua
1138 3158 1311 3228 emendata,
1342 3155 1511 3219 differentia

156 3265 248 3326 snpra
275 3243 314 3306 ad
337 3241 397 3308 41⁰
419 3247 478 3308 erit
501 3246 619 3309 circiter
642 3243 673 3310 8¹
697 3243 749 3326 -l-,
773 3249 852 3310 inira
875 3247 993 3310 circiter
1008 3241 1083 3332 772⁴
1108 3281 1158 3322 —‚
1182 3255 1216 3310 ut
1234 3248 1282 3309 bic
1301 3264 1416 3328 quoque
1430 3246 1511 3326 apud

111 3361 113 3364 ·
154 3334 283 3416 apsidas
305 3334 432 3414 planeta
453 3353 511 3397 non
536 3337 613 3399 satis
635 3338 724 3399 velox
747 3337 809 3412 fiat,
833 3338 937 3418 itaque
959 3338 1026 3416 plus
1045 3338 1130 3416 justo
1151 3337 1362 3398 distantiarum
1377 3335 1419 3397 sit
1429 3337 1511 3398 ciros

154 3423 300 3505 apsidas3
330 3425 427 3486 minus
460 3424 552 3502 igitur
580 3426 664 3505 justo
696 3425 725 3486 in
750 3427 987 3506 longitudinibus
1011 3427 1126 3488 mediis.
1174 3423 1235 3489 Sed
1265 3424 1428 3506 propinque
1452 3425 1509 3485 ad-

154 3513 278 3576 modum
303 3512 343 3574 ad
366 3531 470 3576 verum
486 3515 621 3588 accedit,
646 3523 678 3576 et
696 3535 761 3576 cum
776 3516 917 3577 methodo
933 3516 1128 3595 capXLlX.
1144 3515 1232 3593 plane
1248 3511 1399 3576 coincidit.
1429 3507 1510 3578 Nam
1619 3515 1623 3526 “

96 3615 98 3620 “
152 3604 179 3666 si
202 3602 282 3665 benc
305 3603 487 3682 perpendas,
510 3601 589 3664 idem
611 3603 660 3664 hic
675 3613 774 3665 actum
791 3605 869 3682 quod
884 3623 950 3683 cap.
966 3605 1082 3668 XLIX.
1113 3604 1178 3666 Illic
1188 3611 1305 3686 partem
1321 3603 1511 3684 aequationis

153 3691 287 3772 opticam
314 3691 439 3754 seorsim
464 3694 716 3773 computavimus,
744 3691 866 3772 ‘partem
889 3695 1044 3776 physicam
1070 3693 1174 3755 itidem
1201 3693 1347 3756 seorsim:
1372 3694 1510 3755 hisvero

154 3790 316 3862 utramque
340 3788 546 3861 computamus
559 3781 696 3863 junctIm.
734 3783 799 3845 Illic
814 3783 938 3846 fictitios
957 3784 1060 3846 radios
1077 3783 1224 3845 virtuosos
1240 3783 1510 3856 introduxeramus,

152 3877 185 3933 nt
208 3887 380 3949 possemus
413 3863 545 3952 epicteto
577 3891 664 3933 sunm
695 3872 786 3934 etiam
815 3890 889 3952 opus
913 3873 1084 3935 adscribere
1108 3872 1276 3935 extricandi
1299 3889 1366 3934 sese
1390 3871 1511 3934 axillis

152 3958 271 4027 fictitiis
296 3959 391 4022 radiis
415 3958 504 4032 (nulli
528 3961 605 4021 enim
629 3959 659 4022 in
681 3961 725 4022 rei
748 3961 877 4023 veritate
900 3963 977 4024 radii
1002 3961 1032 4022 iu
1049 3968 1137 4023 tanta
1154 3961 1299 4023 tarditate
1319 3960 1510 4032 circumeunt,
1569 3962 1571 3972 '

152 4049 182 4110 in
215 4067 279 4129 qua
304 4046 420 4110 incedit
443 4056 577 4112 centrum
601 4049 727 4132 epicycli
749 4050 927 4131 planetarii,
959 4057 994 4112 ut
1021 4067 1086 4130 cap.
1110 4049 1260 4113 XXXIX.
1280 4050 1423 4122 dictum).
1469 4049 1514 4112 Et
1589 4097 1591 4102 .

153 4145 259 4201 tamen
286 4155 407 4200 omnem
431 4137 492 4198 vim
514 4137 670 4221 physicam
694 4138 921 4201 circumferendi
945 4139 1102 4218 planetae,
1126 4138 1205 4218 quod
1227 4139 1367 4200 effectum
1390 4138 1512 4210 attinet,

153 4225 220 4290 Soli
242 4225 439 4309 reliquimus,
463 4234 498 4287 nt
520 4227 671 4309 epicyclus
692 4228 898 4290 tautummodo
914 4228 1118 4290 moderaretur
1137 4228 1317 4290 distantias:
1342 4227 1390 4290 hic
1406 4228 1512 4290 eadem

153 4317 266 4380 virtute
293 4311 377 4378 Solis
409 4334 512 4378 sumus
534 4317 580 4380 nsi
604 4315 643 4378 ad
665 4318 893 4379 translationem
924 4317 1100 4398 physicam;
1132 4317 1292 4380 distantias
1314 4311 1385 4380 vero
1408 4315 1512 4380 itidem

155 4425 192 4467 ex
224 4403 365 4486 epicyclo
399 4406 636 4486 computavimus
674 4406 797 4486 ejusque
837 4412 942 4485 partes
979 4407 1120 4486 aequales
1159 4406 1343 4487 temporibus
1375 4406 1511 4470 dedimus

156 4495 354 4578 aequalibus,
405 4493 463 4555 boc
510 4502 558 4558 est
599 4495 764 4557 anomaliae
808 4494 924 4556 mediae
963 4495 1105 4575 gradibus
1142 4496 1331 4579 aequalibus,
1376 4503 1410 4558 ut
1446 4495 1512 4557 vult

158 4635 292 4646 nn-

240 4697 272 4774 *)
294 4699 350 4756 Hic
379 4701 475 4756 modus
502 4707 600 4758 sextus
628 4700 769 4758 levissima
797 4701 965 4760 correctione
995 4715 1101 4764 eornm,
1129 4715 1201 4771 quas
1231 4701 1322 4772 opinio
1343 4717 1404 4773 oap.
1423 4701 1509 4760 XLV.

154 4783 244 4838 adhuc
264 4788 385 4855 pacem,
417 4781 541 4840 adhiberi
561 4782 760 4856 potestatium
780 4783 810 4840 in
830 4782 973 4841 venusina
1000 4780 1149 4854 hypothesi
1174 4782 1303 4856 physica,
1331 4790 1429 4862 estque
1449 4799 1510 4846 anm

154 4864 258 4924 einum
281 4868 316 4920 et
335 4862 480 4930 diluoidna.
