<?xml version="1.0" encoding="UTF-8"?>
<!DOCTYPE html PUBLIC "-//W3C//DTD XHTML 1.0 Transitional//EN"
    "http://www.w3.org/TR/xhtml1/DTD/xhtml1-transitional.dtd">
<html xmlns="http://www.w3.org/1999/xhtml" xml:lang="en" lang="en">
 <head>
  <title>
</title>
<meta http-equiv="Content-Type" content="text/html;charset=utf-8" />
  <meta name='ocr-system' content='tesseract 3.04.00' />
  <meta name='ocr-capabilities' content='ocr_page ocr_carea ocr_par ocr_line ocrx_word'/>
</head>
<body>
  <div class='ocr_page' id='page_1' title='image "./joanniskepleria28frisgoog_0568.png"; bbox 0 0 3666 5532; ppageno 0'>
   <div class='ocr_carea' id='block_1_1' title="bbox 682 254 1428 344">
    <p class='ocr_par' dir='ltr' id='par_1_1' title="bbox 682 254 1428 344">
     <span class='ocr_line' id='line_1_1' title="bbox 682 254 1428 344; baseline 0 0"><span class='ocrx_word' id='word_1_1' title='bbox 682 263 845 344; x_wconf 61' lang='lat' dir='ltr'>manveid·</span> <span class='ocrx_word' id='word_1_2' title='bbox 1365 254 1428 344; x_wconf 68' lang='grc'>549</span> 
     </span>
    </p>
   </div>
   <div class='ocr_carea' id='block_1_2' title="bbox 99 421 1430 983">
    <p class='ocr_par' dir='ltr' id='par_1_2' title="bbox 99 421 1430 983">
     <span class='ocr_line' id='line_1_2' title="bbox 100 421 1427 534; baseline 0.002 -18"><span class='ocrx_word' id='word_1_3' title='bbox 100 465 197 516; x_wconf 86' lang='lat' dir='ltr'>torum</span> <span class='ocrx_word' id='word_1_4' title='bbox 223 445 399 529; x_wconf 82' lang='lat' dir='ltr'>virtutibus,</span> <span class='ocrx_word' id='word_1_5' title='bbox 427 445 456 520; x_wconf 79' lang='lat' dir='ltr'>is</span> <span class='ocrx_word' id='word_1_6' title='bbox 482 449 575 534; x_wconf 74' lang='lat' dir='ltr'>igitur,</span> <span class='ocrx_word' id='word_1_7' title='bbox 601 461 717 521; x_wconf 89' lang='lat' dir='ltr'>statuat</span> <span class='ocrx_word' id='word_1_8' title='bbox 739 455 818 518; x_wconf 86' lang='lat' dir='ltr'>intra</span> <span class='ocrx_word' id='word_1_9' title='bbox 840 455 1016 517; x_wconf 83' lang='lat' dir='ltr'>exteriorem</span> <span class='ocrx_word' id='word_1_10' title='bbox 1040 451 1166 516; x_wconf 86' lang='lat' dir='ltr'>Lunaris</span> <span class='ocrx_word' id='word_1_11' title='bbox 1190 434 1271 534; x_wconf 84' lang='lat' dir='ltr'>globi</span> <span class='ocrx_word' id='word_1_12' title='bbox 1295 421 1427 519; x_wconf 70' lang='lat' dir='ltr'>crustam</span> 
     </span>
     <span class='ocr_line' id='line_1_3' title="bbox 99 541 1429 625; baseline 0.002 -21"><span class='ocrx_word' id='word_1_13' title='bbox 99 543 190 605; x_wconf 85' lang='lat' dir='ltr'>latere</span> <span class='ocrx_word' id='word_1_14' title='bbox 220 541 354 609; x_wconf 84' lang='lat' dir='ltr'>abditam</span> <span class='ocrx_word' id='word_1_15' title='bbox 386 543 541 625; x_wconf 80' lang='lat' dir='ltr'><strong>sphaeram</strong></span> <span class='ocrx_word' id='word_1_16' title='bbox 573 545 664 610; x_wconf 88' lang='lat' dir='ltr'>aliam</span> <span class='ocrx_word' id='word_1_17' title='bbox 695 543 915 608; x_wconf 78' lang='lat' dir='ltr'>convertibilem</span> <span class='ocrx_word' id='word_1_18' title='bbox 949 545 1048 618; x_wconf 84' lang='lat' dir='ltr'>intus,</span> <span class='ocrx_word' id='word_1_19' title='bbox 1079 561 1155 625; x_wconf 85' lang='lat' dir='ltr'>quae</span> <span class='ocrx_word' id='word_1_20' title='bbox 1177 545 1263 623; x_wconf 92' lang='lat' dir='ltr'>polos</span> <span class='ocrx_word' id='word_1_21' title='bbox 1289 553 1320 606; x_wconf 93' lang='lat' dir='ltr'>et</span> <span class='ocrx_word' id='word_1_22' title='bbox 1342 566 1429 607; x_wconf 83' lang='lat' dir='ltr'>axem</span> 
     </span>
     <span class='ocr_line' id='line_1_4' title="bbox 99 631 1430 715; baseline 0.002 -21"><span class='ocrx_word' id='word_1_23' title='bbox 99 632 299 696; x_wconf 85' lang='lat' dir='ltr'>conversionis</span> <span class='ocrx_word' id='word_1_24' title='bbox 331 652 402 695; x_wconf 89' lang='lat' dir='ltr'>suae</span> <span class='ocrx_word' id='word_1_25' title='bbox 434 633 545 695; x_wconf 87' lang='lat' dir='ltr'>habeat</span> <span class='ocrx_word' id='word_1_26' title='bbox 567 633 596 696; x_wconf 91' lang='lat' dir='ltr'>iu</span> <span class='ocrx_word' id='word_1_27' title='bbox 618 633 698 696; x_wconf 86' lang='lat' dir='ltr'>linea</span> <span class='ocrx_word' id='word_1_28' title='bbox 719 654 772 715; x_wconf 90' lang='lat' dir='ltr'>per</span> <span class='ocrx_word' id='word_1_29' title='bbox 795 633 895 698; x_wconf 87' lang='lat' dir='ltr'>Solem</span> <span class='ocrx_word' id='word_1_30' title='bbox 920 641 951 696; x_wconf 91' lang='lat' dir='ltr'>et</span> <span class='ocrx_word' id='word_1_31' title='bbox 973 634 1111 707; x_wconf 82' lang='lat' dir='ltr'>Terram,</span> <span class='ocrx_word' id='word_1_32' title='bbox 1144 631 1221 714; x_wconf 88' lang='lat' dir='ltr'>qood</span> <span class='ocrx_word' id='word_1_33' title='bbox 1242 640 1348 714; x_wconf 85' lang='lat' dir='ltr'>potest</span> <span class='ocrx_word' id='word_1_34' title='bbox 1366 635 1430 696; x_wconf 88' lang='lat' dir='ltr'>lieri</span> 
     </span>
     <span class='ocr_line' id='line_1_5' title="bbox 100 717 1429 807; baseline 0.001 -25"><span class='ocrx_word' id='word_1_35' title='bbox 100 741 152 800; x_wconf 92' lang='lat' dir='ltr'>per</span> <span class='ocrx_word' id='word_1_36' title='bbox 176 722 340 784; x_wconf 80' lang='lat' dir='ltr'>naturalem</span> <span class='ocrx_word' id='word_1_37' title='bbox 364 717 456 800; x_wconf 66' lang='lat' dir='ltr'>donar</span> <span class='ocrx_word' id='word_1_38' title='bbox 476 723 536 807; x_wconf 91' lang='lat' dir='ltr'>poli</span> <span class='ocrx_word' id='word_1_39' title='bbox 560 723 590 784; x_wconf 92' lang='lat' dir='ltr'>in</span> <span class='ocrx_word' id='word_1_40' title='bbox 612 723 729 800; x_wconf 85' lang='lat' dir='ltr'>Solem,</span> <span class='ocrx_word' id='word_1_41' title='bbox 759 731 1005 802; x_wconf 80' lang='lat' dir='ltr'>convertaturque</span> <span class='ocrx_word' id='word_1_42' title='bbox 1029 722 1087 798; x_wconf 91' lang='lat' dir='ltr'>sic,</span> <span class='ocrx_word' id='word_1_43' title='bbox 1120 718 1153 782; x_wconf 85' lang='lat' dir='ltr'>ub</span> <span class='ocrx_word' id='word_1_44' title='bbox 1175 723 1291 803; x_wconf 81' lang='lat' dir='ltr'>quoties</span> <span class='ocrx_word' id='word_1_45' title='bbox 1315 721 1369 786; x_wconf 92' lang='lat' dir='ltr'>Sol</span> <span class='ocrx_word' id='word_1_46' title='bbox 1392 723 1429 784; x_wconf 84' lang='lat' dir='ltr'>ab</span> 
     </span>
     <span class='ocr_line' id='line_1_6' title="bbox 101 809 1426 892; baseline 0.002 -21"><span class='ocrx_word' id='word_1_47' title='bbox 101 829 233 891; x_wconf 81' lang='lat' dir='ltr'>apogaeo</span> <span class='ocrx_word' id='word_1_48' title='bbox 256 812 360 874; x_wconf 86' lang='lat' dir='ltr'>Lunae</span> <span class='ocrx_word' id='word_1_49' title='bbox 389 811 523 874; x_wconf 89' lang='lat' dir='ltr'>venitin</span> <span class='ocrx_word' id='word_1_50' title='bbox 550 813 722 892; x_wconf 87' lang='lat' dir='ltr'>perigaeum</span> <span class='ocrx_word' id='word_1_51' title='bbox 753 811 901 892; x_wconf 86' lang='lat' dir='ltr'>ejusdem,</span> <span class='ocrx_word' id='word_1_52' title='bbox 934 809 1024 872; x_wconf 88' lang='lat' dir='ltr'>toties</span> <span class='ocrx_word' id='word_1_53' title='bbox 1047 811 1127 872; x_wconf 90' lang='lat' dir='ltr'>illius</span> <span class='ocrx_word' id='word_1_54' title='bbox 1150 819 1252 890; x_wconf 87' lang='lat' dir='ltr'>partes</span> <span class='ocrx_word' id='word_1_55' title='bbox 1276 811 1426 874; x_wconf 82' lang='lat' dir='ltr'>dextimae</span> 
     </span>
     <span class='ocr_line' id='line_1_7' title="bbox 100 899 1393 983; baseline 0.002 -22"><span class='ocrx_word' id='word_1_56' title='bbox 100 902 172 961; x_wconf 89' lang='lat' dir='ltr'>liant</span> <span class='ocrx_word' id='word_1_57' title='bbox 195 899 375 963; x_wconf 80' lang='lat' dir='ltr'>sinistimae:</span> <span class='ocrx_word' id='word_1_58' title='bbox 405 907 437 960; x_wconf 90' lang='lat' dir='ltr'>et</span> <span class='ocrx_word' id='word_1_59' title='bbox 458 907 529 962; x_wconf 91' lang='lat' dir='ltr'>tunc</span> <span class='ocrx_word' id='word_1_60' title='bbox 550 902 699 981; x_wconf 88' lang='lat' dir='ltr'>positione</span> <span class='ocrx_word' id='word_1_61' title='bbox 722 902 818 981; x_wconf 82' lang='lat' dir='ltr'>magis</span> <span class='ocrx_word' id='word_1_62' title='bbox 840 900 965 983; x_wconf 86' lang='lat' dir='ltr'>physica</span> <span class='ocrx_word' id='word_1_63' title='bbox 988 899 1077 979; x_wconf 82' lang='lat' dir='ltr'>plane</span> <span class='ocrx_word' id='word_1_64' title='bbox 1101 899 1178 961; x_wconf 91' lang='lat' dir='ltr'>idem</span> <span class='ocrx_word' id='word_1_65' title='bbox 1203 899 1393 966; x_wconf 86' lang='lat' dir='ltr'>obtinebitur.</span> 
     </span>
    </p>
   </div>
   <div class='ocr_carea' id='block_1_3' title="bbox 97 1338 1434 2189">
    <p class='ocr_par' dir='ltr' id='par_1_3' title="bbox 97 1338 1434 2189">
     <span class='ocr_line' id='line_1_8' title="bbox 187 1338 1430 1408; baseline 0.001 -17"><span class='ocrx_word' id='word_1_66' title='bbox 187 1340 220 1391; x_wconf 86' lang='lat' dir='ltr'>Iu</span> <span class='ocrx_word' id='word_1_67' title='bbox 234 1341 272 1391; x_wconf 81' lang='lat' dir='ltr'>hie</span> <span class='ocrx_word' id='word_1_68' title='bbox 290 1338 392 1406; x_wconf 78' lang='lat' dir='ltr'>gradum</span> <span class='ocrx_word' id='word_1_69' title='bbox 410 1341 476 1391; x_wconf 83' lang='lat' dir='ltr'>sistit</span> <span class='ocrx_word' id='word_1_70' title='bbox 487 1341 608 1406; x_wconf 84' lang='lat' dir='ltr'>Keplerus</span> <span class='ocrx_word' id='word_1_71' title='bbox 627 1348 652 1392; x_wconf 88' lang='lat' dir='ltr'>et</span> <span class='ocrx_word' id='word_1_72' title='bbox 668 1339 726 1393; x_wconf 86' lang='lat' dir='ltr'>hinc</span> <span class='ocrx_word' id='word_1_73' title='bbox 742 1343 800 1394; x_wconf 84' lang='lat' dir='ltr'>lude</span> <span class='ocrx_word' id='word_1_74' title='bbox 817 1343 890 1408; x_wconf 80' lang='lat' dir='ltr'>plarm</span> <span class='ocrx_word' id='word_1_75' title='bbox 905 1343 1056 1408; x_wconf 78' lang='lat' dir='ltr'>interruptus</span> <span class='ocrx_word' id='word_1_76' title='bbox 1074 1349 1112 1392; x_wconf 86' lang='lat' dir='ltr'>est</span> <span class='ocrx_word' id='word_1_77' title='bbox 1130 1340 1187 1393; x_wconf 90' lang='lat' dir='ltr'>ordo</span> <span class='ocrx_word' id='word_1_78' title='bbox 1206 1348 1232 1392; x_wconf 90' lang='lat' dir='ltr'>et</span> <span class='ocrx_word' id='word_1_79' title='bbox 1248 1343 1324 1393; x_wconf 75' lang='lat' dir='ltr'>series</span> <span class='ocrx_word' id='word_1_80' title='bbox 1342 1341 1430 1408; x_wconf 75' lang='lat' dir='ltr'>diequi-</span> 
     </span>
     <span class='ocr_line' id='line_1_9' title="bbox 100 1411 1429 1479; baseline 0.002 -17"><span class='ocrx_word' id='word_1_81' title='bbox 100 1413 212 1464; x_wconf 80' lang='lat' dir='ltr'>citiouum</span> <span class='ocrx_word' id='word_1_82' title='bbox 230 1411 370 1466; x_wconf 72' lang='lat' dir='ltr'>lunanum.</span> <span class='ocrx_word' id='word_1_83' title='bbox 396 1411 466 1472; x_wconf 79' lang='lat' dir='ltr'>Quae</span> <span class='ocrx_word' id='word_1_84' title='bbox 484 1413 535 1463; x_wconf 87' lang='lat' dir='ltr'>alia</span> <span class='ocrx_word' id='word_1_85' title='bbox 551 1415 635 1464; x_wconf 84' lang='lat' dir='ltr'>insunt</span> <span class='ocrx_word' id='word_1_86' title='bbox 652 1415 773 1466; x_wconf 83' lang='lat' dir='ltr'>codicibus</span> <span class='ocrx_word' id='word_1_87' title='bbox 783 1415 978 1478; x_wconf 81' lang='lat' dir='ltr'>Petropolitunis‚</span> <span class='ocrx_word' id='word_1_88' title='bbox 997 1415 1143 1466; x_wconf 77' lang='lat' dir='ltr'>documento</span> <span class='ocrx_word' id='word_1_89' title='bbox 1160 1414 1258 1479; x_wconf 79' lang='lat' dir='ltr'>quidem</span> <span class='ocrx_word' id='word_1_90' title='bbox 1276 1419 1341 1470; x_wconf 86' lang='lat' dir='ltr'>suut,</span> <span class='ocrx_word' id='word_1_91' title='bbox 1359 1413 1429 1478; x_wconf 84' lang='lat' dir='ltr'>Kep-</span> 
     </span>
     <span class='ocr_line' id='line_1_10' title="bbox 100 1483 1432 1552; baseline 0 -18"><span class='ocrx_word' id='word_1_92' title='bbox 100 1485 177 1534; x_wconf 84' lang='lat' dir='ltr'>lerum</span> <span class='ocrx_word' id='word_1_93' title='bbox 195 1497 246 1534; x_wconf 83' lang='lat' dir='ltr'>rem</span> <span class='ocrx_word' id='word_1_94' title='bbox 266 1483 298 1534; x_wconf 85' lang='lat' dir='ltr'>ad</span> <span class='ocrx_word' id='word_1_95' title='bbox 315 1483 389 1532; x_wconf 83' lang='lat' dir='ltr'>tinem</span> <span class='ocrx_word' id='word_1_96' title='bbox 406 1483 538 1546; x_wconf 85' lang='lat' dir='ltr'>perducere</span> <span class='ocrx_word' id='word_1_97' title='bbox 555 1484 637 1536; x_wconf 86' lang='lat' dir='ltr'>studio</span> <span class='ocrx_word' id='word_1_98' title='bbox 654 1500 777 1550; x_wconf 85' lang='lat' dir='ltr'>nunquam</span> <span class='ocrx_word' id='word_1_99' title='bbox 794 1487 930 1536; x_wconf 87' lang='lat' dir='ltr'>intermisso</span> <span class='ocrx_word' id='word_1_100' title='bbox 956 1486 1079 1544; x_wconf 70' lang='lat' dir='ltr'>uomuisse,</span> <span class='ocrx_word' id='word_1_101' title='bbox 1098 1499 1177 1552; x_wconf 79' lang='lat' dir='ltr'>usque</span> <span class='ocrx_word' id='word_1_102' title='bbox 1195 1497 1251 1536; x_wconf 82' lang='lat' dir='ltr'>vero</span> <span class='ocrx_word' id='word_1_103' title='bbox 1270 1497 1300 1536; x_wconf 85' lang='lat' dir='ltr'>ex</span> <span class='ocrx_word' id='word_1_104' title='bbox 1316 1485 1354 1534; x_wconf 78' lang='lat' dir='ltr'>bis</span> <span class='ocrx_word' id='word_1_105' title='bbox 1365 1487 1432 1550; x_wconf 56' lang='lat' dir='ltr'>fraga</span> 
     </span>
     <span class='ocr_line' id='line_1_11' title="bbox 98 1553 1433 1622; baseline 0.001 -18"><span class='ocrx_word' id='word_1_106' title='bbox 98 1555 187 1605; x_wconf 83' lang='lat' dir='ltr'>ruentis</span> <span class='ocrx_word' id='word_1_107' title='bbox 210 1556 308 1620; x_wconf 73' lang='lat' dir='ltr'>mtegra</span> <span class='ocrx_word' id='word_1_108' title='bbox 332 1553 419 1604; x_wconf 88' lang='lat' dir='ltr'>deduci</span> <span class='ocrx_word' id='word_1_109' title='bbox 443 1560 525 1618; x_wconf 79' lang='lat' dir='ltr'>potest</span> <span class='ocrx_word' id='word_1_110' title='bbox 546 1561 572 1605; x_wconf 86' lang='lat' dir='ltr'>et</span> <span class='ocrx_word' id='word_1_111' title='bbox 596 1557 718 1620; x_wconf 83' lang='lat' dir='ltr'>compilari</span> <span class='ocrx_word' id='word_1_112' title='bbox 735 1557 823 1608; x_wconf 83' lang='lat' dir='ltr'>Lunae</span> <span class='ocrx_word' id='word_1_113' title='bbox 847 1557 953 1618; x_wconf 88' lang='lat' dir='ltr'>theoria,</span> <span class='ocrx_word' id='word_1_114' title='bbox 984 1557 1030 1606; x_wconf 76' lang='lat' dir='ltr'>nid</span> <span class='ocrx_word' id='word_1_115' title='bbox 1048 1557 1101 1622; x_wconf 86' lang='lat' dir='ltr'>quis</span> <span class='ocrx_word' id='word_1_116' title='bbox 1120 1563 1221 1606; x_wconf 84' lang='lat' dir='ltr'>conetur</span> <span class='ocrx_word' id='word_1_117' title='bbox 1243 1557 1316 1620; x_wconf 87' lang='lat' dir='ltr'>plane</span> <span class='ocrx_word' id='word_1_118' title='bbox 1344 1571 1433 1606; x_wconf 86' lang='lat' dir='ltr'>nomm</span> 
     </span>
     <span class='ocr_line' id='line_1_12' title="bbox 99 1625 1433 1693; baseline -0.001 -17"><span class='ocrx_word' id='word_1_119' title='bbox 99 1628 248 1676; x_wconf 84' lang='lat' dir='ltr'>concinnare</span> <span class='ocrx_word' id='word_1_120' title='bbox 260 1640 328 1690; x_wconf 77' lang='lat' dir='ltr'>opus,</span> <span class='ocrx_word' id='word_1_121' title='bbox 341 1627 410 1688; x_wconf 73' lang='lat' dir='ltr'>cultu</span> <span class='ocrx_word' id='word_1_122' title='bbox 424 1625 516 1676; x_wconf 89' lang='lat' dir='ltr'>nullum</span> <span class='ocrx_word' id='word_1_123' title='bbox 529 1627 636 1677; x_wconf 84' lang='lat' dir='ltr'>videmus</span> <span class='ocrx_word' id='word_1_124' title='bbox 647 1643 718 1677; x_wconf 83' lang='lat' dir='ltr'>usum</span> <span class='ocrx_word' id='word_1_125' title='bbox 730 1643 808 1693; x_wconf 86' lang='lat' dir='ltr'>neque</span> <span class='ocrx_word' id='word_1_126' title='bbox 821 1630 985 1680; x_wconf 73' lang='lat' dir='ltr'>monomlae</span> <span class='ocrx_word' id='word_1_127' title='bbox 997 1643 1076 1692; x_wconf 85' lang='lat' dir='ltr'>neque</span> <span class='ocrx_word' id='word_1_128' title='bbox 1086 1627 1203 1678; x_wconf 81' lang='lat' dir='ltr'>historiae</span> <span class='ocrx_word' id='word_1_129' title='bbox 1215 1627 1287 1690; x_wconf 83' lang='lat' dir='ltr'>hujus</span> <span class='ocrx_word' id='word_1_130' title='bbox 1305 1628 1433 1678; x_wconf 70' lang='lat' dir='ltr'>sciendae.</span> 
     </span>
     <span class='ocr_line' id='line_1_13' title="bbox 99 1697 1432 1764; baseline 0 -18"><span class='ocrx_word' id='word_1_131' title='bbox 99 1697 215 1750; x_wconf 79' lang='lat' dir='ltr'>Ceterum</span> <span class='ocrx_word' id='word_1_132' title='bbox 232 1698 296 1748; x_wconf 83' lang='lat' dir='ltr'>inter</span> <span class='ocrx_word' id='word_1_133' title='bbox 312 1699 480 1762; x_wconf 71' lang='lat' dir='ltr'>manuscripts</span> <span class='ocrx_word' id='word_1_134' title='bbox 503 1712 602 1758; x_wconf 87' lang='lat' dir='ltr'>eorum,</span> <span class='ocrx_word' id='word_1_135' title='bbox 629 1713 693 1763; x_wconf 81' lang='lat' dir='ltr'>quae</span> <span class='ocrx_word' id='word_1_136' title='bbox 712 1700 896 1764; x_wconf 81' lang='lat' dir='ltr'>„Hipparobua“</span> <span class='ocrx_word' id='word_1_137' title='bbox 915 1699 1016 1764; x_wconf 86' lang='lat' dir='ltr'>Kepleri</span> <span class='ocrx_word' id='word_1_138' title='bbox 1035 1697 1250 1762; x_wconf 82' lang='lat' dir='ltr'>comprehensurus</span> <span class='ocrx_word' id='word_1_139' title='bbox 1269 1705 1330 1754; x_wconf 84' lang='lat' dir='ltr'>erat,</span> <span class='ocrx_word' id='word_1_140' title='bbox 1350 1703 1432 1748; x_wconf 82' lang='lat' dir='ltr'>exstat</span> 
     </span>
     <span class='ocr_line' id='line_1_14' title="bbox 98 1767 1429 1836; baseline 0 -18"><span class='ocrx_word' id='word_1_141' title='bbox 98 1769 185 1826; x_wconf 80' lang='lat' dir='ltr'>iudex,</span> <span class='ocrx_word' id='word_1_142' title='bbox 206 1775 233 1818; x_wconf 89' lang='lat' dir='ltr'>et</span> <span class='ocrx_word' id='word_1_143' title='bbox 250 1768 370 1822; x_wconf 75' lang='lat' dir='ltr'>volumine</span> <span class='ocrx_word' id='word_1_144' title='bbox 388 1767 443 1818; x_wconf 82' lang='lat' dir='ltr'>XV.</span> <span class='ocrx_word' id='word_1_145' title='bbox 461 1767 521 1819; x_wconf 80' lang='lat' dir='ltr'>Mes.</span> <span class='ocrx_word' id='word_1_146' title='bbox 539 1769 646 1832; x_wconf 83' lang='lat' dir='ltr'>Petrop.‚</span> <span class='ocrx_word' id='word_1_147' title='bbox 666 1771 729 1836; x_wconf 88' lang='lat' dir='ltr'>quod</span> <span class='ocrx_word' id='word_1_148' title='bbox 747 1777 825 1820; x_wconf 89' lang='lat' dir='ltr'>totum</span> <span class='ocrx_word' id='word_1_149' title='bbox 844 1771 967 1835; x_wconf 87' lang='lat' dir='ltr'>eclipslum</span> <span class='ocrx_word' id='word_1_150' title='bbox 986 1770 1085 1828; x_wconf 77' lang='lat' dir='ltr'>calculis</span> <span class='ocrx_word' id='word_1_151' title='bbox 1103 1767 1217 1820; x_wconf 74' lang='lat' dir='ltr'>relectum</span> <span class='ocrx_word' id='word_1_152' title='bbox 1236 1777 1282 1828; x_wconf 81' lang='lat' dir='ltr'>eet.</span> <span class='ocrx_word' id='word_1_153' title='bbox 1302 1769 1429 1833; x_wconf 85' lang='lat' dir='ltr'>eclipsiuur</span> 
     </span>
     <span class='ocr_line' id='line_1_15' title="bbox 98 1835 1432 1908; baseline -0.001 -18"><span class='ocrx_word' id='word_1_154' title='bbox 98 1841 187 1890; x_wconf 82' lang='lat' dir='ltr'>Lunae</span> <span class='ocrx_word' id='word_1_155' title='bbox 208 1835 241 1888; x_wconf 80' lang='lat' dir='ltr'>le</span> <span class='ocrx_word' id='word_1_156' title='bbox 261 1838 305 1900; x_wconf 76' lang='lat' dir='ltr'>(ab</span> <span class='ocrx_word' id='word_1_157' title='bbox 323 1855 347 1890; x_wconf 88' lang='lat' dir='ltr'>a.</span> <span class='ocrx_word' id='word_1_158' title='bbox 369 1835 444 1890; x_wconf 80' lang='lat'><strong>1572.</strong></span> <span class='ocrx_word' id='word_1_159' title='bbox 464 1839 496 1890; x_wconf 84' lang='lat' dir='ltr'>ad</span> <span class='ocrx_word' id='word_1_160' title='bbox 514 1854 537 1890; x_wconf 86' lang='lat' dir='ltr'>a.</span> <span class='ocrx_word' id='word_1_161' title='bbox 555 1836 633 1902; x_wconf 70' lang='lat' dir='ltr'>loto)</span> <span class='ocrx_word' id='word_1_162' title='bbox 652 1839 770 1892; x_wconf 79' lang='lat' dir='ltr'>accurata</span> <span class='ocrx_word' id='word_1_163' title='bbox 787 1843 920 1908; x_wconf 85' lang='lat' dir='ltr'>inquisitio,</span> <span class='ocrx_word' id='word_1_164' title='bbox 938 1855 1011 1906; x_wconf 79' lang='lat' dir='ltr'>quam</span> <span class='ocrx_word' id='word_1_165' title='bbox 1029 1841 1091 1891; x_wconf 83' lang='lat' dir='ltr'>iortc</span> <span class='ocrx_word' id='word_1_166' title='bbox 1110 1840 1231 1905; x_wconf 82' lang='lat' dir='ltr'>Kopleroe</span> <span class='ocrx_word' id='word_1_167' title='bbox 1250 1841 1432 1905; x_wconf 80' lang='lat' dir='ltr'>adjungendam</span> 
     </span>
     <span class='ocr_line' id='line_1_16' title="bbox 97 1909 1431 1977; baseline 0.001 -16"><span class='ocrx_word' id='word_1_168' title='bbox 97 1914 196 1962; x_wconf 83' lang='lat' dir='ltr'>censuit</span> <span class='ocrx_word' id='word_1_169' title='bbox 216 1909 395 1976; x_wconf 80' lang='lat' dir='ltr'>„Hipparcho“.</span> <span class='ocrx_word' id='word_1_170' title='bbox 433 1909 577 1975; x_wconf 80' lang='lat' dir='ltr'>Conscripta</span> <span class='ocrx_word' id='word_1_171' title='bbox 594 1917 661 1962; x_wconf 87' lang='lat' dir='ltr'>certe</span> <span class='ocrx_word' id='word_1_172' title='bbox 678 1919 736 1961; x_wconf 85' lang='lat' dir='ltr'>suut</span> <span class='ocrx_word' id='word_1_173' title='bbox 752 1913 814 1962; x_wconf 87' lang='lat' dir='ltr'>baec</span> <span class='ocrx_word' id='word_1_174' title='bbox 832 1913 891 1967; x_wconf 85' lang='lat' dir='ltr'>lolia</span> <span class='ocrx_word' id='word_1_175' title='bbox 908 1913 1007 1977; x_wconf 88' lang='lat' dir='ltr'>Kopleri</span> <span class='ocrx_word' id='word_1_176' title='bbox 1030 1927 1106 1962; x_wconf 83' lang='lat' dir='ltr'>mauu</span> <span class='ocrx_word' id='word_1_177' title='bbox 1124 1914 1156 1962; x_wconf 86' lang='lat' dir='ltr'>ad</span> <span class='ocrx_word' id='word_1_178' title='bbox 1174 1919 1257 1976; x_wconf 78' lang='lat' dir='ltr'>typum</span> <span class='ocrx_word' id='word_1_179' title='bbox 1275 1919 1431 1976; x_wconf 8' lang='lat' dir='ltr'>praeparate,</span> 
     </span>
     <span class='ocr_line' id='line_1_17' title="bbox 97 1980 1434 2048; baseline -0.001 -16"><span class='ocrx_word' id='word_1_180' title='bbox 97 1984 206 2048; x_wconf 86' lang='lat' dir='ltr'>loquitur</span> <span class='ocrx_word' id='word_1_181' title='bbox 225 1980 309 2032; x_wconf 84' lang='lat' dir='ltr'>auctor</span> <span class='ocrx_word' id='word_1_182' title='bbox 326 1989 355 2031; x_wconf 85' lang='lat' dir='ltr'>ut</span> <span class='ocrx_word' id='word_1_183' title='bbox 373 1981 419 2040; x_wconf 79' lang='lat' dir='ltr'>„de</span> <span class='ocrx_word' id='word_1_184' title='bbox 436 1981 512 2032; x_wconf 85' lang='lat' dir='ltr'>libro“</span> <span class='ocrx_word' id='word_1_185' title='bbox 531 1983 654 2047; x_wconf 84' lang='lat' dir='ltr'>perlecto,</span> <span class='ocrx_word' id='word_1_186' title='bbox 683 1985 844 2048; x_wconf 77' lang='lat' dir='ltr'>admonetque</span> <span class='ocrx_word' id='word_1_187' title='bbox 873 1981 1020 2042; x_wconf 79' lang='lat' dir='ltr'>„lectorem“</span> <span class='ocrx_word' id='word_1_188' title='bbox 1040 1984 1110 2048; x_wconf 85' lang='lat' dir='ltr'>quasi</span> <span class='ocrx_word' id='word_1_189' title='bbox 1126 2027 1127 2032; x_wconf 74' lang='grc'>,</span> <span class='ocrx_word' id='word_1_190' title='bbox 1142 1989 1289 2034; x_wconf 81' lang='lat' dir='ltr'>raeseutem.</span> <span class='ocrx_word' id='word_1_191' title='bbox 1367 1985 1434 2032; x_wconf 87' lang='lat' dir='ltr'>tione</span> 
     </span>
     <span class='ocr_line' id='line_1_18' title="bbox 97 1999 1434 2120; baseline 0 -16"><span class='ocrx_word' id='word_1_192' title='bbox 97 2054 189 2104; x_wconf 79' lang='lat' dir='ltr'>calculi</span> <span class='ocrx_word' id='word_1_193' title='bbox 207 2055 284 2104; x_wconf 86' lang='lat' dir='ltr'>utitur</span> <span class='ocrx_word' id='word_1_194' title='bbox 302 2053 404 2113; x_wconf 61' lang='lat' dir='ltr'>eedem</span> <span class='ocrx_word' id='word_1_195' title='bbox 428 2067 501 2118; x_wconf 79' lang='lat' dir='ltr'>quum</span> <span class='ocrx_word' id='word_1_196' title='bbox 519 2065 595 2115; x_wconf 85' lang='lat' dir='ltr'>supra</span> <span class='ocrx_word' id='word_1_197' title='bbox 612 2053 648 2118; x_wconf 91' lang='lat' dir='ltr'>(p.</span> <span class='ocrx_word' id='word_1_198' title='bbox 668 2052 733 2116; x_wconf 78' lang='lat'>540)</span> <span class='ocrx_word' id='word_1_199' title='bbox 751 2057 875 2120; x_wconf 84' lang='lat' dir='ltr'>proponit,</span> <span class='ocrx_word' id='word_1_200' title='bbox 904 2064 1006 2120; x_wconf 83' lang='lat' dir='ltr'>eamque</span> <span class='ocrx_word' id='word_1_201' title='bbox 1023 2055 1049 2104; x_wconf 89' lang='lat' dir='ltr'>in</span> <span class='ocrx_word' id='word_1_202' title='bbox 1068 1999 1178 2106; x_wconf 48' lang='lat' dir='ltr'>ommzus</span> <span class='ocrx_word' id='word_1_203' title='bbox 1195 2054 1233 2103; x_wconf 87' lang='lat' dir='ltr'>his</span> <span class='ocrx_word' id='word_1_204' title='bbox 1253 2050 1286 2103; x_wconf 71' lang='grc'>46</span> <span class='ocrx_word' id='word_1_205' title='bbox 1306 2053 1434 2118; x_wconf 77' lang='lat' dir='ltr'>eclipsibus</span> 
     </span>
     <span class='ocr_line' id='line_1_19' title="bbox 97 2124 1332 2189; baseline 0 -14"><span class='ocrx_word' id='word_1_206' title='bbox 97 2140 155 2175; x_wconf 89' lang='lat' dir='ltr'>cum</span> <span class='ocrx_word' id='word_1_207' title='bbox 174 2125 298 2188; x_wconf 67' lang='lat' dir='ltr'>&#39;dyohoma</span> <span class='ocrx_word' id='word_1_208' title='bbox 316 2124 412 2177; x_wconf 79' lang='lat' dir='ltr'>calculo</span> <span class='ocrx_word' id='word_1_209' title='bbox 432 2132 565 2189; x_wconf 80' lang='lat' dir='ltr'>comparat</span> <span class='ocrx_word' id='word_1_210' title='bbox 1326 2126 1332 2136; x_wconf 95' lang='lat'>&#39;</span> 
     </span>
    </p>
   </div>
   <div class='ocr_carea' id='block_1_4' title="bbox 87 2188 1534 3269">
    <p class='ocr_par' dir='ltr' id='par_1_4' title="bbox 95 2188 1435 2455">
     <span class='ocr_line' id='line_1_20' title="bbox 189 2188 1434 2278; baseline 0.002 -24"><span class='ocrx_word' id='word_1_211' title='bbox 189 2201 299 2263; x_wconf 70' lang='lat' dir='ltr'>„listlexu</span> <span class='ocrx_word' id='word_1_212' title='bbox 320 2209 403 2254; x_wconf 72' lang='lat' dir='ltr'>auam</span> <span class='ocrx_word' id='word_1_213' title='bbox 420 2203 483 2256; x_wconf 81' lang='lat' dir='ltr'>haec</span> <span class='ocrx_word' id='word_1_214' title='bbox 500 2205 588 2256; x_wconf 80' lang='lat' dir='ltr'>habet:</span> <span class='ocrx_word' id='word_1_215' title='bbox 612 2197 741 2260; x_wconf 83' lang='lat' dir='ltr'>Possent</span> <span class='ocrx_word' id='word_1_216' title='bbox 768 2197 829 2277; x_wconf 80' lang='lat' dir='ltr'>lieri</span> <span class='ocrx_word' id='word_1_217' title='bbox 860 2196 1003 2260; x_wconf 81' lang='lat' dir='ltr'>distincta</span> <span class='ocrx_word' id='word_1_218' title='bbox 1031 2198 1131 2278; x_wconf 84' lang='lat' dir='ltr'>capita</span> <span class='ocrx_word' id='word_1_219' title='bbox 1163 2203 1284 2276; x_wconf 88' lang='lat' dir='ltr'>utpote:</span> <span class='ocrx_word' id='word_1_220' title='bbox 1325 2195 1357 2270; x_wconf 90' lang='lat' dir='ltr'>l)</span> <span class='ocrx_word' id='word_1_221' title='bbox 1370 2188 1434 2257; x_wconf 86' lang='lat' dir='ltr'>&#39;De</span> 
     </span>
     <span class='ocr_line' id='line_1_21' title="bbox 95 2283 1435 2368; baseline -0.001 -21"><span class='ocrx_word' id='word_1_222' title='bbox 95 2284 256 2348; x_wconf 84' lang='lat' dir='ltr'>diametrie</span> <span class='ocrx_word' id='word_1_223' title='bbox 286 2285 472 2348; x_wconf 87' lang='lat' dir='ltr'>luminarium</span> <span class='ocrx_word' id='word_1_224' title='bbox 498 2286 710 2364; x_wconf 88' lang='lat' dir='ltr'>observandis,</span> <span class='ocrx_word' id='word_1_225' title='bbox 748 2286 873 2368; x_wconf 76' lang='lat' dir='ltr'>indeque</span> <span class='ocrx_word' id='word_1_226' title='bbox 902 2296 933 2346; x_wconf 90' lang='lat' dir='ltr'>et</span> <span class='ocrx_word' id='word_1_227' title='bbox 960 2287 998 2348; x_wconf 87' lang='lat' dir='ltr'>de</span> <span class='ocrx_word' id='word_1_228' title='bbox 1024 2286 1245 2348; x_wconf 81' lang='lat' dir='ltr'>eccentricitate</span> <span class='ocrx_word' id='word_1_229' title='bbox 1275 2283 1378 2351; x_wconf 87' lang='lat' dir='ltr'>Lunae</span> <span class='ocrx_word' id='word_1_230' title='bbox 1404 2285 1435 2346; x_wconf 87' lang='lat' dir='ltr'>iu</span> 
     </span>
     <span class='ocr_line' id='line_1_22' title="bbox 95 2373 681 2455; baseline -0.002 -19"><span class='ocrx_word' id='word_1_231' title='bbox 95 2373 357 2454; x_wconf 81' lang='lat' dir='ltr'>conjunctionibus</span> <span class='ocrx_word' id='word_1_232' title='bbox 381 2381 412 2436; x_wconf 91' lang='lat' dir='ltr'>et</span> <span class='ocrx_word' id='word_1_233' title='bbox 434 2374 681 2455; x_wconf 89' lang='lat' dir='ltr'>oppositionibus.</span> 
     </span>
    </p>

    <p class='ocr_par' dir='ltr' id='par_1_5' title="bbox 93 2460 1439 2628">
     <span class='ocr_line' id='line_1_23' title="bbox 186 2460 1439 2542; baseline -0.003 -16"><span class='ocrx_word' id='word_1_234' title='bbox 186 2462 229 2538; x_wconf 70' lang='lat'>25</span> <span class='ocrx_word' id='word_1_235' title='bbox 249 2462 295 2523; x_wconf 89' lang='lat' dir='ltr'>De</span> <span class='ocrx_word' id='word_1_236' title='bbox 318 2471 400 2524; x_wconf 89' lang='lat' dir='ltr'>molo</span> <span class='ocrx_word' id='word_1_237' title='bbox 423 2463 525 2526; x_wconf 88' lang='lat' dir='ltr'>diurno</span> <span class='ocrx_word' id='word_1_238' title='bbox 549 2473 581 2526; x_wconf 92' lang='lat' dir='ltr'>et</span> <span class='ocrx_word' id='word_1_239' title='bbox 602 2464 721 2526; x_wconf 83' lang='lat' dir='ltr'>horario</span> <span class='ocrx_word' id='word_1_240' title='bbox 737 2464 840 2527; x_wconf 90' lang='lat' dir='ltr'>Lunae</span> <span class='ocrx_word' id='word_1_241' title='bbox 865 2463 894 2524; x_wconf 94' lang='lat' dir='ltr'>in</span> <span class='ocrx_word' id='word_1_242' title='bbox 918 2463 1173 2542; x_wconf 85' lang='lat' dir='ltr'>conjunctionibus</span> <span class='ocrx_word' id='word_1_243' title='bbox 1195 2469 1226 2523; x_wconf 94' lang='lat' dir='ltr'>et</span> <span class='ocrx_word' id='word_1_244' title='bbox 1239 2460 1439 2542; x_wconf 47' lang='lat' dir='ltr'>oppositioni-1</span> 
     </span>
     <span class='ocr_line' id='line_1_24' title="bbox 93 2551 1434 2628; baseline -0.002 -14"><span class='ocrx_word' id='word_1_245' title='bbox 93 2551 151 2628; x_wconf 81' lang='lat' dir='ltr'>bus</span> <span class='ocrx_word' id='word_1_246' title='bbox 176 2551 376 2614; x_wconf 86' lang='lat' dir='ltr'>observando.</span> <span class='ocrx_word' id='word_1_247' title='bbox 1432 2602 1434 2611; x_wconf 80' lang='grc'>,</span> 
     </span>
    </p>

    <p class='ocr_par' dir='ltr' id='par_1_6' title="bbox 87 2637 1534 3080">
     <span class='ocr_line' id='line_1_25' title="bbox 187 2637 1510 2721; baseline 0 -17"><span class='ocrx_word' id='word_1_248' title='bbox 187 2638 226 2716; x_wconf 73' lang='grc'>3)</span> <span class='ocrx_word' id='word_1_249' title='bbox 252 2640 298 2701; x_wconf 89' lang='lat' dir='ltr'>De</span> <span class='ocrx_word' id='word_1_250' title='bbox 321 2648 402 2701; x_wconf 87' lang='lat' dir='ltr'>motu</span> <span class='ocrx_word' id='word_1_251' title='bbox 425 2647 456 2701; x_wconf 92' lang='lat' dir='ltr'>et</span> <span class='ocrx_word' id='word_1_252' title='bbox 478 2641 587 2721; x_wconf 74' lang='lat' dir='ltr'>angulo</span> <span class='ocrx_word' id='word_1_253' title='bbox 610 2641 785 2716; x_wconf 87' lang='lat' dir='ltr'>latitudiuis,</span> <span class='ocrx_word' id='word_1_254' title='bbox 808 2641 837 2702; x_wconf 93' lang='lat' dir='ltr'>h.</span> <span class='ocrx_word' id='word_1_255' title='bbox 862 2659 887 2701; x_wconf 92' lang='lat' dir='ltr'>e.</span> <span class='ocrx_word' id='word_1_256' title='bbox 911 2641 947 2702; x_wconf 89' lang='lat' dir='ltr'>de</span> <span class='ocrx_word' id='word_1_257' title='bbox 971 2639 1128 2702; x_wconf 91' lang='lat' dir='ltr'>latitudine</span> <span class='ocrx_word' id='word_1_258' title='bbox 1142 2637 1281 2713; x_wconf 86' lang='lat' dir='ltr'>maxima,</span> <span class='ocrx_word' id='word_1_259' title='bbox 1300 2657 1439 2704; x_wconf 87' lang='lat' dir='ltr'>unacum</span> <span class='ocrx_word' id='word_1_260' title='bbox 1505 2650 1510 2671; x_wconf 83' lang='lat'><em>&#39;</em></span> 
     </span>
     <span class='ocr_line' id='line_1_26' title="bbox 93 2727 1437 2810; baseline -0.006 -17"><span class='ocrx_word' id='word_1_261' title='bbox 93 2732 202 2793; x_wconf 88' lang='lat' dir='ltr'>Lunae</span> <span class='ocrx_word' id='word_1_262' title='bbox 227 2729 378 2810; x_wconf 85' lang='lat' dir='ltr'>parallaxi</span> <span class='ocrx_word' id='word_1_263' title='bbox 401 2727 596 2792; x_wconf 76' lang='lat' dir='ltr'>observanda.</span> <span class='ocrx_word' id='word_1_264' title='bbox 642 2729 684 2792; x_wconf 86' lang='lat' dir='ltr'>Et</span> <span class='ocrx_word' id='word_1_265' title='bbox 708 2728 869 2791; x_wconf 86' lang='lat' dir='ltr'>admonitio</span> <span class='ocrx_word' id='word_1_266' title='bbox 894 2749 981 2810; x_wconf 88' lang='lat' dir='ltr'>super</span> <span class='ocrx_word' id='word_1_267' title='bbox 1004 2727 1204 2791; x_wconf 83' lang='lat' dir='ltr'>inconstantia</span> <span class='ocrx_word' id='word_1_268' title='bbox 1226 2727 1312 2808; x_wconf 90' lang='lat' dir='ltr'>hujus</span> <span class='ocrx_word' id='word_1_269' title='bbox 1328 2729 1437 2806; x_wconf 86' lang='lat' dir='ltr'>auguli.</span> 
     </span>
     <span class='ocr_line' id='line_1_27' title="bbox 87 2815 1534 2904; baseline -0.006 -22"><span class='ocrx_word' id='word_1_270' title='bbox 87 2820 193 2904; x_wconf 74' lang='lat' dir='ltr'>¹Igitur</span> <span class='ocrx_word' id='word_1_271' title='bbox 225 2819 317 2880; x_wconf 84' lang='lat' dir='ltr'>etiarn</span> <span class='ocrx_word' id='word_1_272' title='bbox 340 2817 377 2878; x_wconf 93' lang='lat' dir='ltr'>de</span> <span class='ocrx_word' id='word_1_273' title='bbox 401 2819 608 2881; x_wconf 86' lang='lat' dir='ltr'>observatione</span> <span class='ocrx_word' id='word_1_274' title='bbox 630 2818 720 2898; x_wconf 77' lang='lat' dir='ltr'>liujus</span> <span class='ocrx_word' id='word_1_275' title='bbox 742 2818 837 2898; x_wconf 91' lang='lat' dir='ltr'>ipsius</span> <span class='ocrx_word' id='word_1_276' title='bbox 860 2817 974 2894; x_wconf 85' lang='lat' dir='ltr'>anguli,</span> <span class='ocrx_word' id='word_1_277' title='bbox 1006 2818 1081 2881; x_wconf 86' lang='lat' dir='ltr'>citra</span> <span class='ocrx_word' id='word_1_278' title='bbox 1103 2815 1249 2880; x_wconf 84' lang='lat' dir='ltr'>maxinrae</span> <span class='ocrx_word' id='word_1_279' title='bbox 1273 2815 1440 2878; x_wconf 83' lang='lat' dir='ltr'>latitudinis</span> <span class='ocrx_word' id='word_1_280' title='bbox 1512 2849 1534 2884; x_wconf 47' lang='grc' dir='ltr'>ι,</span> 
     </span>
     <span class='ocr_line' id='line_1_28' title="bbox 91 2904 1440 2988; baseline -0.003 -18"><span class='ocrx_word' id='word_1_281' title='bbox 91 2907 380 2980; x_wconf 87' lang='lat' dir='ltr'>considerationem,</span> <span class='ocrx_word' id='word_1_282' title='bbox 405 2925 498 2988; x_wconf 85' lang='lat' dir='ltr'>eaque</span> <span class='ocrx_word' id='word_1_283' title='bbox 521 2907 639 2986; x_wconf 89' lang='lat' dir='ltr'>duplici,</span> <span class='ocrx_word' id='word_1_284' title='bbox 663 2907 712 2967; x_wconf 83' lang='lat' dir='ltr'>vel</span> <span class='ocrx_word' id='word_1_285' title='bbox 734 2925 772 2967; x_wconf 84' lang='lat' dir='ltr'>ex</span> <span class='ocrx_word' id='word_1_286' title='bbox 795 2905 955 2986; x_wconf 83' lang='lat' dir='ltr'>eclipsibus</span> <span class='ocrx_word' id='word_1_287' title='bbox 980 2905 1162 2984; x_wconf 88' lang='lat' dir='ltr'>simpliciter,</span> <span class='ocrx_word' id='word_1_288' title='bbox 1187 2904 1234 2965; x_wconf 90' lang='lat' dir='ltr'>vel</span> <span class='ocrx_word' id='word_1_289' title='bbox 1258 2923 1323 2966; x_wconf 84' lang='lat' dir='ltr'>cum</span> <span class='ocrx_word' id='word_1_290' title='bbox 1336 2904 1440 2984; x_wconf 71' lang='lat' dir='ltr'>paral-</span> 
     </span>
     <span class='ocr_line' id='line_1_29' title="bbox 93 2995 1436 3080; baseline -0.004 -21"><span class='ocrx_word' id='word_1_291' title='bbox 93 2997 165 3071; x_wconf 75' lang='lat' dir='ltr'>laxi</span> <span class='ocrx_word' id='word_1_292' title='bbox 194 3017 236 3059; x_wconf 83' lang='lat' dir='ltr'>ex</span> <span class='ocrx_word' id='word_1_293' title='bbox 259 2995 341 3059; x_wconf 84' lang='lat' dir='ltr'>Solis</span> <span class='ocrx_word' id='word_1_294' title='bbox 365 2995 484 3077; x_wconf 89' lang='lat' dir='ltr'>eclipsi,</span> <span class='ocrx_word' id='word_1_295' title='bbox 507 3013 562 3077; x_wconf 84' lang='lat' dir='ltr'>per</span> <span class='ocrx_word' id='word_1_296' title='bbox 584 2995 742 3058; x_wconf 86' lang='lat' dir='ltr'>horarium.</span> <span class='ocrx_word' id='word_1_297' title='bbox 802 3069 804 3072; x_wconf 16' lang='grc' dir='ltr'>Ι</span> <span class='ocrx_word' id='word_1_298' title='bbox 1432 3069 1436 3080; x_wconf 36' lang='grc' dir='ltr'>Ι</span> 
     </span>
    </p>

    <p class='ocr_par' dir='ltr' id='par_1_7' title="bbox 89 3077 1440 3269">
     <span class='ocr_line' id='line_1_30' title="bbox 183 3077 1440 3163; baseline -0.008 -13"><span class='ocrx_word' id='word_1_299' title='bbox 183 3083 223 3160; x_wconf 84' lang='grc'>4)</span> <span class='ocrx_word' id='word_1_300' title='bbox 271 3085 457 3149; x_wconf 85' lang='lat' dir='ltr'>Sciametria.</span> <span class='ocrx_word' id='word_1_301' title='bbox 504 3082 539 3160; x_wconf 82' lang='grc'>5)</span> <span class='ocrx_word' id='word_1_302' title='bbox 563 3083 783 3148; x_wconf 83' lang='lat' dir='ltr'>Seruidiametri</span> <span class='ocrx_word' id='word_1_303' title='bbox 805 3083 925 3146; x_wconf 82' lang='lat' dir='ltr'>umbrae</span> <span class='ocrx_word' id='word_1_304' title='bbox 945 3083 1057 3144; x_wconf 81' lang='lat' dir='ltr'>variae.</span> <span class='ocrx_word' id='word_1_305' title='bbox 1092 3077 1126 3155; x_wconf 84' lang='lat'>6)</span> <span class='ocrx_word' id='word_1_306' title='bbox 1149 3082 1253 3142; x_wconf 88' lang='lat' dir='ltr'>Lunae</span> <span class='ocrx_word' id='word_1_307' title='bbox 1266 3079 1440 3163; x_wconf 81' lang='lat' dir='ltr'>parallanes</span> 
     </span>
     <span class='ocr_line' id='line_1_31' title="bbox 89 3171 1199 3269; baseline -0.002 -34"><span class='ocrx_word' id='word_1_308' title='bbox 89 3175 208 3238; x_wconf 87' lang='lat' dir='ltr'>variae.</span> <span class='ocrx_word' id='word_1_309' title='bbox 261 3173 296 3248; x_wconf 87' lang='grc'>7)</span> <span class='ocrx_word' id='word_1_310' title='bbox 319 3173 401 3236; x_wconf 89' lang='lat' dir='ltr'>Solis</span> <span class='ocrx_word' id='word_1_311' title='bbox 423 3173 602 3254; x_wconf 73' lang='lat' dir='ltr'>paradoxis,</span> <span class='ocrx_word' id='word_1_312' title='bbox 627 3175 752 3236; x_wconf 88' lang='lat' dir='ltr'>altitudo</span> <span class='ocrx_word' id='word_1_313' title='bbox 776 3183 808 3235; x_wconf 91' lang='lat' dir='ltr'>et</span> <span class='ocrx_word' id='word_1_314' title='bbox 830 3190 984 3251; x_wconf 88' lang='lat' dir='ltr'>corporum</span> <span class='ocrx_word' id='word_1_315' title='bbox 1007 3171 1199 3269; x_wconf 71' lang='lat' dir='ltr'>proportio..</span> 
     </span>
    </p>
   </div>
   <div class='ocr_carea' id='block_1_5' title="bbox 185 3279 1003 3345">
    <p class='ocr_par' dir='ltr' id='par_1_8' title="bbox 185 3279 1003 3345">
     <span class='ocr_line' id='line_1_32' title="bbox 185 3279 1003 3345; baseline -0.01 -13"><span class='ocrx_word' id='word_1_316' title='bbox 185 3279 371 3344; x_wconf 79' lang='lat' dir='ltr'>Ecllpuium</span> <span class='ocrx_word' id='word_1_317' title='bbox 389 3279 520 3332; x_wconf 77' lang='lat' dir='ltr'>luticulas</span> <span class='ocrx_word' id='word_1_318' title='bbox 537 3279 603 3332; x_wconf 78' lang='lat' dir='ltr'>haue</span> <span class='ocrx_word' id='word_1_319' title='bbox 620 3284 680 3345; x_wconf 60' lang='lat' dir='ltr'>pru</span> <span class='ocrx_word' id='word_1_320' title='bbox 690 3285 724 3330; x_wconf 85' lang='lat' dir='ltr'>&#39;se</span> <span class='ocrx_word' id='word_1_321' title='bbox 742 3280 790 3330; x_wconf 83' lang='lat' dir='ltr'>lert</span> <span class='ocrx_word' id='word_1_322' title='bbox 806 3279 1003 3341; x_wconf 86' lang='lat' dir='ltr'>inscriptionem:</span> 
     </span>
    </p>
   </div>
   <div class='ocr_carea' id='block_1_6' title="bbox 0 0 1838 5532">
    <p class='ocr_par' dir='ltr' id='par_1_9' title="bbox 0 0 1838 5532">
     <span class='ocr_line' id='line_1_33' title="bbox 0 0 1838 5532; baseline 0 5"><span class='ocrx_word' id='word_1_323' title='bbox 0 0 1838 5532; x_wconf 95' lang='lat' dir='ltr'> </span> 
     </span>
    </p>
   </div>
  </div>
 </body>
</html>
