3674 5532
323 250 390 321 270
805 257 846 313 Du
863 255 975 316 liottbus'
990 257 1083 316 Stellae
1100 259 1191 314 itum

322 431 365 504 ibi
386 433 488 500 brevis
510 436 617 504 trun
631 437 778 504 distantia
800 438 894 504 centri
917 438 1094 522 systematis
1116 458 1136 503 a
1157 438 1262 516 Terra,
1285 437 1337 503 ubi
1358 435 1451 518 longa
1472 437 1509 506 lit
1531 433 1584 504 OE
1607 434 1675 500 dis-

322 522 422 586 tantia
443 523 527 590 Solis
550 549 571 590 a
593 529 697 606 Terra,
722 535 753 591 et
775 535 890 602 contra,
912 528 977 591 illa·
990 527 1044 594 OL
1066 529 1168 610 longa,
1191 527 1242 591 ubi
1263 527 1340 592 baec
1363 519 1419 592 OD
1441 525 1554 604 brevis.

412 610 515 678 Causa
545 636 756 681 conversarum
778 618 808 682 iu
830 619 910 682 bunc
931 617 1052 682 modum
1081 615 1219 700 apsidum
1242 615 1318 680 haee
1345 623 1402 678 est
1448 615 1569 686 Terra
1582 612 1677 677 'euim

323 699 533 784 Oopernieo
564 705 754 790 perambulat
785 708 953 771 contrarias
985 714 1090 789 partes
1120 705 1201 770 Soli
1233 703 1445 788 Tychouieo
1478 712 1510 770 et
1540 702 1677 788 epicyclo

322 791 575 868 Ptolemaios:
601 803 632 858 et
654 815 725 858 vero
747 795 819 872 Dc,
843 793 912 873 OE,
937 797 1100 860 distantiae
1124 797 1237 858 Terrae
1260 817 1280 857 a
1301 795 1392 870 Sole,
1421 793 1505 858 Solis
1528 815 1548 858 a
1569 795 1677 870 Terra,

327 887 358 943 et
380 882 490 965 Martis
512 886 542 948 H
565 884 614 947 vel
635 885 652 948 I
674 905 693 947 a
715 891 818 948 centro
841 887 867 950 F
890 885 1084 970 aequalitatis
1107 885 1243 968 epicycli,
1269 883 1452 948 subtendunt
1473 883 1600 964 angulos
1622 900 1679 964 per

325 989 430 1034 omues
452 979 516 1037 tres
539 975 652 1038 formas
675 972 810 1054 ejusdem
832 975 1028 1058 quantitatis:
1062 993 1134 1056 ergo
1158 981 1190 1036 et
1211 973 1375 1038 distantiae
1397 971 1482 1038 Solis
1505 981 1538 1038 et
1563 971 1678 1035 Terrae

321 1057 548 1141 Cepernicanae
579 1063 610 1126 in
631 1064 799 1127 contrarias
837 1065 947 1147 plagas
982 1065 1203 1128 transferentur
1231 1063 1393 1127 aBraheo
1430 1069 1461 1126 et
1488 1060 1678 1136 Ptolemaeo,

324 1149 463 1213 nimirum
477 1150 542 1234 ΙΟΕ
565 1153 595 1216 in
619 1150 673 1216 CL
695 1154 745 1215 vel
766 1154 832 1230 ΕΗ,
855 1163 887 1216 et
910 1153 965 1220 OD
988 1153 1020 1218 in
1043 1151 1100 1217 CK
1122 1155 1171 1217 vel
1193 1153 1244 1218 ΡΙ.

409 1240 453 1304 Ut
466 1240 557 1321 igitur
572 1241 650 1304 bane
664 1242 902 1323 speculationem
915 1241 1176 1307 observationibus
1191 1243 1240 1305 vel
1257 1243 1466 1306 confirmarem
1486 1239 1536 1302 vel
1551 1237 1679 1302 convel-

320 1327 424 1404 lerem,
438 1327 516 1394 bane
530 1331 611 1394 mam
626 1331 812 1395 insistebam.
843 1331 919 1396 Cum
934 1351 1101 1415 apogaeum
1114 1331 1198 1397 Solis
1213 1331 1301 1395 sitin
1316 1325 1399 1414 5¹l2⁰
1414 1345 1458 1406 Θ,
1474 1327 1622 1413 quaesivi,
1637 1347 1679 1390 an

320 1424 457 1480 exstaret
471 1418 653 1497 observatio,
677 1439 743 1483 cum
758 1429 784 1494 d
798 1421 915 1485 ratione
938 1422 1052 1504 primae
1075 1420 1302 1504 inaequalitatis
1316 1427 1401 1482 esset
1413 1419 1462 1482 bis
1475 1419 1507 1482 in
1525 1409 1609 1500 5¹),⁰
1628 1427 1677 1483 ἓ

319 1505 370 1569 val
385 1505 435 1583 γε
453 1505 493 1586 Θ
510 1528 580 1572 vero
595 1507 762 1592 altrobique
787 1511 817 1572 in
833 1501 916 1592 5¹l2⁰
931 1527 974 1587 aa,
997 1509 1106 1573 deiude
1130 1511 1160 1572 in
1175 1503 1236 1593 521,
1247 1505 1259 1540 ⁰
1271 1515 1316 1587 ᾖ.
1353 1507 1449 1599 Atqui
1471 1507 1529 1572 hoe
1551 1525 1612 1570 non
1627 1512 1678 1570 est

321 1595 482 1678 possibile,
515 1605 549 1660 ut
576 1599 631 1662 liat
659 1597 829 1664 intratam
859 1599 951 1664 breve
976 1597 1034 1674 (20
1057 1598 1107 1662 vel
1130 1595 1173 1663 30
1196 1601 1355 1674 auuomm)
1384 1598 1525 1680 spatium.
1573 1594 1678 1658 Motus

319 1684 398 1747 enim
421 1687 568 1766 periodici
590 1687 701 1752 Martis
724 1696 756 1752 et
778 1689 862 1754 Solis
893 1697 964 1753 suut
985 1688 1319 1763 incommensurabiles,
1351 1706 1406 1751 uec
1433 1704 1564 1769 unquam
1588 1683 1679 1748 simul

321 1772 352 1836 iu
384 1793 456 1838 suas
480 1783 605 1858 quartas
637 1775 685 1840 val
716 1778 858 1861 opposita
885 1779 1021 1844 incidunt
1051 1787 1122 1859 post
1152 1785 1294 1860 peractos
1326 1775 1502 1840 altemtrius
1534 1773 1679 1837 circuitus

320 1861 469 1944 integros,
503 1885 663 1948 eorumque
686 1866 811 1930 dimidia
833 1876 865 1931 et
892 1875 1025 1950 quartas.
1073 1867 1216 1950 Oportuit
1244 1865 1337 1948 igitur
1361 1865 1487 1946 eligere,
1518 1862 1597 1946 quod
1621 1861 1679 1924 fuit

322 1953 459 2035 quaesito
482 1954 667 2036 proximum,
699 1965 732 2019 et
759 1957 871 2021 multos
894 1957 1079 2022 constituere
1103 1957 1169 2020 dies
1198 1974 1252 2038 per
1278 1955 1335 2020 bos
1359 1951 1403 2018 20
1424 1973 1536 2030 annos,
1569 1949 1678 2034 quibus

320 2041 445 2122 planeta
468 2052 516 2107 est
527 2043 727 2121 observatus,
751 2045 781 2108 in
811 2047 917 2128 quibus
940 2046 1094 2110 anomalia
1116 2043 1358 2116 commutationis
1382 2050 1565 2125 coaequatae
1594 2047 1679 2104 esset

321 2127 381 2194 902
403 2133 452 2196 vel
471 2129 555 2198 2702
577 2133 626 2196 vel
648 2133 783 2214 proxime
807 2143 902 2212 tauta,
926 2137 1027 2198 Marte
1043 2135 1074 2198 iu
1089 2131 1127 2200 62
1140 2133 1177 2213 Υ
1191 2134 1240 2196 vel
1255 2144 1302 2200 β
1318 2132 1381 2207 (vel
1405 2132 1502 2208 eirea)
1524 2136 1676 2194 versante.

319 2220 518 2310 Postmodum
547 2223 617 2286 illos
648 2222 713 2286 dies
742 2243 846 2288 omnes
874 2225 1007 2307 oportuit
1037 2225 1068 2288 in
1097 2225 1269 2304 catalogum
1296 2219 1542 2286 observationum
1563 2218 1676 2284 Martis

319 2307 491 2387 immittere,
514 2318 548 2375 ut
570 2311 712 2389 viderem,
738 2333 777 2375 an
791 2313 883 2376 etiam
901 2315 939 2377 iis
962 2314 1121 2378 momentis
1145 2307 1255 2377 fuisset
1277 2311 1464 2375 observatus.
1495 2307 1680 2384 Quodnisi

322 2398 562 2482 frequentissime
586 2399 695 2464 fuisset
716 2403 803 2466 Mars
827 2402 1005 2467 observatus
1028 2423 1047 2465 a
1070 2401 1303 2484 diligentissimo
1318 2401 1459 2484 Tychone
1474 2399 1586 2474 Brahe,
1611 2405 1676 2460 tam

322 2488 474 2569 exquisita
499 2488 557 2551 fuit
577 2487 654 2552 baec
677 2490 797 2568 electio,
819 2499 855 2555 ut
875 2492 941 2556 voti
954 2511 1076 2574 compos
1098 2493 1164 2556 fieri
1181 2510 1240 2554 nou
1264 2489 1441 2572 potuissem:
1479 2486 1556 2552 Cum
1573 2495 1676 2552 autem

323 2575 427 2658 Tyebo
455 2578 610 2658 posuisset
629 2597 803 2662 ,apogaeum
830 2589 856 2654 d
883 2581 914 2643 in
942 2578 984 2646 23
994 2575 1048 2664 ¹l,⁰
1071 2587 1106 2658 0,
1129 2580 1330 2663 requireretur
1351 2598 1424 2642 vero
1455 2577 1541 2642 locus
1564 2574 1676 2641 Martis

321 2684 377 2748 per
409 2667 618 2749 aequationem
651 2670 783 2734 eccentri
815 2677 969 2734 correctus
1001 2663 1085 2755 572⁰
1117 2681 1184 2738 aa:
1219 2688 1291 2751 ergo
1322 2667 1476 2733 anomalia
1506 2673 1675 2748 coaequata

321 2753 530 2838 requirebatur
562 2751 631 2820 422.
677 2758 722 2822 Et
751 2778 819 2824 cum
850 2779 888 2821 ex
910 2759 1006 2842 ipsius
1036 2759 1141 2823 tabula
1171 2766 1354 2841 coaequatae
1386 2753 1447 2822 422
1476 2755 1676 2838 responderet

320 2844 463 2928 aequatio,
493 2841 533 2910 8⁰
552 2838 677 2930 '15⁸s,‘:
710 2867 782 2930 ergo
814 2847 1021 2932 requirebatur
1052 2849 1204 2914 anomalia
1235 2847 1334 2912 media
1365 2839 1672 2912 eccentri50016‘:

319 2951 487 3089 pepfiqrpm
510 2934 746 3088 οῗὶἔὸιὲοδιιηῐιιι
767 2935 842 3002 mihi
865 2939 1023 3002 duodecim
1038 2938 1158 3002 articuli
1181 2946 1347 3020 temporum
1368 2955 1423 3019 per
1446 2953 1542 3000 anuos
1565 2931 1674 3016 viginti

318 3045 337 3088 a
470 3043 501 3087 m
615 3070 622 3085 .
1484 3083 1486 3091 ,
1625 3081 1627 3084 .

405 3113 456 3179 Au
478 3121 580 3178 autem
603 3132 642 3175 ex
664 3114 713 3179 his
728 3115 921 3199 temporibus
951 3115 1042 3180 alicui
1066 3123 1149 3180 esset
1176 3113 1327 3181 anomalia
1350 3119 1516 3196 coaequata
1538 3131 1673 3176 commu-

318 3203 445 3268 tationis
469 3203 563 3268 semel
587 3197 657 3280 902,
680 3205 787 3270 iterum
804 3201 903 3282 2702,
927 3206 977 3270 vel
1000 3213 1111 3288 quanto
1134 3205 1189 3268 illa
1210 3205 1307 3286 major
1329 3201 1474 3278 minorve,
1497 3209 1584 3265 tauto
1598 3201 1674 3266 baec

320 3291 420 3358 minor
448 3294 599 3374 majorve,
628 3293 672 3357 sic
701 3295 863 3381 artificiose
886 3295 943 3359 fuit
970 3295 1153 3377 indagatum.
1199 3295 1269 3362 ilua
1290 3293 1401 3358 Martis
1429 3291 1578 3356 revolutio
1608 3291 1674 3358 dies

225 3433 228 3442 .
321 3381 414 3445 babet
436 3375 517 3458 687,
550 3383 627 3446 duae
650 3383 734 3448 Solis
756 3383 871 3449 habent
893 3380 1019 3467 730¹l,;
1044 3383 1213 3447 differentia
1236 3383 1350 3446 dierum
1373 3377 1417 3448 43
1426 3374 1479 3465 7,,
1503 3380 1612 3465 quibus
1635 3383 1672 3444 de

317 3479 400 3536 motu
422 3469 522 3534 medio
538 3469 621 3536 Solis
644 3473 830 3555 respondent
852 3469 913 3537 422
936 3471 990 3540 542
1014 3469 1088 3538 2322.
1128 3475 1226 3536 Tanto
1250 3473 1342 3554 igitur
1365 3472 1499 3535 variatur
1522 3470 1675 3534 anomalia

319 3560 559 3636 commutationis
582 3561 733 3628 adfinem
755 3563 918 3644 cujuslibet
931 3562 1142 3646 revolutionis
1159 3562 1279 3625 Martis.
1327 3561 1456 3635 Quando
1479 3559 1570 3642 igitur
1592 3560 1673 3624 intra

318 3669 409 3714 uuum
422 3649 582 3713 ‘biennium
605 3659 787 3734 quaeruntur
805 3652 881 3714 duae
911 3652 1153 3718 commutationis
1175 3649 1344 3715 anomaliae
1367 3649 1510 3733 aequales
1532 3647 1672 3736 invicem,

318 3739 419 3804 Marte
435 3738 540 3804 eodem
563 3741 702 3823 utrinque
725 3741 885 3805 eccentrici
907 3741 974 3806 loco
996 3749 1149 3818 versante,
1173 3747 1293 3823 oportet
1314 3747 1349 3806 ut
1370 3740 1422 3803 ille
1445 3746 1571 3822 uterque
1587 3759 1672 3804 com-

319 3827 496 3892 mutationis
520 3829 647 3910 angulus
679 3829 721 3894 sit
742 3827 803 3894 212
826 3828 890 3894 272.
936 3831 1022 3894 intra
1049 3825 1071 3892 4
1098 3825 1194 3894 annos
1221 3829 1382 3914 requiritur
1403 3825 1465 3894 422
1487 3823 1542 3894 542
1549 3849 1557 3892 :
1591 3827 1673 3894 iutra

319 3939 374 3982 serr
397 3936 492 3980 anuos
517 3912 578 3982 642
601 3916 671 3983 222;
706 3918 787 3982 intra
811 3928 879 3985 octo
903 3939 998 3984 annos
1021 3915 1083 3984 852
1104 3916 1169 3984 492.
1214 3920 1257 3983 Et
1283 3939 1339 3984 nos
1367 3917 1612 4001 postulabamus,
1645 3917 1672 3982 si

319 4006 384 4072 lieri
415 4008 572 4089 potuisset
597 4005 666 4074 902.
712 4009 796 4090 Ergo
819 4009 906 4074 binas
933 4017 1056 4073 nostras
1085 4001 1313 4074 observationes
1340 4027 1485 4091 quaerere
1502 4006 1673 4089 oportebat

320 4096 472 4160 distantes
500 4096 587 4164 aunis
617 4104 695 4162 octo.
742 4098 828 4163 Talis
859 4118 931 4164 vero
955 4097 1199 4163 observationum
1229 4097 1301 4179 biga
1322 4117 1382 4162 uon
1404 4095 1611 4180 reperiebatur
1640 4096 1672 4162 iu

319 4186 458 4267 catalogo
481 4185 653 4250 habitarum
675 4186 927 4254 observationum.

408 4274 581 4342 Conversus
612 4275 705 4357 igitur
733 4297 799 4340 sum
825 4279 865 4340 ad
893 4277 1068 4342 distantiam
1099 4295 1153 4340 sex
1181 4294 1325 4340 annorum
1351 4274 1510 4358 invenique
1537 4271 1670 4350 taudem,

320 4366 400 4449 quod
422 4385 500 4429 auno
526 4361 620 4430 1585.
637 4366 665 4428 d.
685 4361 734 4428 18.
758 4367 835 4447 blaji
850 4375 882 4429 et
903 4387 982 4430 anno
1009 4363 1103 4432 1591.
1127 4366 1155 4428 d.
1181 4363 1234 4429 22.
1257 4366 1327 4430 Jan.
1351 4371 1509 4428 exstarent
1522 4362 1669 4426 observa-

319 4456 419 4519 tiones
432 4455 569 4519 idoneae.
607 4455 686 4518 Nam
704 4457 980 4536 correspondebant
992 4475 1071 4519 anno
1090 4451 1183 4519 1585.
1200 4455 1229 4516 d.
1253 4451 1306 4520 30.
1330 4453 1408 4534 Maji
1430 4454 1460 4517 b.
1477 4450 1509 4517 5.
1525 4459 1558 4514 et
1574 4445 1668 4517 1591.

320 4545 349 4608 d.
365 4543 418 4610 20.
433 4545 503 4609 Jan.
524 4544 554 4609 b.
570 4541 600 4609 0.
637 4543 785 4628 Utrinque
808 4545 920 4610 Martis
942 4545 1098 4626 longitudo
1116 4543 1215 4606 media
1237 4543 1294 4606 fuit
1309 4536 1341 4606 6·
1357 4539 1419 4606 222
1439 4539 1505 4618 432,
1528 4541 1670 4624 aequatio

321 4633 496 4716 Tychonica
510 4629 549 4702 92
566 4630 617 4698 142
633 4631 699 4700 5222
712 4633 885 4698 auferenda.
909 4635 992 4716 Ergo
1004 4633 1156 4706 d-ratione
1167 4633 1326 4696 eccentrici
1339 4632 1370 4695 iu
1389 4629 1448 4697 13⁰
1462 4627 1517 4696 282
1533 4627 1597 4695 1622
1611 4637 1668 4698 ἡ.

321 4721 524 4788 Commutatio
553 4731 721 4808 coaequata
751 4742 829 4786 auno
866 4720 950 4789 1585
983 4729 1050 4787 erat
1081 4719 1114 4787 8·
1135 4717 1174 4788 42
1204 4719 1259 4787 232
1290 4719 1365 4798 3022,
1398 4741 1457 4804 qna
1488 4720 1669 4801 arguebatur

320 4831 404 4878 more
431 4813 633 4895 Ptolemaico,
664 4814 819 4897 planetam
849 4832 918 4878 esse
946 4813 1027 4879 ultra
1056 4813 1230 4896 perigaeum
1261 4809 1388 4896 epioyeli
1417 4807 1479 4918 642
1508 4805 1565 4876 232
1593 4805 1667 4875 3022.
