<?xml version="1.0" encoding="UTF-8"?>
<!DOCTYPE html PUBLIC "-//W3C//DTD XHTML 1.0 Transitional//EN"
    "http://www.w3.org/TR/xhtml1/DTD/xhtml1-transitional.dtd">
<html xmlns="http://www.w3.org/1999/xhtml" xml:lang="en" lang="en">
 <head>
  <title>
</title>
<meta http-equiv="Content-Type" content="text/html;charset=utf-8" />
  <meta name='ocr-system' content='tesseract 3.04.00' />
  <meta name='ocr-capabilities' content='ocr_page ocr_carea ocr_par ocr_line ocrx_word'/>
</head>
<body>
  <div class='ocr_page' id='page_1' title='image "./joanniskepleria28frisgoog_0319.png"; bbox 0 0 3674 5532; ppageno 0'>
   <div class='ocr_carea' id='block_1_1' title="bbox 764 241 1145 296">
    <p class='ocr_par' dir='ltr' id='par_1_1' title="bbox 764 241 1145 296">
     <span class='ocr_line' id='line_1_1' title="bbox 764 241 1145 296; baseline 0 0"><span class='ocrx_word' id='word_1_1' title='bbox 764 241 804 296; x_wconf 86' lang='lat' dir='ltr'>De</span> <span class='ocrx_word' id='word_1_2' title='bbox 821 241 928 296; x_wconf 74' lang='lat' dir='ltr'>hlodbm</span> <span class='ocrx_word' id='word_1_3' title='bbox 946 241 1039 296; x_wconf 82' lang='lat' dir='ltr'>Stellae</span> <span class='ocrx_word' id='word_1_4' title='bbox 1057 241 1145 296; x_wconf 71' lang='lat' dir='ltr'>noos</span> 
     </span>
    </p>
   </div>
   <div class='ocr_carea' id='block_1_2' title="bbox 431 473 1484 720">
    <p class='ocr_par' dir='ltr' id='par_1_2' title="bbox 431 473 1484 720">
     <span class='ocr_line' id='line_1_2' title="bbox 788 473 1117 576; baseline -0.003 -25"><span class='ocrx_word' id='word_1_5' title='bbox 788 475 908 576; x_wconf 84' lang='lat' dir='ltr'>Caput</span> <span class='ocrx_word' id='word_1_6' title='bbox 932 473 1117 552; x_wconf 86' lang='lat' dir='ltr'>XXXIII.</span> 
     </span>
     <span class='ocr_line' id='line_1_3' title="bbox 431 633 1484 720; baseline -0.002 -19"><span class='ocrx_word' id='word_1_7' title='bbox 431 636 593 712; x_wconf 73' lang='lat' dir='ltr'>Virtutes,</span> <span class='ocrx_word' id='word_1_8' title='bbox 617 655 697 720; x_wconf 81' lang='lat' dir='ltr'>qnae</span> <span class='ocrx_word' id='word_1_9' title='bbox 715 633 862 718; x_wconf 72' lang='lat' dir='ltr'>planetus</span> <span class='ocrx_word' id='word_1_10' title='bbox 883 645 988 713; x_wconf 83' lang='lat' dir='ltr'>nwoet,</span> <span class='ocrx_word' id='word_1_11' title='bbox 1012 637 1152 702; x_wconf 81' lang='lat' dir='ltr'>residere</span> <span class='ocrx_word' id='word_1_12' title='bbox 1174 637 1211 700; x_wconf 85' lang='lat' dir='ltr'>in</span> <span class='ocrx_word' id='word_1_13' title='bbox 1234 655 1364 718; x_wconf 72' lang='lat' dir='ltr'>corpore</span> <span class='ocrx_word' id='word_1_14' title='bbox 1387 635 1484 702; x_wconf 75' lang='lat' dir='ltr'>Solia.</span> 
     </span>
    </p>
   </div>
   <div class='ocr_carea' id='block_1_3' title="bbox 283 776 1644 3886">
    <p class='ocr_par' dir='ltr' id='par_1_3' title="bbox 283 776 1636 1483">
     <span class='ocr_line' id='line_1_4' title="bbox 373 776 1630 861; baseline -0.002 -18"><span class='ocrx_word' id='word_1_15' title='bbox 373 779 448 844; x_wconf 79' lang='lat' dir='ltr'>(tun</span> <span class='ocrx_word' id='word_1_16' title='bbox 463 797 535 860; x_wconf 90' lang='lat' dir='ltr'>ergo</span> <span class='ocrx_word' id='word_1_17' title='bbox 550 778 786 840; x_wconf 87' lang='lat' dir='ltr'>demonstratum</span> <span class='ocrx_word' id='word_1_18' title='bbox 806 776 847 839; x_wconf 90' lang='lat' dir='ltr'>sit</span> <span class='ocrx_word' id='word_1_19' title='bbox 861 777 959 857; x_wconf 88' lang='lat' dir='ltr'>capite</span> <span class='ocrx_word' id='word_1_20' title='bbox 984 777 1139 858; x_wconf 82' lang='lat' dir='ltr'>superiori,</span> <span class='ocrx_word' id='word_1_21' title='bbox 1162 796 1266 840; x_wconf 88' lang='lat' dir='ltr'>moras</span> <span class='ocrx_word' id='word_1_22' title='bbox 1281 778 1421 858; x_wconf 87' lang='lat' dir='ltr'>planetae</span> <span class='ocrx_word' id='word_1_23' title='bbox 1444 779 1475 841; x_wconf 93' lang='lat' dir='ltr'>in</span> <span class='ocrx_word' id='word_1_24' title='bbox 1491 777 1630 861; x_wconf 89' lang='lat' dir='ltr'>aequali-</span> 
     </span>
     <span class='ocr_line' id='line_1_5' title="bbox 283 866 1630 950; baseline -0.002 -18"><span class='ocrx_word' id='word_1_25' title='bbox 283 869 340 932; x_wconf 91' lang='lat' dir='ltr'>bus</span> <span class='ocrx_word' id='word_1_26' title='bbox 361 869 497 950; x_wconf 89' lang='lat' dir='ltr'>partibus</span> <span class='ocrx_word' id='word_1_27' title='bbox 527 867 629 929; x_wconf 92' lang='lat' dir='ltr'>circuli</span> <span class='ocrx_word' id='word_1_28' title='bbox 652 866 810 928; x_wconf 89' lang='lat' dir='ltr'>eccentrici</span> <span class='ocrx_word' id='word_1_29' title='bbox 835 866 914 940; x_wconf 90' lang='lat' dir='ltr'>(sive</span> <span class='ocrx_word' id='word_1_30' title='bbox 943 866 1170 948; x_wconf 91' lang='lat' dir='ltr'>inaequalibus</span> <span class='ocrx_word' id='word_1_31' title='bbox 1203 867 1313 947; x_wconf 91' lang='lat' dir='ltr'>spatiis</span> <span class='ocrx_word' id='word_1_32' title='bbox 1342 886 1433 930; x_wconf 88' lang='lat' dir='ltr'>aurae</span> <span class='ocrx_word' id='word_1_33' title='bbox 1456 869 1630 942; x_wconf 80' lang='lat' dir='ltr'>aethereae)</span> 
     </span>
     <span class='ocr_line' id='line_1_6' title="bbox 286 955 1631 1038; baseline -0.001 -18"><span class='ocrx_word' id='word_1_34' title='bbox 286 977 354 1020; x_wconf 87' lang='lat' dir='ltr'>esse</span> <span class='ocrx_word' id='word_1_35' title='bbox 372 956 403 1019; x_wconf 93' lang='lat' dir='ltr'>in</span> <span class='ocrx_word' id='word_1_36' title='bbox 426 955 617 1038; x_wconf 80' lang='lat' dir='ltr'>proportione</span> <span class='ocrx_word' id='word_1_37' title='bbox 641 974 692 1030; x_wconf 88' lang='lat' dir='ltr'>ea,</span> <span class='ocrx_word' id='word_1_38' title='bbox 726 956 837 1037; x_wconf 88' lang='lat' dir='ltr'>inqua</span> <span class='ocrx_word' id='word_1_39' title='bbox 861 955 993 1016; x_wconf 89' lang='lat' dir='ltr'>suntad</span> <span class='ocrx_word' id='word_1_40' title='bbox 1022 955 1149 1018; x_wconf 90' lang='lat' dir='ltr'>invicem</span> <span class='ocrx_word' id='word_1_41' title='bbox 1174 956 1336 1018; x_wconf 88' lang='lat' dir='ltr'>eorundem</span> <span class='ocrx_word' id='word_1_42' title='bbox 1369 959 1535 1038; x_wconf 88' lang='lat' dir='ltr'>spatiorum</span> <span class='ocrx_word' id='word_1_43' title='bbox 1557 955 1631 1018; x_wconf 93' lang='lat' dir='ltr'>abs-</span> 
     </span>
     <span class='ocr_line' id='line_1_7' title="bbox 285 1043 1632 1130; baseline -0.002 -20"><span class='ocrx_word' id='word_1_44' title='bbox 285 1066 390 1110; x_wconf 87' lang='lat' dir='ltr'>cessus</span> <span class='ocrx_word' id='word_1_45' title='bbox 413 1067 431 1106; x_wconf 92' lang='lat' dir='ltr'>a</span> <span class='ocrx_word' id='word_1_46' title='bbox 454 1052 573 1126; x_wconf 89' lang='lat' dir='ltr'>puncto,</span> <span class='ocrx_word' id='word_1_47' title='bbox 597 1045 673 1105; x_wconf 90' lang='lat' dir='ltr'>unde</span> <span class='ocrx_word' id='word_1_48' title='bbox 697 1051 885 1125; x_wconf 85' lang='lat' dir='ltr'>computatur</span> <span class='ocrx_word' id='word_1_49' title='bbox 900 1043 1124 1120; x_wconf 87' lang='lat' dir='ltr'>eccentricitas;</span> <span class='ocrx_word' id='word_1_50' title='bbox 1150 1063 1202 1106; x_wconf 91' lang='lat' dir='ltr'>seu</span> <span class='ocrx_word' id='word_1_51' title='bbox 1227 1043 1409 1125; x_wconf 81' lang='lat' dir='ltr'>simplicius:</span> <span class='ocrx_word' id='word_1_52' title='bbox 1434 1068 1492 1130; x_wconf 92' lang='lat' dir='ltr'>quo</span> <span class='ocrx_word' id='word_1_53' title='bbox 1514 1046 1632 1124; x_wconf 85' lang='lat' dir='ltr'>longius</span> 
     </span>
     <span class='ocr_line' id='line_1_8' title="bbox 285 1131 1633 1216; baseline -0.001 -18"><span class='ocrx_word' id='word_1_54' title='bbox 285 1137 372 1198; x_wconf 87' lang='lat' dir='ltr'>abest</span> <span class='ocrx_word' id='word_1_55' title='bbox 392 1135 515 1216; x_wconf 89' lang='lat' dir='ltr'>planeta</span> <span class='ocrx_word' id='word_1_56' title='bbox 537 1154 557 1194; x_wconf 94' lang='lat' dir='ltr'>a</span> <span class='ocrx_word' id='word_1_57' title='bbox 576 1140 687 1213; x_wconf 91' lang='lat' dir='ltr'>puncto</span> <span class='ocrx_word' id='word_1_58' title='bbox 711 1132 773 1208; x_wconf 92' lang='lat' dir='ltr'>illo,</span> <span class='ocrx_word' id='word_1_59' title='bbox 798 1132 876 1212; x_wconf 91' lang='lat' dir='ltr'>qnod</span> <span class='ocrx_word' id='word_1_60' title='bbox 899 1151 953 1211; x_wconf 95' lang='lat' dir='ltr'>pro</span> <span class='ocrx_word' id='word_1_61' title='bbox 977 1139 1080 1194; x_wconf 90' lang='lat' dir='ltr'>centro</span> <span class='ocrx_word' id='word_1_62' title='bbox 1103 1131 1203 1195; x_wconf 91' lang='lat' dir='ltr'>mundi</span> <span class='ocrx_word' id='word_1_63' title='bbox 1227 1134 1402 1210; x_wconf 76' lang='lat' dir='ltr'>assumitur,</span> <span class='ocrx_word' id='word_1_64' title='bbox 1424 1137 1482 1200; x_wconf 92' lang='lat' dir='ltr'>hoc</span> <span class='ocrx_word' id='word_1_65' title='bbox 1505 1135 1633 1198; x_wconf 86' lang='lat' dir='ltr'>debilius</span> 
     </span>
     <span class='ocr_line' id='line_1_9' title="bbox 286 1221 1634 1306; baseline 0 -21"><span class='ocrx_word' id='word_1_66' title='bbox 286 1224 371 1287; x_wconf 91' lang='lat' dir='ltr'>illum</span> <span class='ocrx_word' id='word_1_67' title='bbox 394 1222 513 1285; x_wconf 90' lang='lat' dir='ltr'>incitari</span> <span class='ocrx_word' id='word_1_68' title='bbox 536 1222 617 1284; x_wconf 86' lang='lat' dir='ltr'>circa</span> <span class='ocrx_word' id='word_1_69' title='bbox 638 1221 714 1283; x_wconf 91' lang='lat' dir='ltr'>illud</span> <span class='ocrx_word' id='word_1_70' title='bbox 735 1229 895 1302; x_wconf 89' lang='lat' dir='ltr'>punctum:</span> <span class='ocrx_word' id='word_1_71' title='bbox 929 1222 1133 1284; x_wconf 90' lang='lat' dir='ltr'>necessarium</span> <span class='ocrx_word' id='word_1_72' title='bbox 1156 1229 1204 1283; x_wconf 90' lang='lat' dir='ltr'>est</span> <span class='ocrx_word' id='word_1_73' title='bbox 1226 1221 1335 1303; x_wconf 90' lang='lat' dir='ltr'>igitur,</span> <span class='ocrx_word' id='word_1_74' title='bbox 1368 1231 1402 1286; x_wconf 91' lang='lat' dir='ltr'>ut</span> <span class='ocrx_word' id='word_1_75' title='bbox 1424 1245 1517 1288; x_wconf 88' lang='lat' dir='ltr'>causa</span> <span class='ocrx_word' id='word_1_76' title='bbox 1544 1225 1634 1306; x_wconf 90' lang='lat' dir='ltr'>hujus</span> 
     </span>
     <span class='ocr_line' id='line_1_10' title="bbox 287 1311 1636 1393; baseline -0.002 -17"><span class='ocrx_word' id='word_1_77' title='bbox 287 1312 504 1376; x_wconf 85' lang='lat' dir='ltr'>debilitationis</span> <span class='ocrx_word' id='word_1_78' title='bbox 526 1311 600 1372; x_wconf 89' lang='lat' dir='ltr'>insit</span> <span class='ocrx_word' id='word_1_79' title='bbox 622 1320 675 1373; x_wconf 88' lang='lat' dir='ltr'>aut</span> <span class='ocrx_word' id='word_1_80' title='bbox 696 1311 727 1372; x_wconf 89' lang='lat' dir='ltr'>in</span> <span class='ocrx_word' id='word_1_81' title='bbox 750 1311 816 1391; x_wconf 91' lang='lat' dir='ltr'>ipso</span> <span class='ocrx_word' id='word_1_82' title='bbox 839 1311 980 1391; x_wconf 89' lang='lat' dir='ltr'>planetae</span> <span class='ocrx_word' id='word_1_83' title='bbox 1004 1329 1128 1392; x_wconf 89' lang='lat' dir='ltr'>corpore</span> <span class='ocrx_word' id='word_1_84' title='bbox 1151 1311 1236 1393; x_wconf 88' lang='lat' dir='ltr'>eique</span> <span class='ocrx_word' id='word_1_85' title='bbox 1258 1311 1353 1374; x_wconf 90' lang='lat' dir='ltr'>insita</span> <span class='ocrx_word' id='word_1_86' title='bbox 1375 1313 1406 1373; x_wconf 91' lang='lat' dir='ltr'>vi</span> <span class='ocrx_word' id='word_1_87' title='bbox 1424 1313 1558 1390; x_wconf 89' lang='lat' dir='ltr'>motrice,</span> <span class='ocrx_word' id='word_1_88' title='bbox 1583 1319 1636 1374; x_wconf 90' lang='lat' dir='ltr'>aut</span> 
     </span>
     <span class='ocr_line' id='line_1_11' title="bbox 285 1399 1381 1483; baseline -0.006 -17"><span class='ocrx_word' id='word_1_89' title='bbox 285 1403 405 1483; x_wconf 89' lang='lat' dir='ltr'>inipso</span> <span class='ocrx_word' id='word_1_90' title='bbox 429 1407 569 1480; x_wconf 89' lang='lat' dir='ltr'>suscepto</span> <span class='ocrx_word' id='word_1_91' title='bbox 592 1399 694 1462; x_wconf 91' lang='lat' dir='ltr'>mundi</span> <span class='ocrx_word' id='word_1_92' title='bbox 717 1407 830 1462; x_wconf 89' lang='lat' dir='ltr'>centro.</span> <span class='ocrx_word' id='word_1_93' title='bbox 1377 1413 1381 1424; x_wconf 91' lang='lat'><em>·</em></span> 
     </span>
    </p>

    <p class='ocr_par' dir='ltr' id='par_1_4' title="bbox 286 1487 1637 2374">
     <span class='ocr_line' id='line_1_12' title="bbox 373 1487 1634 1573; baseline -0.002 -20"><span class='ocrx_word' id='word_1_94' title='bbox 373 1493 432 1553; x_wconf 86' lang='lat' dir='ltr'>Est</span> <span class='ocrx_word' id='word_1_95' title='bbox 454 1489 599 1572; x_wconf 87' lang='lat' dir='ltr'>siquidem</span> <span class='ocrx_word' id='word_1_96' title='bbox 621 1489 852 1551; x_wconf 88' lang='lat' dir='ltr'>usitatissimum</span> <span class='ocrx_word' id='word_1_97' title='bbox 875 1487 994 1549; x_wconf 79' lang='lat' dir='ltr'>axioma</span> <span class='ocrx_word' id='word_1_98' title='bbox 1021 1505 1075 1568; x_wconf 93' lang='lat' dir='ltr'>per</span> <span class='ocrx_word' id='word_1_99' title='bbox 1097 1489 1268 1555; x_wconf 88' lang='lat' dir='ltr'>universam</span> <span class='ocrx_word' id='word_1_100' title='bbox 1290 1489 1516 1573; x_wconf 86' lang='lat' dir='ltr'>philosophiam</span> <span class='ocrx_word' id='word_1_101' title='bbox 1543 1497 1634 1554; x_wconf 91' lang='lat' dir='ltr'>natu-</span> 
     </span>
     <span class='ocr_line' id='line_1_13' title="bbox 286 1577 1634 1660; baseline -0.001 -16"><span class='ocrx_word' id='word_1_102' title='bbox 286 1582 397 1644; x_wconf 89' lang='lat' dir='ltr'>ralem:</span> <span class='ocrx_word' id='word_1_103' title='bbox 431 1597 570 1654; x_wconf 88' lang='lat' dir='ltr'>eornm,</span> <span class='ocrx_word' id='word_1_104' title='bbox 594 1597 688 1660; x_wconf 87' lang='lat' dir='ltr'>quae</span> <span class='ocrx_word' id='word_1_105' title='bbox 713 1577 825 1640; x_wconf 90' lang='lat' dir='ltr'>simul</span> <span class='ocrx_word' id='word_1_106' title='bbox 850 1586 889 1639; x_wconf 94' lang='lat' dir='ltr'>et</span> <span class='ocrx_word' id='word_1_107' title='bbox 906 1578 1037 1639; x_wconf 90' lang='lat' dir='ltr'>eodem</span> <span class='ocrx_word' id='word_1_108' title='bbox 1058 1578 1165 1640; x_wconf 92' lang='lat' dir='ltr'>modo</span> <span class='ocrx_word' id='word_1_109' title='bbox 1189 1579 1290 1644; x_wconf 89' lang='lat' dir='ltr'>liunt</span> <span class='ocrx_word' id='word_1_110' title='bbox 1315 1588 1352 1640; x_wconf 94' lang='lat' dir='ltr'>et</span> <span class='ocrx_word' id='word_1_111' title='bbox 1375 1582 1524 1644; x_wconf 88' lang='lat' dir='ltr'>easdem</span> <span class='ocrx_word' id='word_1_112' title='bbox 1553 1580 1634 1642; x_wconf 92' lang='lat' dir='ltr'>ubi-</span> 
     </span>
     <span class='ocr_line' id='line_1_14' title="bbox 287 1666 1635 1752; baseline -0.001 -20"><span class='ocrx_word' id='word_1_113' title='bbox 287 1690 356 1752; x_wconf 89' lang='lat' dir='ltr'>que</span> <span class='ocrx_word' id='word_1_114' title='bbox 372 1668 631 1730; x_wconf 86' lang='lat' dir='ltr'>dimensiones</span> <span class='ocrx_word' id='word_1_115' title='bbox 655 1667 862 1746; x_wconf 88' lang='lat' dir='ltr'>accipiunt,</span> <span class='ocrx_word' id='word_1_116' title='bbox 878 1666 1038 1729; x_wconf 88' lang='lat' dir='ltr'>alterurn</span> <span class='ocrx_word' id='word_1_117' title='bbox 1062 1666 1221 1730; x_wconf 87' lang='lat' dir='ltr'>alterius</span> <span class='ocrx_word' id='word_1_118' title='bbox 1240 1689 1393 1732; x_wconf 86' lang='lat' dir='ltr'>causam</span> <span class='ocrx_word' id='word_1_119' title='bbox 1410 1678 1476 1733; x_wconf 91' lang='lat' dir='ltr'>aut</span> <span class='ocrx_word' id='word_1_120' title='bbox 1497 1677 1635 1732; x_wconf 88' lang='lat' dir='ltr'>utrum-</span> 
     </span>
     <span class='ocr_line' id='line_1_15' title="bbox 287 1755 1634 1840; baseline -0.001 -19"><span class='ocrx_word' id='word_1_121' title='bbox 287 1779 351 1840; x_wconf 83' lang='lat' dir='ltr'>que</span> <span class='ocrx_word' id='word_1_122' title='bbox 374 1757 541 1838; x_wconf 86' lang='lat' dir='ltr'>ejusdem</span> <span class='ocrx_word' id='word_1_123' title='bbox 564 1775 702 1822; x_wconf 87' lang='lat' dir='ltr'>causae</span> <span class='ocrx_word' id='word_1_124' title='bbox 726 1755 905 1824; x_wconf 82' lang='lat' dir='ltr'>ellectum</span> <span class='ocrx_word' id='word_1_125' title='bbox 929 1773 1029 1829; x_wconf 88' lang='lat' dir='ltr'>esse;</span> <span class='ocrx_word' id='word_1_126' title='bbox 1053 1763 1087 1816; x_wconf 88' lang='lat' dir='ltr'>ut</span> <span class='ocrx_word' id='word_1_127' title='bbox 1108 1755 1158 1817; x_wconf 91' lang='lat' dir='ltr'>hic</span> <span class='ocrx_word' id='word_1_128' title='bbox 1181 1757 1307 1821; x_wconf 87' lang='lat' dir='ltr'>intentio</span> <span class='ocrx_word' id='word_1_129' title='bbox 1324 1765 1356 1820; x_wconf 89' lang='lat' dir='ltr'>et</span> <span class='ocrx_word' id='word_1_130' title='bbox 1377 1757 1515 1822; x_wconf 88' lang='lat' dir='ltr'>remissio</span> <span class='ocrx_word' id='word_1_131' title='bbox 1533 1765 1634 1822; x_wconf 89' lang='lat' dir='ltr'>motus</span> 
     </span>
     <span class='ocr_line' id='line_1_16' title="bbox 287 1844 1635 1928; baseline -0.002 -18"><span class='ocrx_word' id='word_1_132' title='bbox 287 1867 353 1910; x_wconf 92' lang='lat' dir='ltr'>oum</span> <span class='ocrx_word' id='word_1_133' title='bbox 375 1865 500 1909; x_wconf 88' lang='lat' dir='ltr'>accessu</span> <span class='ocrx_word' id='word_1_134' title='bbox 529 1853 560 1906; x_wconf 88' lang='lat' dir='ltr'>et</span> <span class='ocrx_word' id='word_1_135' title='bbox 582 1863 702 1907; x_wconf 88' lang='lat' dir='ltr'>recessu</span> <span class='ocrx_word' id='word_1_136' title='bbox 725 1865 745 1906; x_wconf 91' lang='lat' dir='ltr'>a</span> <span class='ocrx_word' id='word_1_137' title='bbox 767 1851 870 1906; x_wconf 89' lang='lat' dir='ltr'>centro</span> <span class='ocrx_word' id='word_1_138' title='bbox 901 1844 1003 1905; x_wconf 91' lang='lat' dir='ltr'>mundi</span> <span class='ocrx_word' id='word_1_139' title='bbox 1029 1845 1060 1904; x_wconf 93' lang='lat' dir='ltr'>in</span> <span class='ocrx_word' id='word_1_140' title='bbox 1087 1848 1279 1925; x_wconf 91' lang='lat' dir='ltr'>proportione</span> <span class='ocrx_word' id='word_1_141' title='bbox 1306 1855 1453 1928; x_wconf 84' lang='lat' dir='ltr'>perpetuo</span> <span class='ocrx_word' id='word_1_142' title='bbox 1485 1846 1635 1911; x_wconf 90' lang='lat' dir='ltr'>coincidit.</span> 
     </span>
     <span class='ocr_line' id='line_1_17' title="bbox 287 1931 1637 2012; baseline -0.003 -13"><span class='ocrx_word' id='word_1_143' title='bbox 287 1937 388 2010; x_wconf 85' lang='lat' dir='ltr'>Quare</span> <span class='ocrx_word' id='word_1_144' title='bbox 412 1935 460 1996; x_wconf 87' lang='lat' dir='ltr'>vel</span> <span class='ocrx_word' id='word_1_145' title='bbox 484 1933 652 1996; x_wconf 84' lang='lat' dir='ltr'>debilitatio</span> <span class='ocrx_word' id='word_1_146' title='bbox 676 1933 737 1995; x_wconf 89' lang='lat' dir='ltr'>ista</span> <span class='ocrx_word' id='word_1_147' title='bbox 760 1935 818 1995; x_wconf 86' lang='lat' dir='ltr'>erit</span> <span class='ocrx_word' id='word_1_148' title='bbox 840 1951 933 1994; x_wconf 89' lang='lat' dir='ltr'>causa</span> <span class='ocrx_word' id='word_1_149' title='bbox 946 1931 1142 1996; x_wconf 79' lang='lat' dir='ltr'>discessionis</span> <span class='ocrx_word' id='word_1_150' title='bbox 1166 1935 1272 1998; x_wconf 86' lang='lat' dir='ltr'>sideris</span> <span class='ocrx_word' id='word_1_151' title='bbox 1290 1958 1308 1998; x_wconf 90' lang='lat' dir='ltr'>a</span> <span class='ocrx_word' id='word_1_152' title='bbox 1323 1946 1427 1999; x_wconf 84' lang='lat' dir='ltr'>centro</span> <span class='ocrx_word' id='word_1_153' title='bbox 1450 1937 1562 2012; x_wconf 89' lang='lat' dir='ltr'>mundi,</span> <span class='ocrx_word' id='word_1_154' title='bbox 1585 1934 1637 1997; x_wconf 89' lang='lat' dir='ltr'>vel</span> 
     </span>
     <span class='ocr_line' id='line_1_18' title="bbox 288 2020 1636 2105; baseline -0.003 -16"><span class='ocrx_word' id='word_1_155' title='bbox 288 2024 435 2089; x_wconf 88' lang='lat' dir='ltr'>discessio</span> <span class='ocrx_word' id='word_1_156' title='bbox 449 2023 675 2098; x_wconf 83' lang='lat' dir='ltr'>debilitationis,</span> <span class='ocrx_word' id='word_1_157' title='bbox 699 2023 747 2084; x_wconf 88' lang='lat' dir='ltr'>vel</span> <span class='ocrx_word' id='word_1_158' title='bbox 770 2021 922 2102; x_wconf 84' lang='lat' dir='ltr'>utriusque</span> <span class='ocrx_word' id='word_1_159' title='bbox 946 2021 1004 2082; x_wconf 89' lang='lat' dir='ltr'>erit</span> <span class='ocrx_word' id='word_1_160' title='bbox 1025 2020 1126 2102; x_wconf 90' lang='lat' dir='ltr'>aliqua</span> <span class='ocrx_word' id='word_1_161' title='bbox 1148 2041 1240 2088; x_wconf 87' lang='lat' dir='ltr'>causa</span> <span class='ocrx_word' id='word_1_162' title='bbox 1262 2027 1437 2088; x_wconf 88' lang='lat' dir='ltr'>communis.</span> <span class='ocrx_word' id='word_1_163' title='bbox 1471 2027 1518 2089; x_wconf 91' lang='lat' dir='ltr'>At</span> <span class='ocrx_word' id='word_1_164' title='bbox 1539 2043 1636 2105; x_wconf 88' lang='lat' dir='ltr'>neque</span> 
     </span>
     <span class='ocr_line' id='line_1_19' title="bbox 289 2109 1635 2196; baseline -0.002 -18"><span class='ocrx_word' id='word_1_165' title='bbox 289 2115 406 2196; x_wconf 90' lang='lat' dir='ltr'>opinari</span> <span class='ocrx_word' id='word_1_166' title='bbox 422 2113 578 2196; x_wconf 89' lang='lat' dir='ltr'>quisquam</span> <span class='ocrx_word' id='word_1_167' title='bbox 601 2118 713 2192; x_wconf 87' lang='lat' dir='ltr'>potest,</span> <span class='ocrx_word' id='word_1_168' title='bbox 737 2111 859 2172; x_wconf 86' lang='lat' dir='ltr'>tertium</span> <span class='ocrx_word' id='word_1_169' title='bbox 882 2109 993 2190; x_wconf 89' lang='lat' dir='ltr'>aliquid</span> <span class='ocrx_word' id='word_1_170' title='bbox 1007 2129 1192 2189; x_wconf 85' lang='lat' dir='ltr'>concurrere,</span> <span class='ocrx_word' id='word_1_171' title='bbox 1217 2115 1295 2196; x_wconf 92' lang='lat' dir='ltr'>quod</span> <span class='ocrx_word' id='word_1_172' title='bbox 1311 2115 1429 2178; x_wconf 90' lang='lat' dir='ltr'>duobus</span> <span class='ocrx_word' id='word_1_173' title='bbox 1451 2115 1535 2178; x_wconf 88' lang='lat' dir='ltr'>hisee</span> <span class='ocrx_word' id='word_1_174' title='bbox 1550 2132 1635 2176; x_wconf 86' lang='lat' dir='ltr'>oom-</span> 
     </span>
     <span class='ocr_line' id='line_1_20' title="bbox 288 2197 1636 2282; baseline -0.004 -15"><span class='ocrx_word' id='word_1_175' title='bbox 288 2204 386 2266; x_wconf 90' lang='lat' dir='ltr'>munis</span> <span class='ocrx_word' id='word_1_176' title='bbox 402 2223 494 2265; x_wconf 89' lang='lat' dir='ltr'>causa</span> <span class='ocrx_word' id='word_1_177' title='bbox 518 2201 558 2263; x_wconf 90' lang='lat' dir='ltr'>sit</span> <span class='ocrx_word' id='word_1_178' title='bbox 565 2221 574 2276; x_wconf 83' lang='lat'><em>3</em></span> <span class='ocrx_word' id='word_1_179' title='bbox 599 2200 682 2261; x_wconf 90' lang='lat' dir='ltr'>etin</span> <span class='ocrx_word' id='word_1_180' title='bbox 707 2199 898 2282; x_wconf 90' lang='lat' dir='ltr'>sequentibus</span> <span class='ocrx_word' id='word_1_181' title='bbox 915 2197 1063 2278; x_wconf 86' lang='lat' dir='ltr'>capitibus</span> <span class='ocrx_word' id='word_1_182' title='bbox 1086 2202 1212 2280; x_wconf 90' lang='lat' dir='ltr'>patebit,</span> <span class='ocrx_word' id='word_1_183' title='bbox 1235 2223 1294 2266; x_wconf 90' lang='lat' dir='ltr'>non</span> <span class='ocrx_word' id='word_1_184' title='bbox 1314 2223 1382 2268; x_wconf 90' lang='lat' dir='ltr'>esse</span> <span class='ocrx_word' id='word_1_185' title='bbox 1402 2204 1489 2268; x_wconf 90' lang='lat' dir='ltr'>nobis</span> <span class='ocrx_word' id='word_1_186' title='bbox 1511 2221 1636 2266; x_wconf 90' lang='lat' dir='ltr'>necesse</span> 
     </span>
     <span class='ocr_line' id='line_1_21' title="bbox 288 2287 1341 2374; baseline 0 -19"><span class='ocrx_word' id='word_1_187' title='bbox 288 2293 352 2355; x_wconf 88' lang='lat' dir='ltr'>tale</span> <span class='ocrx_word' id='word_1_188' title='bbox 375 2291 527 2373; x_wconf 87' lang='lat' dir='ltr'>quippiam</span> <span class='ocrx_word' id='word_1_189' title='bbox 550 2289 728 2367; x_wconf 84' lang='lat' dir='ltr'>confingere,</span> <span class='ocrx_word' id='word_1_190' title='bbox 753 2307 818 2350; x_wconf 89' lang='lat' dir='ltr'>cum</span> <span class='ocrx_word' id='word_1_191' title='bbox 842 2287 989 2349; x_wconf 89' lang='lat' dir='ltr'>sufficiant</span> <span class='ocrx_word' id='word_1_192' title='bbox 1012 2288 1070 2350; x_wconf 91' lang='lat' dir='ltr'>duo</span> <span class='ocrx_word' id='word_1_193' title='bbox 1093 2287 1154 2351; x_wconf 88' lang='lat' dir='ltr'>ista</span> <span class='ocrx_word' id='word_1_194' title='bbox 1177 2292 1234 2354; x_wconf 91' lang='lat' dir='ltr'>sibi</span> <span class='ocrx_word' id='word_1_195' title='bbox 1257 2293 1341 2374; x_wconf 91' lang='lat' dir='ltr'>ipsis.</span> 
     </span>
    </p>

    <p class='ocr_par' dir='ltr' id='par_1_5' title="bbox 289 2378 1644 3256">
     <span class='ocr_line' id='line_1_22' title="bbox 376 2378 1638 2459; baseline 0 -18"><span class='ocrx_word' id='word_1_196' title='bbox 376 2382 471 2443; x_wconf 91' lang='lat' dir='ltr'>Porro</span> <span class='ocrx_word' id='word_1_197' title='bbox 495 2397 589 2459; x_wconf 88' lang='lat' dir='ltr'>neque</span> <span class='ocrx_word' id='word_1_198' title='bbox 613 2385 661 2438; x_wconf 89' lang='lat' dir='ltr'>est</span> <span class='ocrx_word' id='word_1_199' title='bbox 682 2385 806 2438; x_wconf 90' lang='lat' dir='ltr'>naturae</span> <span class='ocrx_word' id='word_1_200' title='bbox 830 2383 1071 2450; x_wconf 86' lang='lat' dir='ltr'>consentaneum,</span> <span class='ocrx_word' id='word_1_201' title='bbox 1095 2378 1301 2443; x_wconf 85' lang='lat' dir='ltr'>fortitudinem</span> <span class='ocrx_word' id='word_1_202' title='bbox 1324 2383 1374 2445; x_wconf 90' lang='lat' dir='ltr'>vel</span> <span class='ocrx_word' id='word_1_203' title='bbox 1396 2379 1585 2445; x_wconf 82' lang='lat' dir='ltr'>debilitatem</span> <span class='ocrx_word' id='word_1_204' title='bbox 1607 2379 1638 2442; x_wconf 93' lang='lat' dir='ltr'>in</span> 
     </span>
     <span class='ocr_line' id='line_1_23' title="bbox 290 2463 1637 2547; baseline -0.001 -14"><span class='ocrx_word' id='word_1_205' title='bbox 290 2477 372 2534; x_wconf 88' lang='lat' dir='ltr'>motu</span> <span class='ocrx_word' id='word_1_206' title='bbox 395 2465 591 2547; x_wconf 85' lang='lat' dir='ltr'>longitudinis</span> <span class='ocrx_word' id='word_1_207' title='bbox 614 2483 681 2526; x_wconf 88' lang='lat' dir='ltr'>esse</span> <span class='ocrx_word' id='word_1_208' title='bbox 696 2483 817 2527; x_wconf 85' lang='lat' dir='ltr'>eausam</span> <span class='ocrx_word' id='word_1_209' title='bbox 834 2463 996 2526; x_wconf 82' lang='lat' dir='ltr'>distantiae</span> <span class='ocrx_word' id='word_1_210' title='bbox 1020 2485 1038 2526; x_wconf 89' lang='lat' dir='ltr'>a</span> <span class='ocrx_word' id='word_1_211' title='bbox 1061 2473 1172 2530; x_wconf 89' lang='lat' dir='ltr'>centro.</span> <span class='ocrx_word' id='word_1_212' title='bbox 1210 2471 1365 2534; x_wconf 86' lang='lat' dir='ltr'>Distantia</span> <span class='ocrx_word' id='word_1_213' title='bbox 1388 2473 1468 2534; x_wconf 90' lang='lat' dir='ltr'>enim</span> <span class='ocrx_word' id='word_1_214' title='bbox 1491 2492 1511 2532; x_wconf 90' lang='lat' dir='ltr'>a</span> <span class='ocrx_word' id='word_1_215' title='bbox 1534 2477 1637 2532; x_wconf 89' lang='lat' dir='ltr'>centro</span> 
     </span>
     <span class='ocr_line' id='line_1_24' title="bbox 289 2552 1638 2642; baseline -0.001 -21"><span class='ocrx_word' id='word_1_216' title='bbox 289 2556 371 2641; x_wconf 74' lang='lat' dir='ltr'>prio&#39;r</span> <span class='ocrx_word' id='word_1_217' title='bbox 394 2563 442 2617; x_wconf 91' lang='lat' dir='ltr'>est</span> <span class='ocrx_word' id='word_1_218' title='bbox 464 2552 646 2634; x_wconf 81' lang='lat' dir='ltr'>cogitatione</span> <span class='ocrx_word' id='word_1_219' title='bbox 670 2563 701 2615; x_wconf 88' lang='lat' dir='ltr'>et</span> <span class='ocrx_word' id='word_1_220' title='bbox 722 2561 830 2616; x_wconf 89' lang='lat' dir='ltr'>natura</span> <span class='ocrx_word' id='word_1_221' title='bbox 853 2573 941 2634; x_wconf 88' lang='lat' dir='ltr'>quam</span> <span class='ocrx_word' id='word_1_222' title='bbox 963 2560 1062 2616; x_wconf 90' lang='lat' dir='ltr'>motus</span> <span class='ocrx_word' id='word_1_223' title='bbox 1085 2555 1114 2616; x_wconf 92' lang='lat' dir='ltr'>in</span> <span class='ocrx_word' id='word_1_224' title='bbox 1137 2557 1268 2639; x_wconf 89' lang='lat' dir='ltr'>longum.</span> <span class='ocrx_word' id='word_1_225' title='bbox 1314 2561 1463 2642; x_wconf 86' lang='lat' dir='ltr'>Equidem</span> <span class='ocrx_word' id='word_1_226' title='bbox 1484 2567 1583 2622; x_wconf 89' lang='lat' dir='ltr'>motus</span> <span class='ocrx_word' id='word_1_227' title='bbox 1606 2558 1638 2619; x_wconf 92' lang='lat' dir='ltr'>in</span> 
     </span>
     <span class='ocr_line' id='line_1_25' title="bbox 291 2642 1638 2731; baseline -0.001 -22"><span class='ocrx_word' id='word_1_228' title='bbox 291 2649 411 2728; x_wconf 90' lang='lat' dir='ltr'>longum</span> <span class='ocrx_word' id='word_1_229' title='bbox 433 2661 581 2725; x_wconf 85' lang='lat' dir='ltr'>nunqnam</span> <span class='ocrx_word' id='word_1_230' title='bbox 606 2650 654 2704; x_wconf 89' lang='lat' dir='ltr'>est</span> <span class='ocrx_word' id='word_1_231' title='bbox 676 2643 752 2704; x_wconf 89' lang='lat' dir='ltr'>citra</span> <span class='ocrx_word' id='word_1_232' title='bbox 775 2642 950 2704; x_wconf 84' lang='lat' dir='ltr'>distantiam</span> <span class='ocrx_word' id='word_1_233' title='bbox 972 2663 993 2703; x_wconf 90' lang='lat' dir='ltr'>a</span> <span class='ocrx_word' id='word_1_234' title='bbox 1015 2652 1135 2722; x_wconf 87' lang='lat' dir='ltr'>centro,</span> <span class='ocrx_word' id='word_1_235' title='bbox 1168 2667 1235 2710; x_wconf 89' lang='lat' dir='ltr'>curn</span> <span class='ocrx_word' id='word_1_236' title='bbox 1264 2650 1396 2731; x_wconf 87' lang='lat' dir='ltr'>requirat</span> <span class='ocrx_word' id='word_1_237' title='bbox 1424 2649 1573 2729; x_wconf 90' lang='lat' dir='ltr'>spatium,</span> <span class='ocrx_word' id='word_1_238' title='bbox 1606 2645 1638 2708; x_wconf 92' lang='lat' dir='ltr'>in</span> 
     </span>
     <span class='ocr_line' id='line_1_26' title="bbox 291 2731 1637 2820; baseline -0.002 -20"><span class='ocrx_word' id='word_1_239' title='bbox 291 2755 348 2819; x_wconf 90' lang='lat' dir='ltr'>quo</span> <span class='ocrx_word' id='word_1_240' title='bbox 371 2733 559 2797; x_wconf 87' lang='lat' dir='ltr'>conficiatur:</span> <span class='ocrx_word' id='word_1_241' title='bbox 593 2731 739 2794; x_wconf 86' lang='lat' dir='ltr'>distantia</span> <span class='ocrx_word' id='word_1_242' title='bbox 765 2750 837 2794; x_wconf 86' lang='lat' dir='ltr'>vero</span> <span class='ocrx_word' id='word_1_243' title='bbox 866 2751 885 2792; x_wconf 93' lang='lat' dir='ltr'>a</span> <span class='ocrx_word' id='word_1_244' title='bbox 913 2738 1015 2794; x_wconf 89' lang='lat' dir='ltr'>centro</span> <span class='ocrx_word' id='word_1_245' title='bbox 1045 2732 1122 2795; x_wconf 87' lang='lat' dir='ltr'>citra</span> <span class='ocrx_word' id='word_1_246' title='bbox 1143 2745 1262 2800; x_wconf 86' lang='lat' dir='ltr'>motum</span> <span class='ocrx_word' id='word_1_247' title='bbox 1294 2739 1365 2820; x_wconf 89' lang='lat' dir='ltr'>fingi</span> <span class='ocrx_word' id='word_1_248' title='bbox 1396 2745 1507 2820; x_wconf 89' lang='lat' dir='ltr'>potest.</span> <span class='ocrx_word' id='word_1_249' title='bbox 1554 2737 1637 2816; x_wconf 82' lang='lat' dir='ltr'>Ergo</span> 
     </span>
     <span class='ocr_line' id='line_1_27' title="bbox 292 2819 1643 2909; baseline 0 -22"><span class='ocrx_word' id='word_1_250' title='bbox 292 2823 438 2908; x_wconf 85' lang='lat' dir='ltr'>distantia</span> <span class='ocrx_word' id='word_1_251' title='bbox 461 2823 518 2884; x_wconf 89' lang='lat' dir='ltr'>erit</span> <span class='ocrx_word' id='word_1_252' title='bbox 536 2841 630 2883; x_wconf 86' lang='lat' dir='ltr'>eausa</span> <span class='ocrx_word' id='word_1_253' title='bbox 650 2819 764 2900; x_wconf 85' lang='lat' dir='ltr'>vigoris</span> <span class='ocrx_word' id='word_1_254' title='bbox 788 2820 819 2882; x_wconf 89' lang='lat' dir='ltr'>in</span> <span class='ocrx_word' id='word_1_255' title='bbox 842 2827 938 2895; x_wconf 89' lang='lat' dir='ltr'>motu,</span> <span class='ocrx_word' id='word_1_256' title='bbox 970 2827 1001 2882; x_wconf 94' lang='lat' dir='ltr'>et</span> <span class='ocrx_word' id='word_1_257' title='bbox 1022 2823 1119 2902; x_wconf 90' lang='lat' dir='ltr'>major</span> <span class='ocrx_word' id='word_1_258' title='bbox 1146 2826 1299 2909; x_wconf 89' lang='lat' dir='ltr'>minorque</span> <span class='ocrx_word' id='word_1_259' title='bbox 1330 2827 1477 2890; x_wconf 88' lang='lat' dir='ltr'>distantia</span> <span class='ocrx_word' id='word_1_260' title='bbox 1517 2826 1643 2906; x_wconf 87' lang='lat' dir='ltr'>majoris</span> 
     </span>
     <span class='ocr_line' id='line_1_28' title="bbox 292 2909 1643 2999; baseline -0.001 -22"><span class='ocrx_word' id='word_1_261' title='bbox 292 2913 473 2993; x_wconf 90' lang='lat' dir='ltr'>minorisque</span> <span class='ocrx_word' id='word_1_262' title='bbox 502 2929 612 2973; x_wconf 87' lang='lat' dir='ltr'>morae.</span> <span class='ocrx_word' id='word_1_263' title='bbox 658 2911 789 2972; x_wconf 85' lang='lat' dir='ltr'>Etcum</span> <span class='ocrx_word' id='word_1_264' title='bbox 812 2909 957 2971; x_wconf 86' lang='lat' dir='ltr'>distantia</span> <span class='ocrx_word' id='word_1_265' title='bbox 985 2909 1024 2971; x_wconf 85' lang='lat' dir='ltr'>eit</span> <span class='ocrx_word' id='word_1_266' title='bbox 1054 2929 1091 2972; x_wconf 83' lang='lat' dir='ltr'>ex</span> <span class='ocrx_word' id='word_1_267' title='bbox 1119 2914 1280 2978; x_wconf 84' lang='lat' dir='ltr'>relatorum</span> <span class='ocrx_word' id='word_1_268' title='bbox 1304 2931 1430 2999; x_wconf 84' lang='lat' dir='ltr'>genere,</span> <span class='ocrx_word' id='word_1_269' title='bbox 1463 2916 1549 2996; x_wconf 87' lang='lat' dir='ltr'>eujus</span> <span class='ocrx_word' id='word_1_270' title='bbox 1574 2933 1643 2976; x_wconf 90' lang='lat' dir='ltr'>esse</span> 
     </span>
     <span class='ocr_line' id='line_1_29' title="bbox 293 2997 1643 3086; baseline -0.001 -19"><span class='ocrx_word' id='word_1_271' title='bbox 293 3003 400 3068; x_wconf 91' lang='lat' dir='ltr'>recidit</span> <span class='ocrx_word' id='word_1_272' title='bbox 429 3001 459 3064; x_wconf 90' lang='lat' dir='ltr'>in</span> <span class='ocrx_word' id='word_1_273' title='bbox 489 2999 647 3074; x_wconf 88' lang='lat' dir='ltr'>terminos,</span> <span class='ocrx_word' id='word_1_274' title='bbox 680 2997 835 3060; x_wconf 91' lang='lat' dir='ltr'>relationis</span> <span class='ocrx_word' id='word_1_275' title='bbox 858 3017 928 3060; x_wconf 92' lang='lat' dir='ltr'>vero</span> <span class='ocrx_word' id='word_1_276' title='bbox 956 3017 1010 3078; x_wconf 95' lang='lat' dir='ltr'>per</span> <span class='ocrx_word' id='word_1_277' title='bbox 1033 3019 1100 3062; x_wconf 88' lang='lat' dir='ltr'>sese</span> <span class='ocrx_word' id='word_1_278' title='bbox 1124 3003 1216 3076; x_wconf 90' lang='lat' dir='ltr'>(citra</span> <span class='ocrx_word' id='word_1_279' title='bbox 1238 3007 1432 3070; x_wconf 89' lang='lat' dir='ltr'>terminorum</span> <span class='ocrx_word' id='word_1_280' title='bbox 1455 3005 1643 3086; x_wconf 91' lang='lat' dir='ltr'>respectum)</span> 
     </span>
     <span class='ocr_line' id='line_1_30' title="bbox 293 3086 1644 3175; baseline -0.001 -20"><span class='ocrx_word' id='word_1_281' title='bbox 293 3098 421 3175; x_wconf 86' lang='lat' dir='ltr'>nequeat</span> <span class='ocrx_word' id='word_1_282' title='bbox 443 3109 511 3154; x_wconf 87' lang='lat' dir='ltr'>esse</span> <span class='ocrx_word' id='word_1_283' title='bbox 535 3089 598 3150; x_wconf 91' lang='lat' dir='ltr'>ulla</span> <span class='ocrx_word' id='word_1_284' title='bbox 620 3087 793 3150; x_wconf 87' lang='lat' dir='ltr'>efficientia:</span> <span class='ocrx_word' id='word_1_285' title='bbox 826 3086 959 3169; x_wconf 88' lang='lat' dir='ltr'>sequitur</span> <span class='ocrx_word' id='word_1_286' title='bbox 982 3087 1088 3167; x_wconf 91' lang='lat' dir='ltr'>igitur,</span> <span class='ocrx_word' id='word_1_287' title='bbox 1113 3093 1192 3172; x_wconf 91' lang='lat' dir='ltr'>quod</span> <span class='ocrx_word' id='word_1_288' title='bbox 1215 3094 1326 3158; x_wconf 89' lang='lat' dir='ltr'>dictum</span> <span class='ocrx_word' id='word_1_289' title='bbox 1349 3103 1411 3172; x_wconf 89' lang='lat' dir='ltr'>est,</span> <span class='ocrx_word' id='word_1_290' title='bbox 1440 3095 1472 3156; x_wconf 91' lang='lat' dir='ltr'>in</span> <span class='ocrx_word' id='word_1_291' title='bbox 1495 3094 1644 3156; x_wconf 91' lang='lat' dir='ltr'>alterutro</span> 
     </span>
     <span class='ocr_line' id='line_1_31' title="bbox 292 3176 1248 3256; baseline -0.002 -10"><span class='ocrx_word' id='word_1_292' title='bbox 292 3181 485 3246; x_wconf 86' lang='lat' dir='ltr'>terminorum</span> <span class='ocrx_word' id='word_1_293' title='bbox 506 3180 631 3241; x_wconf 88' lang='lat' dir='ltr'>haerere</span> <span class='ocrx_word' id='word_1_294' title='bbox 654 3195 776 3240; x_wconf 86' lang='lat' dir='ltr'>cansam</span> <span class='ocrx_word' id='word_1_295' title='bbox 798 3176 946 3238; x_wconf 88' lang='lat' dir='ltr'>variantis</span> <span class='ocrx_word' id='word_1_296' title='bbox 969 3177 1082 3256; x_wconf 85' lang='lat' dir='ltr'>vigoris</span> <span class='ocrx_word' id='word_1_297' title='bbox 1105 3180 1135 3241; x_wconf 92' lang='lat' dir='ltr'>in</span> <span class='ocrx_word' id='word_1_298' title='bbox 1158 3189 1248 3244; x_wconf 90' lang='lat' dir='ltr'>motu.</span> 
     </span>
    </p>

    <p class='ocr_par' dir='ltr' id='par_1_6' title="bbox 295 3265 1643 3886">
     <span class='ocr_line' id='line_1_32' title="bbox 382 3265 1642 3353; baseline -0.001 -20"><span class='ocrx_word' id='word_1_299' title='bbox 382 3269 500 3349; x_wconf 76' lang='lat' dir='ltr'>(lorpes</span> <span class='ocrx_word' id='word_1_300' title='bbox 513 3285 585 3329; x_wconf 90' lang='lat' dir='ltr'>vero</span> <span class='ocrx_word' id='word_1_301' title='bbox 600 3267 740 3348; x_wconf 88' lang='lat' dir='ltr'>planetae</span> <span class='ocrx_word' id='word_1_302' title='bbox 764 3284 797 3327; x_wconf 88' lang='lat' dir='ltr'>se</span> <span class='ocrx_word' id='word_1_303' title='bbox 815 3265 881 3346; x_wconf 89' lang='lat' dir='ltr'>ipso</span> <span class='ocrx_word' id='word_1_304' title='bbox 897 3283 992 3346; x_wconf 88' lang='lat' dir='ltr'>neque</span> <span class='ocrx_word' id='word_1_305' title='bbox 1007 3268 1128 3344; x_wconf 85' lang='lat' dir='ltr'>gravius</span> <span class='ocrx_word' id='word_1_306' title='bbox 1143 3269 1279 3334; x_wconf 89' lang='lat' dir='ltr'>discessu</span> <span class='ocrx_word' id='word_1_307' title='bbox 1302 3290 1396 3353; x_wconf 90' lang='lat' dir='ltr'>neque</span> <span class='ocrx_word' id='word_1_308' title='bbox 1410 3271 1510 3334; x_wconf 87' lang='lat' dir='ltr'>levius</span> <span class='ocrx_word' id='word_1_309' title='bbox 1528 3289 1642 3351; x_wconf 89' lang='lat' dir='ltr'>appro-</span> 
     </span>
     <span class='ocr_line' id='line_1_33' title="bbox 295 3354 1643 3442; baseline -0.001 -20"><span class='ocrx_word' id='word_1_310' title='bbox 295 3357 464 3442; x_wconf 88' lang='lat' dir='ltr'>pinquando</span> <span class='ocrx_word' id='word_1_311' title='bbox 481 3357 613 3419; x_wconf 88' lang='lat' dir='ltr'>efficitur.</span> <span class='ocrx_word' id='word_1_312' title='bbox 652 3355 823 3418; x_wconf 85' lang='lat' dir='ltr'>Animalem</span> <span class='ocrx_word' id='word_1_313' title='bbox 838 3372 951 3435; x_wconf 91' lang='lat' dir='ltr'>quoque</span> <span class='ocrx_word' id='word_1_314' title='bbox 967 3354 1037 3429; x_wconf 89' lang='lat' dir='ltr'>vim,</span> <span class='ocrx_word' id='word_1_315' title='bbox 1061 3375 1136 3437; x_wconf 89' lang='lat' dir='ltr'>quae</span> <span class='ocrx_word' id='word_1_316' title='bbox 1151 3367 1264 3422; x_wconf 90' lang='lat' dir='ltr'>motum</span> <span class='ocrx_word' id='word_1_317' title='bbox 1280 3359 1371 3422; x_wconf 90' lang='lat' dir='ltr'>sideri</span> <span class='ocrx_word' id='word_1_318' title='bbox 1395 3359 1513 3435; x_wconf 74' lang='lat' dir='ltr'>inferar,</span> <span class='ocrx_word' id='word_1_319' title='bbox 1532 3360 1643 3421; x_wconf 90' lang='lat' dir='ltr'>seden-</span> 
     </span>
     <span class='ocr_line' id='line_1_34' title="bbox 295 3443 1642 3529; baseline 0 -19"><span class='ocrx_word' id='word_1_320' title='bbox 295 3457 357 3511; x_wconf 90' lang='lat' dir='ltr'>tem</span> <span class='ocrx_word' id='word_1_321' title='bbox 379 3448 410 3508; x_wconf 91' lang='lat' dir='ltr'>in</span> <span class='ocrx_word' id='word_1_322' title='bbox 433 3445 536 3508; x_wconf 86' lang='lat' dir='ltr'>mobili</span> <span class='ocrx_word' id='word_1_323' title='bbox 558 3444 699 3525; x_wconf 89' lang='lat' dir='ltr'>planetae</span> <span class='ocrx_word' id='word_1_324' title='bbox 723 3461 862 3523; x_wconf 90' lang='lat' dir='ltr'>corpore,</span> <span class='ocrx_word' id='word_1_325' title='bbox 894 3443 985 3504; x_wconf 88' lang='lat' dir='ltr'>toties</span> <span class='ocrx_word' id='word_1_326' title='bbox 1009 3443 1121 3506; x_wconf 92' lang='lat' dir='ltr'>intendi</span> <span class='ocrx_word' id='word_1_327' title='bbox 1143 3455 1175 3510; x_wconf 93' lang='lat' dir='ltr'>et</span> <span class='ocrx_word' id='word_1_328' title='bbox 1196 3449 1309 3512; x_wconf 88' lang='lat' dir='ltr'>remitti</span> <span class='ocrx_word' id='word_1_329' title='bbox 1333 3451 1409 3512; x_wconf 90' lang='lat' dir='ltr'>citra</span> <span class='ocrx_word' id='word_1_330' title='bbox 1433 3448 1642 3529; x_wconf 88' lang='lat' dir='ltr'>fatigationem</span> 
     </span>
     <span class='ocr_line' id='line_1_35' title="bbox 296 3531 1642 3620; baseline -0.001 -19"><span class='ocrx_word' id='word_1_331' title='bbox 296 3547 328 3601; x_wconf 89' lang='lat' dir='ltr'>et</span> <span class='ocrx_word' id='word_1_332' title='bbox 350 3536 473 3610; x_wconf 87' lang='lat' dir='ltr'>senium,</span> <span class='ocrx_word' id='word_1_333' title='bbox 496 3534 528 3595; x_wconf 94' lang='lat' dir='ltr'>id</span> <span class='ocrx_word' id='word_1_334' title='bbox 549 3534 653 3595; x_wconf 84' lang='lat' dir='ltr'>forsan</span> <span class='ocrx_word' id='word_1_335' title='bbox 668 3532 727 3596; x_wconf 91' lang='lat' dir='ltr'>erit</span> <span class='ocrx_word' id='word_1_336' title='bbox 749 3532 909 3595; x_wconf 87' lang='lat' dir='ltr'>absurdum</span> <span class='ocrx_word' id='word_1_337' title='bbox 923 3531 1014 3593; x_wconf 88' lang='lat' dir='ltr'>dictu.</span> <span class='ocrx_word' id='word_1_338' title='bbox 1051 3535 1149 3612; x_wconf 90' lang='lat' dir='ltr'>Adde,</span> <span class='ocrx_word' id='word_1_339' title='bbox 1173 3538 1252 3619; x_wconf 91' lang='lat' dir='ltr'>quod</span> <span class='ocrx_word' id='word_1_340' title='bbox 1274 3539 1404 3619; x_wconf 92' lang='lat' dir='ltr'>intelligi</span> <span class='ocrx_word' id='word_1_341' title='bbox 1426 3537 1539 3619; x_wconf 91' lang='lat' dir='ltr'>nequit,</span> <span class='ocrx_word' id='word_1_342' title='bbox 1565 3557 1642 3620; x_wconf 89' lang='lat' dir='ltr'>quo-</span> 
     </span>
     <span class='ocr_line' id='line_1_36' title="bbox 297 3621 1642 3704; baseline -0.001 -14"><span class='ocrx_word' id='word_1_343' title='bbox 297 3627 385 3690; x_wconf 90' lang='lat' dir='ltr'>modo</span> <span class='ocrx_word' id='word_1_344' title='bbox 411 3624 459 3685; x_wconf 88' lang='lat' dir='ltr'>vis</span> <span class='ocrx_word' id='word_1_345' title='bbox 487 3623 562 3684; x_wconf 88' lang='lat' dir='ltr'>haee</span> <span class='ocrx_word' id='word_1_346' title='bbox 592 3621 730 3684; x_wconf 91' lang='lat' dir='ltr'>animalis</span> <span class='ocrx_word' id='word_1_347' title='bbox 753 3639 861 3700; x_wconf 88' lang='lat' dir='ltr'>corpus</span> <span class='ocrx_word' id='word_1_348' title='bbox 890 3639 973 3682; x_wconf 90' lang='lat' dir='ltr'>suum</span> <span class='ocrx_word' id='word_1_349' title='bbox 1004 3637 1057 3700; x_wconf 86' lang='lat' dir='ltr'>per</span> <span class='ocrx_word' id='word_1_350' title='bbox 1090 3626 1188 3704; x_wconf 88' lang='lat' dir='ltr'>spatia</span> <span class='ocrx_word' id='word_1_351' title='bbox 1211 3629 1311 3690; x_wconf 91' lang='lat' dir='ltr'>mnndi</span> <span class='ocrx_word' id='word_1_352' title='bbox 1341 3633 1541 3702; x_wconf 84' lang='lat' dir='ltr'>transvectet,</span> <span class='ocrx_word' id='word_1_353' title='bbox 1574 3643 1642 3688; x_wconf 93' lang='lat' dir='ltr'>cnm</span> 
     </span>
     <span class='ocr_line' id='line_1_37' title="bbox 297 3708 1641 3796; baseline -0.001 -17"><span class='ocrx_word' id='word_1_354' title='bbox 297 3715 372 3779; x_wconf 89' lang='lat' dir='ltr'>nulli</span> <span class='ocrx_word' id='word_1_355' title='bbox 399 3711 460 3776; x_wconf 90' lang='lat' dir='ltr'>sint</span> <span class='ocrx_word' id='word_1_356' title='bbox 488 3710 576 3772; x_wconf 90' lang='lat' dir='ltr'>orbes</span> <span class='ocrx_word' id='word_1_357' title='bbox 600 3710 704 3787; x_wconf 89' lang='lat' dir='ltr'>solidi,</span> <span class='ocrx_word' id='word_1_358' title='bbox 737 3717 771 3772; x_wconf 95' lang='lat' dir='ltr'>ut</span> <span class='ocrx_word' id='word_1_359' title='bbox 792 3709 894 3791; x_wconf 87' lang='lat' dir='ltr'>Tyeho</span> <span class='ocrx_word' id='word_1_360' title='bbox 918 3708 1019 3770; x_wconf 90' lang='lat' dir='ltr'>Brahe</span> <span class='ocrx_word' id='word_1_361' title='bbox 1046 3711 1276 3778; x_wconf 88' lang='lat' dir='ltr'>demonstravit:</span> <span class='ocrx_word' id='word_1_362' title='bbox 1312 3717 1365 3780; x_wconf 89' lang='lat' dir='ltr'>sed</span> <span class='ocrx_word' id='word_1_363' title='bbox 1396 3733 1491 3796; x_wconf 88' lang='lat' dir='ltr'>neque</span> <span class='ocrx_word' id='word_1_364' title='bbox 1525 3715 1641 3778; x_wconf 89' lang='lat' dir='ltr'>alarum</span> 
     </span>
     <span class='ocr_line' id='line_1_38' title="bbox 299 3798 1640 3886; baseline -0.003 -17"><span class='ocrx_word' id='word_1_365' title='bbox 299 3814 352 3870; x_wconf 89' lang='lat' dir='ltr'>aut</span> <span class='ocrx_word' id='word_1_366' title='bbox 371 3801 479 3886; x_wconf 90' lang='lat' dir='ltr'>pedum</span> <span class='ocrx_word' id='word_1_367' title='bbox 502 3798 682 3862; x_wconf 84' lang='lat' dir='ltr'>adminicula</span> <span class='ocrx_word' id='word_1_368' title='bbox 704 3799 805 3862; x_wconf 86' lang='lat' dir='ltr'>adsint</span> <span class='ocrx_word' id='word_1_369' title='bbox 827 3798 954 3859; x_wconf 89' lang='lat' dir='ltr'>rotundo</span> <span class='ocrx_word' id='word_1_370' title='bbox 978 3801 1104 3880; x_wconf 89' lang='lat' dir='ltr'>corpori,</span> <span class='ocrx_word' id='word_1_371' title='bbox 1128 3823 1251 3885; x_wconf 91' lang='lat' dir='ltr'>qnorum</span> <span class='ocrx_word' id='word_1_372' title='bbox 1274 3804 1435 3869; x_wconf 90' lang='lat' dir='ltr'>motatione</span> <span class='ocrx_word' id='word_1_373' title='bbox 1459 3804 1558 3867; x_wconf 89' lang='lat' dir='ltr'>anima</span> <span class='ocrx_word' id='word_1_374' title='bbox 1581 3803 1640 3866; x_wconf 89' lang='lat' dir='ltr'>hoc</span> 
     </span>
    </p>
   </div>
   <div class='ocr_carea' id='block_1_4' title="bbox 300 3879 1763 3975">
    <p class='ocr_par' dir='ltr' id='par_1_7' title="bbox 300 3879 1763 3975">
     <span class='ocr_line' id='line_1_39' title="bbox 300 3879 1763 3975; baseline -0.002 -17"><span class='ocrx_word' id='word_1_375' title='bbox 300 3913 385 3959; x_wconf 88' lang='lat' dir='ltr'>sunm</span> <span class='ocrx_word' id='word_1_376' title='bbox 407 3909 515 3972; x_wconf 90' lang='lat' dir='ltr'>corpus</span> <span class='ocrx_word' id='word_1_377' title='bbox 536 3907 591 3969; x_wconf 90' lang='lat' dir='ltr'>per</span> <span class='ocrx_word' id='word_1_378' title='bbox 619 3907 722 3951; x_wconf 89' lang='lat' dir='ltr'>auram</span> <span class='ocrx_word' id='word_1_379' title='bbox 745 3887 930 3959; x_wconf 88' lang='lat' dir='ltr'>aetheream,</span> <span class='ocrx_word' id='word_1_380' title='bbox 963 3903 1016 3948; x_wconf 91' lang='lat' dir='ltr'>eeu</span> <span class='ocrx_word' id='word_1_381' title='bbox 1039 3908 1112 3953; x_wconf 85' lang='lat' dir='ltr'>aves</span> <span class='ocrx_word' id='word_1_382' title='bbox 1134 3912 1189 3973; x_wconf 88' lang='lat' dir='ltr'>per</span> <span class='ocrx_word' id='word_1_383' title='bbox 1211 3903 1325 3971; x_wconf 73' lang='lat' dir='ltr'>adrem,</span> <span class='ocrx_word' id='word_1_384' title='bbox 1358 3894 1424 3956; x_wconf 91' lang='lat' dir='ltr'>nisu</span> <span class='ocrx_word' id='word_1_385' title='bbox 1456 3894 1584 3975; x_wconf 90' lang='lat' dir='ltr'>quodam</span> <span class='ocrx_word' id='word_1_386' title='bbox 1609 3899 1640 3955; x_wconf 91' lang='lat' dir='ltr'>et</span> <span class='ocrx_word' id='word_1_387' title='bbox 1759 3879 1763 3894; x_wconf 59' lang='lat'><strong>¹</strong></span> 
     </span>
    </p>
   </div>
   <div class='ocr_carea' id='block_1_5' title="bbox 259 3978 1715 4868">
    <p class='ocr_par' dir='ltr' id='par_1_8' title="bbox 301 3978 906 4057">
     <span class='ocr_line' id='line_1_40' title="bbox 301 3978 906 4057; baseline -0.021 -8"><span class='ocrx_word' id='word_1_388' title='bbox 301 3981 471 4048; x_wconf 87' lang='lat' dir='ltr'>contranisu</span> <span class='ocrx_word' id='word_1_389' title='bbox 494 3978 576 4041; x_wconf 91' lang='lat' dir='ltr'>illius</span> <span class='ocrx_word' id='word_1_390' title='bbox 599 3996 689 4039; x_wconf 90' lang='lat' dir='ltr'>aurae</span> <span class='ocrx_word' id='word_1_391' title='bbox 712 3983 906 4057; x_wconf 75' lang='lat' dir='ltr'>menaportet.</span> 
     </span>
    </p>

    <p class='ocr_par' dir='ltr' id='par_1_9' title="bbox 301 4065 1644 4334">
     <span class='ocr_line' id='line_1_41' title="bbox 387 4065 1644 4151; baseline -0.002 -16"><span class='ocrx_word' id='word_1_392' title='bbox 387 4068 579 4151; x_wconf 86' lang='lat' dir='ltr'>Relinquitur</span> <span class='ocrx_word' id='word_1_393' title='bbox 600 4066 706 4146; x_wconf 90' lang='lat' dir='ltr'>igitur,</span> <span class='ocrx_word' id='word_1_394' title='bbox 735 4073 770 4128; x_wconf 94' lang='lat' dir='ltr'>ut</span> <span class='ocrx_word' id='word_1_395' title='bbox 791 4085 884 4126; x_wconf 89' lang='lat' dir='ltr'>causa</span> <span class='ocrx_word' id='word_1_396' title='bbox 905 4065 995 4145; x_wconf 87' lang='lat' dir='ltr'>hujus</span> <span class='ocrx_word' id='word_1_397' title='bbox 1018 4066 1232 4133; x_wconf 88' lang='lat' dir='ltr'>debilitationis</span> <span class='ocrx_word' id='word_1_398' title='bbox 1256 4080 1287 4133; x_wconf 90' lang='lat' dir='ltr'>et</span> <span class='ocrx_word' id='word_1_399' title='bbox 1308 4069 1486 4134; x_wconf 90' lang='lat' dir='ltr'>intensionis</span> <span class='ocrx_word' id='word_1_400' title='bbox 1509 4069 1644 4134; x_wconf 85' lang='lat' dir='ltr'>resideat</span> 
     </span>
     <span class='ocr_line' id='line_1_42' title="bbox 301 4153 1643 4241; baseline -0.007 -13"><span class='ocrx_word' id='word_1_401' title='bbox 301 4164 332 4228; x_wconf 90' lang='lat' dir='ltr'>in</span> <span class='ocrx_word' id='word_1_402' title='bbox 354 4161 481 4226; x_wconf 88' lang='lat' dir='ltr'>termino</span> <span class='ocrx_word' id='word_1_403' title='bbox 504 4159 615 4231; x_wconf 57' lang='lat' dir='ltr'>altera</span> <span class='ocrx_word' id='word_1_404' title='bbox 647 4155 764 4218; x_wconf 89' lang='lat' dir='ltr'>scilicet</span> <span class='ocrx_word' id='word_1_405' title='bbox 785 4153 816 4216; x_wconf 93' lang='lat' dir='ltr'>in</span> <span class='ocrx_word' id='word_1_406' title='bbox 838 4153 903 4234; x_wconf 87' lang='lat' dir='ltr'>ipso</span> <span class='ocrx_word' id='word_1_407' title='bbox 928 4163 1074 4237; x_wconf 89' lang='lat' dir='ltr'>suscepto.</span> <span class='ocrx_word' id='word_1_408' title='bbox 1089 4161 1190 4228; x_wconf 90' lang='lat' dir='ltr'>mundi</span> <span class='ocrx_word' id='word_1_409' title='bbox 1214 4169 1333 4239; x_wconf 87' lang='lat' dir='ltr'>centro,</span> <span class='ocrx_word' id='word_1_410' title='bbox 1359 4183 1376 4224; x_wconf 90' lang='lat' dir='ltr'>a</span> <span class='ocrx_word' id='word_1_411' title='bbox 1399 4178 1456 4241; x_wconf 90' lang='lat' dir='ltr'>quo</span> <span class='ocrx_word' id='word_1_412' title='bbox 1481 4159 1643 4223; x_wconf 86' lang='lat' dir='ltr'>distantiae</span> 
     </span>
     <span class='ocr_line' id='line_1_43' title="bbox 302 4257 518 4334; baseline -0.037 -17"><span class='ocrx_word' id='word_1_413' title='bbox 302 4257 518 4334; x_wconf 86' lang='lat' dir='ltr'>computantur.</span> 
     </span>
    </p>

    <p class='ocr_par' dir='ltr' id='par_1_10' title="bbox 259 4331 1715 4868">
     <span class='ocr_line' id='line_1_44' title="bbox 274 4331 1645 4420; baseline -0.009 -15"><span class='ocrx_word' id='word_1_414' title='bbox 274 4367 296 4380; x_wconf 64' lang='lat'>·¹</span> <span class='ocrx_word' id='word_1_415' title='bbox 391 4337 507 4414; x_wconf 81' lang='lat' dir='ltr'>Quodsi</span> <span class='ocrx_word' id='word_1_416' title='bbox 539 4337 640 4416; x_wconf 88' lang='lat' dir='ltr'>itaque</span> <span class='ocrx_word' id='word_1_417' title='bbox 672 4331 823 4412; x_wconf 87' lang='lat' dir='ltr'>elongatio</span> <span class='ocrx_word' id='word_1_418' title='bbox 854 4331 949 4393; x_wconf 89' lang='lat' dir='ltr'>centri</span> <span class='ocrx_word' id='word_1_419' title='bbox 986 4333 1087 4395; x_wconf 91' lang='lat' dir='ltr'>mundi</span> <span class='ocrx_word' id='word_1_420' title='bbox 1120 4355 1139 4396; x_wconf 91' lang='lat' dir='ltr'>a</span> <span class='ocrx_word' id='word_1_421' title='bbox 1170 4355 1292 4418; x_wconf 89' lang='lat' dir='ltr'>corpore</span> <span class='ocrx_word' id='word_1_422' title='bbox 1330 4337 1471 4418; x_wconf 88' lang='lat' dir='ltr'>planetae</span> <span class='ocrx_word' id='word_1_423' title='bbox 1506 4344 1645 4420; x_wconf 79' lang='lat' dir='ltr'>praestat</span> 
     </span>
     <span class='ocr_line' id='line_1_45' title="bbox 302 4420 1644 4515; baseline -0.01 -20"><span class='ocrx_word' id='word_1_424' title='bbox 302 4433 442 4515; x_wconf 85' lang='lat' dir='ltr'>planetae</span> <span class='ocrx_word' id='word_1_425' title='bbox 458 4427 642 4498; x_wconf 83' lang='lat' dir='ltr'>tarditatem,</span> <span class='ocrx_word' id='word_1_426' title='bbox 657 4420 905 4502; x_wconf 89' lang='lat' dir='ltr'>appropinquatio</span> <span class='ocrx_word' id='word_1_427' title='bbox 920 4421 1124 4500; x_wconf 70' lang='lat' dir='ltr'>velocitatem</span> <span class='ocrx_word' id='word_1_428' title='bbox 1149 4426 1216 4489; x_wconf 84' lang='lat' dir='ltr'>fons</span> <span class='ocrx_word' id='word_1_429' title='bbox 1235 4427 1334 4508; x_wconf 88' lang='lat' dir='ltr'>itaque</span> <span class='ocrx_word' id='word_1_430' title='bbox 1361 4427 1482 4489; x_wconf 78' lang='lat' dir='ltr'>virtutis</span> <span class='ocrx_word' id='word_1_431' title='bbox 1508 4425 1644 4489; x_wconf 80' lang='lat' dir='ltr'>matrinis</span> 
     </span>
     <span class='ocr_line' id='line_1_46' title="bbox 275 4499 1644 4597; baseline -0.004 -13"><span class='ocrx_word' id='word_1_432' title='bbox 275 4499 336 4596; x_wconf 68' lang='lat' dir='ltr'>,⁰in</span> <span class='ocrx_word' id='word_1_433' title='bbox 358 4520 410 4584; x_wconf 95' lang='lat' dir='ltr'>illo</span> <span class='ocrx_word' id='word_1_434' title='bbox 435 4522 574 4597; x_wconf 90' lang='lat' dir='ltr'>suscepto</span> <span class='ocrx_word' id='word_1_435' title='bbox 592 4511 693 4576; x_wconf 89' lang='lat' dir='ltr'>mundi</span> <span class='ocrx_word' id='word_1_436' title='bbox 717 4515 819 4571; x_wconf 90' lang='lat' dir='ltr'>centro</span> <span class='ocrx_word' id='word_1_437' title='bbox 841 4507 916 4571; x_wconf 90' lang='lat' dir='ltr'>insit</span> <span class='ocrx_word' id='word_1_438' title='bbox 937 4528 1059 4575; x_wconf 89' lang='lat' dir='ltr'>necesse</span> <span class='ocrx_word' id='word_1_439' title='bbox 1082 4522 1138 4575; x_wconf 88' lang='lat' dir='ltr'>est.</span> <span class='ocrx_word' id='word_1_440' title='bbox 1176 4516 1241 4578; x_wconf 88' lang='lat' dir='ltr'>Hoc</span> <span class='ocrx_word' id='word_1_441' title='bbox 1261 4516 1338 4577; x_wconf 89' lang='lat' dir='ltr'>enim</span> <span class='ocrx_word' id='word_1_442' title='bbox 1360 4516 1460 4596; x_wconf 92' lang='lat' dir='ltr'>posito</span> <span class='ocrx_word' id='word_1_443' title='bbox 1484 4523 1515 4578; x_wconf 88' lang='lat' dir='ltr'>et</span> <span class='ocrx_word' id='word_1_444' title='bbox 1537 4514 1644 4578; x_wconf 90' lang='lat' dir='ltr'>modus</span> 
     </span>
     <span class='ocr_line' id='line_1_47' title="bbox 259 4596 1645 4689; baseline -0.012 -15"><span class='ocrx_word' id='word_1_445' title='bbox 259 4609 264 4624; x_wconf 94' lang='lat'>&#39;</span> <span class='ocrx_word' id='word_1_446' title='bbox 306 4629 415 4673; x_wconf 88' lang='lat' dir='ltr'>causae</span> <span class='ocrx_word' id='word_1_447' title='bbox 437 4605 561 4689; x_wconf 89' lang='lat' dir='ltr'>patebit.</span> <span class='ocrx_word' id='word_1_448' title='bbox 602 4599 799 4680; x_wconf 87' lang='lat' dir='ltr'>Intelligimus</span> <span class='ocrx_word' id='word_1_449' title='bbox 814 4596 892 4659; x_wconf 82' lang='lat' dir='ltr'>enim</span> <span class='ocrx_word' id='word_1_450' title='bbox 914 4599 992 4676; x_wconf 90' lang='lat' dir='ltr'>hinc,</span> <span class='ocrx_word' id='word_1_451' title='bbox 1016 4602 1094 4682; x_wconf 91' lang='lat' dir='ltr'>quod</span> <span class='ocrx_word' id='word_1_452' title='bbox 1116 4603 1255 4683; x_wconf 88' lang='lat' dir='ltr'>planetae</span> <span class='ocrx_word' id='word_1_453' title='bbox 1276 4623 1351 4686; x_wconf 88' lang='lat' dir='ltr'>pene</span> <span class='ocrx_word' id='word_1_454' title='bbox 1374 4603 1491 4667; x_wconf 89' lang='lat' dir='ltr'>ratione</span> <span class='ocrx_word' id='word_1_455' title='bbox 1511 4611 1645 4666; x_wconf 75' lang='lat' dir='ltr'>staterae</span> 
     </span>
     <span class='ocr_line' id='line_1_48' title="bbox 308 4685 1644 4773; baseline -0.006 -11"><span class='ocrx_word' id='word_1_456' title='bbox 308 4719 360 4763; x_wconf 90' lang='lat' dir='ltr'>seu</span> <span class='ocrx_word' id='word_1_457' title='bbox 382 4696 478 4759; x_wconf 87' lang='lat' dir='ltr'>vectis</span> <span class='ocrx_word' id='word_1_458' title='bbox 501 4699 685 4758; x_wconf 86' lang='lat' dir='ltr'>moveantur.</span> <span class='ocrx_word' id='word_1_459' title='bbox 724 4690 803 4752; x_wconf 87' lang='lat' dir='ltr'>Nam</span> <span class='ocrx_word' id='word_1_460' title='bbox 826 4685 853 4748; x_wconf 83' lang='lat' dir='ltr'>si</span> <span class='ocrx_word' id='word_1_461' title='bbox 874 4687 1006 4766; x_wconf 89' lang='lat' dir='ltr'>planeta,</span> <span class='ocrx_word' id='word_1_462' title='bbox 1030 4709 1087 4772; x_wconf 93' lang='lat' dir='ltr'>quo</span> <span class='ocrx_word' id='word_1_463' title='bbox 1110 4692 1227 4773; x_wconf 90' lang='lat' dir='ltr'>longior</span> <span class='ocrx_word' id='word_1_464' title='bbox 1248 4715 1268 4755; x_wconf 90' lang='lat' dir='ltr'>a</span> <span class='ocrx_word' id='word_1_465' title='bbox 1290 4699 1398 4768; x_wconf 88' lang='lat' dir='ltr'>centro,</span> <span class='ocrx_word' id='word_1_466' title='bbox 1423 4691 1482 4754; x_wconf 90' lang='lat' dir='ltr'>hoc</span> <span class='ocrx_word' id='word_1_467' title='bbox 1495 4692 1644 4755; x_wconf 88' lang='lat' dir='ltr'>difficilius</span> 
     </span>
     <span class='ocr_line' id='line_1_49' title="bbox 309 4775 1715 4868; baseline -0.006 -18"><span class='ocrx_word' id='word_1_468' title='bbox 309 4787 425 4868; x_wconf 85' lang='lat' dir='ltr'>(ntique</span> <span class='ocrx_word' id='word_1_469' title='bbox 447 4782 578 4858; x_wconf 86' lang='lat' dir='ltr'>tardius)</span> <span class='ocrx_word' id='word_1_470' title='bbox 593 4801 612 4842; x_wconf 87' lang='lat' dir='ltr'>a</span> <span class='ocrx_word' id='word_1_471' title='bbox 627 4777 721 4843; x_wconf 89' lang='lat' dir='ltr'>centri</span> <span class='ocrx_word' id='word_1_472' title='bbox 735 4775 846 4840; x_wconf 84' lang='lat' dir='ltr'>virtute</span> <span class='ocrx_word' id='word_1_473' title='bbox 861 4783 1012 4841; x_wconf 88' lang='lat' dir='ltr'>movetur:</span> <span class='ocrx_word' id='word_1_474' title='bbox 1038 4779 1173 4860; x_wconf 89' lang='lat' dir='ltr'>equidem</span> <span class='ocrx_word' id='word_1_475' title='bbox 1195 4781 1317 4863; x_wconf 88' lang='lat' dir='ltr'>perinde</span> <span class='ocrx_word' id='word_1_476' title='bbox 1333 4788 1381 4844; x_wconf 89' lang='lat' dir='ltr'>est</span> <span class='ocrx_word' id='word_1_477' title='bbox 1403 4799 1438 4843; x_wconf 90' lang='lat' dir='ltr'>ac</span> <span class='ocrx_word' id='word_1_478' title='bbox 1461 4780 1489 4844; x_wconf 93' lang='lat' dir='ltr'>si</span> <span class='ocrx_word' id='word_1_479' title='bbox 1504 4779 1644 4857; x_wconf 86' lang='lat' dir='ltr'>dicerem,</span> <span class='ocrx_word' id='word_1_480' title='bbox 1710 4806 1715 4814; x_wconf 57' lang='lat'><strong><em>¹</em></strong></span> 
     </span>
    </p>
   </div>
   <div class='ocr_carea' id='block_1_6' title="bbox 0 0 1870 5532">
    <p class='ocr_par' dir='ltr' id='par_1_11' title="bbox 0 0 1870 5532">
     <span class='ocr_line' id='line_1_50' title="bbox 0 0 1870 5532; baseline 0 0"><span class='ocrx_word' id='word_1_481' title='bbox 0 0 1870 5532; x_wconf 95' lang='lat' dir='ltr'> </span> 
     </span>
    </p>
   </div>
  </div>
 </body>
</html>
