3552 5562
336 305 380 376 52
431 265 433 270 Δ
753 297 854 350 Literna
872 293 974 362 Koplsri
993 295 1142 362 aliommque
1160 301 1264 347 mutuae

337 503 496 567 excerpam
527 479 707 545 anomaliam
737 483 933 560 coaequatam
961 476 992 539 in
1028 473 1171 556 gradibus
1207 475 1351 555 integris,
1391 461 1588 555 adjiciendam
1615 471 1674 539 loco

338 576 476 658 apogaei,
501 593 566 637 cum
589 569 736 633 distantia
759 565 866 631 sideris
883 564 988 630 aSole
1005 566 1095 646 paulo
1119 563 1255 628 breviore
1275 561 1363 646 quam
1383 572 1431 626 es't
1450 583 1530 640 vera,
1555 563 1677 628 demissa

337 666 456 731 seilicet
476 659 715 744 perpendiculari
729 677 766 722 ex
781 657 890 732 sidere,
915 676 980 718 cnm
995 654 1088 716 habet
1102 653 1301 728 latitudinem,
1325 656 1354 716 in
1369 655 1490 734 planum
1510 653 1675 735 eclipticas:

339 775 414 837 quae
437 751 555 834 quidem
587 747 842 830 perpendicularis
874 745 979 808 itidem
1009 743 1197 824 excerpenda
1220 744 1278 807 erit
1300 764 1366 806 cum
1397 743 1545 806 distantia
1566 764 1585 805 a
1606 747 1676 807 nodo

339 865 377 908 ex
399 844 462 906 suis
484 840 608 904 tabulis.
655 839 721 901 Hoc
742 844 833 918 pacto
856 836 953 898 locum
977 833 1084 896 sideris
1112 834 1264 914 proprium
1288 834 1416 896 minimo
1443 833 1564 913 negotio
1586 831 1675 912 perd

341 930 544 997 dimensiones
567 928 754 997 habebimus,
777 926 825 988 cui
848 924 1092 1005 supervenientes
1121 925 1296 1003 parallaxes
1319 922 1399 986 orbis
1423 922 1513 986 annui
1535 923 1678 986 nonnullis

339 1022 450 1086 tabulis
472 1018 685 1084 universaliter
708 1015 827 1096 excerpi
858 1033 948 1095 posse
973 1031 1077 1094 spero;
1111 1013 1165 1074 sed
1184 1013 1229 1076 ita
1252 1020 1341 1076 erunt
1363 1011 1577 1075 extricandae:
1601 1032 1677 1074 com-

338 1111 495 1194 parabitur
517 1109 600 1172 locus
614 1106 696 1170 Solis
720 1125 773 1168 seu
788 1106 898 1166 Terrae
923 1123 989 1166 cum
1013 1102 1078 1165 loco
1101 1102 1211 1166 sideris
1235 1101 1453 1181 ἀπαραλιακτῳ
1476 1121 1530 1181 pro
1549 1102 1678 1164 habendo

339 1198 581 1265 commutationis
596 1197 715 1276 angulo,
740 1195 821 1257 eirca
840 1213 926 1276 quem
941 1193 998 1254 duo
1016 1191 1115 1253 latera
1130 1199 1201 1254 suut
1215 1192 1378 1254 distantiae
1389 1193 1504 1254 Terrae
1523 1199 1555 1253 ει
1578 1191 1679 1254 sideris

340 1289 463 1354 aSole.
509 1289 568 1350 Per
598 1285 779 1349 solutionem
807 1284 899 1362 igitur
931 1281 1073 1361 trianguli
1105 1281 1193 1362 hujus
1226 1283 1294 1362 (per
1326 1281 1630 1363 prosthaphaeresin,
1657 1281 1679 1343 si

339 1381 456 1462 placet,
480 1395 546 1440 cum
576 1394 642 1438 eam
669 1373 690 1436 J
696 1371 853 1437 bstelius
888 1371 1061 1434 facillimam
1088 1371 1252 1433 reddiderit
1272 1377 1364 1444 (comp.
1384 1379 1440 1430 Vol.
1460 1379 1494 1438 Π,
1513 1397 1540 1445 p.
1558 1376 1622 1442 tat)
1653 1379 1684 1432 et

343 1467 551 1532 inventionem·
570 1464 672 1546 anguli
696 1464 734 1526 sd
762 1463 885 1524 Terram
912 1461 1040 1523 habetur
1068 1461 1233 1540 parallaxis
1261 1461 1474 1540 longitudinis,
1502 1479 1557 1542 per
1579 1461 1680 1523 inven-

343 1559 456 1620 tionem
479 1572 550 1620 verc
568 1553 732 1616 distantiae
747 1552 856 1614 sideris
875 1571 894 1612 a
912 1552 1015 1622 Terra,
1041 1550 1118 1630 quod
1135 1557 1182 1612 est
1210 1550 1291 1613 latus
1314 1551 1447 1626 tertium,
1471 1549 1595 1632 ejusque
1623 1569 1682 1612 cum

342 1647 409 1710 sinu
432 1643 636 1708 inclinationis
659 1661 751 1722 supra
774 1649 915 1721 excerpto
938 1637 1193 1719 comparationem
1220 1641 1349 1703 latitudo
1371 1632 1570 1720 parallactioa
1592 1640 1683 1702 habe-

269 1751 271 1755 ’
343 1736 434 1800 bitur.
482 1732 616 1815 Cumque
640 1731 787 1794 distantia
807 1729 888 1794 Solis
907 1737 940 1792 et
954 1730 1065 1791 Terrae
1088 1747 1147 1791 nou
1172 1729 1259 1792 detur
1281 1748 1400 1809 semper
1422 1731 1451 1792 in
1475 1730 1613 1810 partibus
1634 1730 1686 1791 iis-

344 1827 413 1888 dem
433 1819 552 1906 (omnia
574 1841 604 1885 u.
630 1822 668 1883 ad
698 1833 802 1884 verum
825 1819 908 1883 Solis
938 1819 1037 1881 locum
1067 1819 1240 1880 necessario
1269 1819 1434 1898 redigenda
1464 1828 1560 1896 eunt,·
1587 1819 1687 1882 obser-

343 1911 514 1976 vationibus
537 1912 701 1986 testibus),
727 1912 804 1973 duae
828 1917 916 1972 erunt
939 1927 1009 1988 ergo
1037 1907 1381 1992 multiplicationes'pro
1405 1909 1533 1989 angulo,
1558 1930 1618 1973 uua
1639 1927 1688 1990 pro

344 2005 451 2076 latere,
476 2021 536 2064 una
549 2021 604 2083 pro
628 2001 853 2082 comparatione
877 1999 943 2078 eJ'us
967 2016 1032 2059 cum
1050 1995 1116 2058 sinu
1139 1995 1351 2061 inclinationis.
1391 1999 1442 2060 Ita
1462 2005 1592 2079 quatuor
1609 2003 1690 2059 erum

344 2091 612 2173 multiplicationes
644 2107 698 2170 pro
733 2089 894 2170 cujuslibet
931 2087 1072 2165 planetae
1100 2086 1182 2148 loco:
1231 2087 1299 2150 Non
1327 2094 1430 2168 potest
1457 2088 1560 2170 itaque
1592 2105 1689 2151 carere

342 2181 448 2250 tabula
477 2181 594 2244 sinuum
625 2178 759 2241 calculus
791 2177 859 2239 iste.
911 2175 969 2238 Est
1001 2175 1077 2237 alius
1114 2175 1219 2238 modus
1250 2195 1287 2238 ex
1317 2176 1475 2258 triangulis
1515 2177 1689 2257 sphaericis,

341 2271 472 2352 trajecto
495 2269 586 2350 plano
610 2269 710 2340 tertio,
733 2273 767 2329 ut
787 2266 955 2348 eclipticam
980 2273 1063 2326 secet
1076 2264 1107 2328 in
1123 2265 1226 2338 Terra,
1251 2265 1378 2328 orbitam
1401 2266 1549 2347 planetae
1568 2265 1599 2331 in
1618 2267 1690 2346 ipso.

333 2361 427 2423 llaec
451 2359 586 2420 tabulam
608 2357 697 2437 primi
724 2356 844 2418 mobilis
866 2353 1099 2434 Regiomontani
1123 2353 1177 2427 (ad
1201 2354 1335 2418 laborem
1362 2355 1569 2431 minuendum)
1603 2373 1692 2436 nsque

341 2450 381 2512 ad
408 2437 467 2512 10⁰
487 2466 542 2529 per
565 2445 686 2525 singula
708 2445 823 2508 minuta
846 2451 1004 2506 extensam
1028 2443 1198 2514 desiderat,
1222 2463 1281 2523 qua
1304 2444 1438 2510 reductio
1462 2446 1501 2506 ad
1525 2445 1692 2527 eclipticam

341 2545 375 2600 et
397 2535 528 2598 latitudo
562 2535 732 2615 expeditur,
769 2536 823 2596 sed
852 2532 1043 2596 nihilomiuus
1074 2533 1201 2612 angulus
1233 2553 1271 2596 ex
1303 2534 1448 2596 lateribus
1476 2535 1644 2598 rectilineis
1666 2539 1694 2595 et

342 2624 559 2707 comprehenso
593 2623 781 2704 quaerendus
813 2631 880 2697 est3
912 2621 1015 2701 itaque
1047 2621 1168 2696 dubito,
1199 2623 1478 2703 compendiosiorne
1502 2624 1544 2686 sit
1567 2625 1692 2687 iuturus.

341 2715 466 2779 Utinam
490 2713 609 2794 quidem
632 2713 741 2775 tertius
773 2711 883 2792 aliquis
917 2711 1053 2779 daretur,
1085 2711 1134 2790 qui
1158 2718 1191 2771 et
1213 2713 1396 2776 universalis
1421 2720 1504 2775 esset
1532 2721 1694 2795 possetque

342 2802 478 2867 adhiberi
502 2803 541 2864 ad
565 2820 681 2864 omnem
704 2801 889 2882 apheliorum
904 2800 1016 2861 Terrae
1040 2805 1073 2860 et
1095 2799 1203 2861 sideris
1228 2801 1414 2865 distantiam.
1452 2803 1530 2881 Nam
1550 2819 1609 2884 ego
1625 2820 1694 2865 sane

342 2911 403 2957 non
425 2891 523 2966 video,
548 2892 694 2972 quomodo
718 2889 932 2953 instituendum
956 2888 1118 2968 negotium,
1143 2896 1176 2950 ut
1196 2892 1336 2970 scrupula
1356 2892 1598 2973 proportionalia
1621 2891 1694 2954 reti-

343 2998 480 3044 neamus.
514 2979 615 3043 Primo
635 2980 723 3054 enim,
745 2980 774 3042 si
788 2979 871 3041 sidus
887 2985 935 3040 est
955 2978 986 3039 in
1002 2976 1082 3040 linea
1105 2978 1242 3058 apsidum
1257 2981 1377 3056 Terrae,
1404 2981 1553 3044 anomalia
1578 2982 1696 3063 quidem

343 3069 586 3134 commutationis
609 3069 639 3131 in
663 3076 789 3150 utroque
813 3066 1001 3131 semicirculo
1026 3065 1162 3146 aequalis
1186 3076 1249 3143 est,
1272 3077 1307 3132 ut
1329 3071 1354 3132 si
1379 3071 1463 3134 sidus
1487 3070 1528 3132 sit
1551 3071 1626 3134 alibi
1652 3073 1697 3142 (ut

345 3167 370 3231 d
394 3177 549 3239 apogaeus
571 3158 602 3221 in
628 3164 663 3235 ll,
686 3177 753 3232 cum
777 3155 817 3236 Θ
843 3156 1101 3236 statuellam
1126 3156 1204 3220 alter
1226 3159 1430 3222 semicirculus
1454 3159 1699 3226 commutationis

342 3251 373 3312 io
397 3245 479 3312 latus
502 3248 612 3328 vergit.
658 3247 701 3310 Et
722 3267 759 3309 nc
784 3246 887 3309 labore
913 3245 981 3308 huic
1004 3245 1049 3308 rei
1065 3245 1222 3310 subvenire
1245 3251 1405 3329 possimus,
1428 3249 1521 3312 efficit
1542 3250 1696 3330 aphelium

345 3339 458 3402 Terrae
481 3337 541 3399 alio
565 3346 649 3400 motu
672 3343 849 3418 promotum,
875 3355 963 3417 quam
987 3335 1107 3415 aphelia
1128 3335 1328 3417 planetarum,
1353 3346 1387 3400 ut
1404 3340 1453 3401 vel
1476 3341 1699 3420 appropinquet

344 3427 393 3490 vel
416 3426 541 3489 recedat
565 3435 597 3489 et
619 3428 854 3508 qualemcunque
888 3426 1014 3487 sormam
1047 3425 1253 3504 scrupulorum
1282 3427 1550 3509 proportionalium
1582 3428 1696 3490 turbet.

344 3517 568 3578 Potesttamen
585 3516 623 3578 ad
638 3534 728 3577 unum
742 3515 880 3577 seculum
890 3513 968 3595 ratio
982 3513 1059 3588 iniri,
1080 3515 1182 3595 posita
1195 3516 1300 3578 eadem
1314 3535 1516 3598 apogaeorum
1530 3517 1699 3580 distantia:

346 3605 424 3686 quod
439 3603 507 3666 aliis
525 3603 774 3668 considerandum
788 3611 821 3666 et
843 3603 1030 3666 efficiendum
1046 3603 1192 3685 relinquo.
1208 3631 1209 3634 ¹
1226 3605 1301 3667 Mihi
1324 3607 1444 3668 videtur
1462 3607 1509 3668 vel
1529 3605 1699 3688 ingeniosis

259 3693 262 3700 '
345 3694 396 3755 vel
418 3691 579 3756 servilibus
598 3700 629 3755 et
642 3693 814 3773 praeceptis
838 3692 972 3772 alligatis
995 3691 1123 3772 ingeniis
1138 3692 1217 3755 idem
1232 3694 1326 3768 labor,
1350 3696 1415 3758 sive
1438 3703 1566 3777 quatuor
1590 3695 1699 3760 multi-

347 3782 529 3864 plicationes
552 3781 705 3863 simplices
724 3781 888 3863 jubeantur
902 3783 1011 3856 lacere,
1036 3780 1100 3842 sive
1118 3783 1210 3845 toties
1225 3783 1284 3847 imo
1300 3785 1413 3867 pluries
1436 3785 1576 3866 logistica
1592 3785 1700 3848 multi-

347 3871 461 3952 plicare
484 3872 624 3952 scrupula
647 3871 689 3932 in
702 3889 858 3935 excessum
881 3872 931 3945 (ut
955 3871 992 3931 de
1015 3870 1330 3950 prosthaphaeresium
1359 3870 1550 3954 compendio,
1585 3876 1619 3938 iu
1646 3893 1703 3956 quo

348 3960 479 4023 nondum
511 3959 695 4023 exercitatus
726 3979 811 4035 sum,
833 3960 917 4023 mihil
935 3958 1071 4033 dicam),
1102 3969 1135 4020 ut
1157 3961 1205 4022 ita
1228 3982 1288 4024 non
1311 3981 1492 4044 magnopere
1525 3963 1704 4027 desiderare

348 4051 510 4113 debeamus
534 4051 674 4130 scrupula
695 4049 944 4132 proportionalia.
981 4049 1024 4110 Et
1040 4065 1086 4109 me
1107 4046 1237 4128 Christe,
1262 4051 1288 4114 si
1312 4053 1386 4116 bene
1410 4055 1589 4134 perpendas,
1618 4073 1705 4116 com-

348 4139 458 4222 pendio
476 4135 683 4219 negliguntur.
729 4139 964 4220 Perpendamus.
1006 4138 1106 4201 Primo
1130 4157 1184 4219 per
1205 4136 1236 4214 4,
1261 4138 1281 4206 5
1304 4142 1352 4204 vel
1376 4137 1396 4204 6
1421 4143 1515 4205 series
1539 4151 1589 4206 est
1614 4144 1707 4212 colli-

350 4229 450 4310 genda
472 4227 622 4292 anomalia
645 4229 905 4292 commutationis:
940 4227 1028 4308 hujus
1052 4227 1118 4289 loco
1148 4228 1209 4309 jam
1233 4230 1300 4294 loca
1323 4232 1433 4294 Terrae
1457 4240 1489 4295 et
1511 4233 1623 4296 sideris
1649 4252 1705 4315 pro

350 4337 383 4381 re
406 4325 481 4380 nata
502 4317 720 4381 subtrahuntur
742 4339 762 4379 a
784 4338 817 4380 se
839 4325 954 4380 mutuo.
1001 4317 1117 4379 Deinde
1141 4320 1333 4384 commutatio
1358 4322 1535 4402 aequanda3
1558 4323 1619 4386 hoc
1639 4325 1709 4404 jam

351 4406 539 4488 praestitum.
587 4406 689 4490 Tertio
713 4427 778 4470 cum
803 4406 954 4470 anomalia
975 4406 1107 4469 eccentri
1130 4408 1319 4490 excerpenda
1342 4412 1482 4490 scrupula
1505 4418 1537 4474 et
1559 4412 1707 4494 logistice

353 4497 534 4582 operandum
557 4514 611 4577 pro
634 4503 720 4580 parte
751 4495 986 4578 proportionali3
1017 4503 1123 4578 quarto
1152 4517 1218 4560 eum
1246 4499 1479 4563 commutatione
1512 4503 1711 4584 excerpenda

352 4584 554 4662 commutatio,
578 4593 611 4648 et
634 4585 736 4667 quinto
761 4603 902 4648 excessus
927 4605 993 4649 cum
1021 4586 1141 4666 gemina
1163 4587 1337 4666 operatione
1369 4588 1513 4670 logistica
1534 4607 1587 4672 pro
1614 4598 1708 4672 parte

352 4674 583 4754 proportionali,
617 4681 706 4736 sexto
729 4693 783 4755 per
805 4674 1010 4754 operationem
1042 4674 1212 4756 logisticam
1236 4695 1306 4758 pars
1330 4678 1367 4740 de
1391 4697 1516 4742 excessu
1550 4680 1712 4762 scrupulis

355 4779 520 4842 congruens
542 4761 729 4844 inquirenda,
752 4771 816 4826 tum
839 4762 1007 4826 addendum
1027 4772 1081 4826 aut
1103 4766 1346 4842 subtrahendum,
1371 4775 1405 4830 ut
1423 4769 1487 4849 jam
1506 4769 1577 4832 nihil
1604 4771 1712 4833 dicam

357 4849 393 4914 de
415 4849 551 4944 pluribus
574 4852 798 4944 operationibus
822 4859 854 4914 et
877 4852 1003 4914 cautelis
1026 4854 1065 4915 ad
1089 4855 1263 4918 latitudines
1287 4857 1522 4921 constituendas.
1569 4859 1634 4922 Pro
1661 4860 1712 4923 his
