3552 5562
292 313 333 387 14
724 321 754 373 Iu
773 321 956 374 Commentarfa
974 321 1004 374 de
1021 327 1090 374 matu
1108 319 1197 373 Martia

288 507 332 565 pet
349 511 441 550 unam
468 499 549 552 adfuit
574 499 681 563 illudque
699 505 819 564 exparte
840 501 939 564 quidem
965 500 1104 565 deecripatt‚·
1126 499 1272 556 Odoxtiu.
1299 497 1404 564 posthac
1428 499 1640 564 professorem

288 571 471 624 matheseos
489 572 514 622 ἰιι
533 571 664 621 academia
681 571 811 630 Altorfine,
830 573 871 638 qni
884 573 942 622 dnm
959 587 1060 624 munere
1077 573 1124 624 boc
1142 572 1299 636 fungebatur,
1318 584 1384 622 enan
1399 568 1475 620 16²3.
1493 568 1558 621 haee
1570 561 1642 622 dedit
1757 587 1758 610 ι

288 642 412 706 Keplero:
432 644 491 693 anni
509 649 567 692 snut
587 640 628 698 18,
646 658 677 694 ex
695 657 742 708 quo
760 649 869 706 tempore
888 658 934 709 ega
947 644 1045 710 Pragae
1063 645 1156 709 dagans
1174 643 1238 696 Ncb.
1252 643 1321 696 Tuae
1340 657 1440 708 operam
1457 655 1539 694 meam
1557 643 1641 694 locari

287 715 312 764 in
327 714 486 780 perficiendis
504 715 727 778 supputationibus,
746 721 848 770 motum,
866 715 892 764 oi
910 713 990 773 fallor,
1009 715 1096 765 Martis
1115 716 1326 766 concernentibus.
1360 713 1473 780 Siquam
1489 707 1586 778 partdm
1605 714 1641 764 ad

289 785 497 836 elucubrationem
515 785 594 848 operia
612 785 676 834 illim
700 785 805 840 contult.
831 785 895 850 quud
912 795 969 850 post
987 787 1080 837 abitum
1097 801 1180 836 meum
1204 785 1278 851 panlo
1300 791 1355 851 poet
1377 786 1491 850 publicae
1509 785 1558 835 luci
1577 800 1640 835 con·

290 870 389 908 cereum
408 857 503 913 audiri,
523 863 562 906 eet
579 857 643 920 quod
660 857 719 906 milri
744 857 868 922 gaudeam
892 860 981 923 jusque
1003 873 1130 923 superesse
1148 865 1245 923 putem,
1271 859 1303 910 ab
1321 865 1406 908 autore
1424 857 1489 907 illlne
1514 857 1643 921 exemplar

288 929 390 993 petendi
407 927 471 978 douo
489 928 549 978 mihi
567 927 684 978 oblatum.
711 927 812 978 Librum
829 929 927 993 quidem
945 928 1013 981 illum
1041 931 1149 980 anabau
1176 945 1258 980 emere
1278 932 1374 982 animur
1391 930 1446 992 fult,
1463 941 1640 991 aemmprae·

288 1002 395 1050 eandum
418 1005 555 1064 temporum
579 999 671 1064 injuria
688 1007 776 1060 ‚retem
798 1015 846 1064 qun
868 1002 949 1052 minua
971 1002 1093 1052 tolerabili
1117 1002 1196 1068 aliquo
1219 1003 1297 1065 pretio
1316 1009 1408 1054 emtum
1430 999 1521 1052 habere
1539 1013 1641 1064 queam.

258 1122 261 1128 ,
288 1071 343 1120 Alio
360 1077 469 1135 umpore
501 1069 599 1120 dabitur
628 1069 690 1121 forts
714 1071 778 1122 illiua
802 1071 949 1135 procurandi
972 1073 1077 1124 occasio.
1097 1096 1132 1107 -
1167 1073 1290 1136 Kaplerna
1307 1074 1360 1138 ipae
1378 1073 1404 1124 in
1424 1071 1552 1136 „Epitome
1570 1071 1640 1121 Astr.

289 1149 365 1215 Cap·
384 1149 448 1201 nasa
466 1149 540 1200 dicte:
564 1141 747 1205 Undecimus
771 1151 819 1204 est
842 1163 1008 1220 annus„ex
1032 1165 1089 1226 quo
1110 1145 1334 1209 Commentaria
1355 1163 1424 1206 mea
1446 1143 1482 1205 de
1505 1141 1639 1205 motibus

289 1229 397 1293 stellae
421 1229 532 1292 Martis
555 1229 644 1293 edidi.
692 1231 751 1303 Qui
775 1231 869 1306 liber,
902 1254 968 1296 curn
991 1235 1021 1296 in
1045 1253 1141 1316 panca
1169 1231 1388 1316 multiplicatus
1421 1240 1505 1298 esset
1533 1249 1640 1294 exem-

287 1319 394 1401 plaria,
418 1319 641 1402 doctrinamque
665 1321 819 1383 decausis
843 1322 1018 1386 coelestium
1039 1323 1117 1386 inter
1132 1323 1250 1406 spineta
1273 1342 1461 1406 numerorum
1484 1329 1515 1384 et
1530 1319 1640 1403 reliqui

287 1414 451 1490 apparatus
483 1410 676 1472 astronomici
713 1411 797 1472 velut
834 1413 1057 1488 abscondisset,
1091 1431 1156 1475 cnm
1190 1420 1221 1473 et
1254 1413 1352 1492 pretio
1384 1411 1453 1474 libri
1485 1409 1640 1472 tenuiores

287 1499 536 1572 absterrerentur,
552 1497 649 1561 visum
672 1507 720 1561 est
735 1499 850 1575 amicis,
873 1510 955 1564 recte
969 1495 1015 1564 me
1031 1509 1114 1564 etex
1134 1501 1228 1564 officio
1253 1502 1410 1576 facturum,
1434 1501 1461 1562 si
1474 1499 1637 1580 Epitomen

288 1585 506 1649 conscriberem
530 1588 583 1650 tac.

375 1671 471 1724 Literna
490 1675 594 1741 dentque
613 1677 645 1727 ab
658 1672 784 1727 Hanacbio
804 1677 923 1729 collactea
941 1685 1066 1732 testantur
1082 1679 1148 1729 hauc
1160 1679 1262 1743 Kepleri
1278 1679 1438 1734 sententiam,
1458 1691 1515 1728 cam
1526 1677 1552 1727 ln
1564 1673 1639 1728 anila

288 1747 490 1810 aarumproplua
509 1747 541 1796 ad
559 1761 610 1798 rem
630 1748 771 1799 accedetur.
838 1771 849 1788 ι

374 1815 596 1882 llanuacriptorxm
618 1818 854 1883 Petropolitauorum
877 1821 989 1873 volumen
1006 1821 1073 1872 XlV.
1093 1823 1160 1874 follia
1183 1823 1237 1886 plur
1260 1835 1334 1888 qum
1360 1817 1428 1870 1000
1453 1821 1537 1872 amata
1558 1820 1638 1872 refert

286 1887 389 1951 Kspleri
407 1889 439 1938 ad
457 1887 545 1938 Martis
563 1897 643 1941 motam
661 1891 824 1956 indagandos.
850 1891 917 1958 Opus
935 1896 1015 1960 ipsum
1032 1895 1131 1959 saepius
1149 1895 1304 1944 occasionem
1329 1891 1410 1949 dabit,
1430 1907 1460 1940 ex
1477 1891 1525 1941 bac
1544 1891 1636 1942 collec-

287 1961 353 2010 tione
380 1959 502 2024 quaedam
530 1961 683 2026 excerpendi.
721 1963 777 2012 Jam
795 1966 935 2027 praemissis
962 1965 1075 2015 addimur
1094 1979 1139 2023 ea,
1167 1965 1253 2028 qulbus
1279 1963 1402 2014 exorditur
1428 1962 1488 2012 illud
1512 1962 1636 2012 volumen.

286 2031 370 2081 Prima
386 2029 464 2081 facies
489 2031 561 2082 affert
585 2033 703 2096 epistolae
721 2034 824 2099 Kepleri
849 2036 1026 2102 fragmentum,
1052 2037 1084 2086 ad
1108 2035 1247 2101 theologiae
1272 2034 1395 2100 quandam
1418 2034 1593 2098 professam.
1616 2035 1640 2084 ai

287 2117 317 2152 ex
335 2101 412 2152 litem
430 2099 677 2172 Blarerandteeima)
701 2103 841 2167 D(ominc)
858 2104 968 2168 Mater)
991 2107 1054 2158 baec
1072 2107 1218 2158 concludere
1245 2106 1310 2156 licet
1348 2105 1484 2170 Sequentia
1500 2103 1561 2156 folia
1577 2117 1641 2156 cea·

286 2178 397 2239 spectum
418 2189 501 2224 eorum
520 2176 649 2239 praebent,
669 2189 733 2241 quae
751 2186 834 2228 mente
852 2178 976 2243 Keplerua
995 2179 1109 2244 agitabat
1127 2177 1307 2243 wuacrlpturnr
1325 2191 1385 2241 opua
1402 2191 1481 2228 enum

375 2245 485 2310 Epistola
502 2246 567 2296 haec
587 2254 640 2298 eat:

863 2319 895 2384 S.
942 2323 976 2384 P.
1021 2321 1060 2384 D.

376 2404 511 2469 Obsecro
533 2406 679 2487 majorem
701 2405 732 2470 in
757 2408 890 2485 modum,
914 2418 949 2472 ut
970 2411 1009 2474 R.
1027 2411 1071 2492 D.
1096 2401 1130 2472 P.
1157 2429 1208 2482 ea,
1239 2426 1314 2490 quae
1336 2407 1385 2470 hio
1409 2407 1512 2470 insunt
1533 2407 1639 2490 philo-

287 2495 412 2576 sophica
434 2513 501 2557 cum
523 2497 750 2578 metaphysicis,
773 2506 807 2560 ut
819 2497 874 2562 illa
890 2501 1035 2562 docentur
1050 2498 1162 2562 usitate
1179 2499 1210 2562 in
1226 2497 1338 2560 scholis
1353 2497 1474 2572 vestris,
1499 2497 1640 2562 conferat

280 2591 319 2646 -et
339 2603 387 2647 me
410 2593 532 2646 moneat
553 2583 648 2648 sicubi
671 2585 811 2666 impingo.
1200 2581 1202 2586 ’

374 2673 477 2734 Mente
508 2692 610 2736 carere
643 2684 771 2754 possunt
803 2677 965 2740 coelestia:
997 2677 1034 2737 de
1063 2682 1162 2738 mente
1193 2674 1284 2756 igitur
1314 2673 1435 2756 disputo
1464 2680 1581 2738 tantum
1604 2676 1638 2740 in

287 2782 354 2826 enm
382 2763 486 2838 lineam
519 2763 546 2825 si
576 2763 707 2826 fortasse
740 2765 901 2830 facultates
930 2767 1119 2848 magneticae
1143 2771 1174 2827 et
1203 2763 1364 2826 facultates
1397 2762 1542 2828 animales
1575 2784 1639 2826 nnn

288 2852 424 2915 sufficere
448 2851 537 2914 alicui
560 2852 729 2917 videantur.
1224 2931 1226 2938 γ

373 2941 563 3003 Facultatem
584 2943 784 3022 magneticam
807 2963 886 3024 pono
910 2943 940 3004 in
964 2942 1051 3017 Sole,
1080 2963 1139 3024 qua
1161 2943 1206 3004 sic
1234 2940 1300 3020 agit
1322 2939 1351 3004 in
1375 2959 1502 3021 corpora
1528 2939 1639 3019 plane-

285 3029 394 3106 tarum,
418 3035 453 3091 ut
476 3029 540 3112 agit
561 3049 686 3111 magnes
709 3032 740 3093 in
757 3034 891 3095 ferrum:
915 3033 973 3094 hoc
991 3039 1093 3094 tamen
1116 3029 1299 3105 discrimine,
1322 3030 1402 3113 quod
1424 3045 1548 3109 magnes
1572 3030 1638 3091 fer-

286 3140 352 3184 rum
374 3119 472 3201 magis
495 3120 649 3202 magisque
679 3123 806 3184 attrahit
827 3142 881 3203 per
909 3140 1065 3202 egressam
1092 3120 1213 3184 virtutis
1237 3139 1308 3182 suae
1337 3118 1503 3200 corporalis
1528 3119 1638 3180 imma-

184 3218 188 3226 '
285 3210 428 3274 teriatam
459 3210 606 3290 speciem:
639 3211 692 3274 Sol
720 3211 861 3291 planetas
888 3229 942 3292 per
974 3211 1099 3274 eandem
1132 3209 1181 3282 (ut
1208 3209 1252 3272 sic
1284 3207 1398 3283 dicam)
1427 3227 1547 3270 manum
1576 3227 1638 3271 non

287 3298 415 3362 attrahit
436 3299 573 3376 ulterius,
598 3301 652 3362 sed
681 3301 811 3363 retinere
840 3319 999 3382 secumque
1023 3299 1243 3362 circumducere
1265 3297 1381 3360 nititur.

375 3388 408 3449 ln
432 3388 563 3466 planetis
585 3409 663 3471 pono
688 3389 860 3466 facultates,
883 3389 1062 3470 magneticis
1086 3388 1257 3452 similiores.
1304 3387 1426 3448 Habent
1448 3385 1526 3446 enim
1547 3384 1638 3448 binos

285 3477 383 3558 polos,
407 3495 532 3556 quornm
546 3476 641 3541 altero
657 3479 806 3558 fugiunta
823 3479 906 3553 Sole,
924 3479 1020 3542 altero
1035 3484 1180 3560 appetunt
1195 3476 1313 3552 Solem;
1328 3474 1399 3538 hinc
1415 3473 1635 3538 eccentricitas.

374 3565 440 3626 Nec
458 3585 517 3626 una
531 3565 703 3645 hujusmodi
718 3567 848 3630 facultas
871 3567 979 3630 sufficit
1000 3569 1150 3648 planetae.
1190 3565 1320 3646 Oportet
1333 3574 1365 3627 et
1379 3565 1507 3627 alteram
1522 3564 1635 3626 addere

285 3671 341 3736 pro
364 3651 590 3715 latitudinibus:
615 3652 664 3716 nbi
688 3655 776 3717 valde
806 3656 934 3729 haereo,
965 3675 1003 3717 an
1027 3665 1058 3718 et
1079 3656 1227 3737 quomodo
1258 3655 1380 3716 sedibus
1412 3652 1637 3732 distinguantur

286 3743 317 3804 in
339 3761 398 3804 nno
422 3750 454 3804 et
469 3741 572 3804 eodem
595 3744 736 3823 planetae
755 3763 888 3825 corpore.
926 3745 1011 3806 Haec
1033 3745 1163 3807 facultas
1178 3752 1226 3807 est
1239 3743 1285 3805 illi
1302 3743 1491 3824 magneticae
1516 3739 1636 3816 similis,

286 3851 346 3914 qna
367 3849 492 3911 magnes
515 3832 554 3894 ad
576 3833 678 3914 polum
701 3832 849 3914 dirigitur.

375 3919 508 3984 Cuilibet
530 3921 669 3988 facultati
691 3923 879 4003 magneticae
902 3921 1032 4002 adjungo
1056 3920 1230 3986 facultatem
1247 3921 1417 3994 animalem,
1442 3919 1637 3982 convertendi

288 4027 395 4090 corpus
415 4029 499 4071 sunm
514 4009 594 4072 circa
608 4031 697 4074 axem
711 4014 858 4092 corporis,
880 4011 964 4074 nulla
977 4009 1175 4092 repugnantia
1191 4011 1357 4092 supposita,
1388 4008 1636 4090 aequabilissima

287 4097 478 4162 contentione
501 4099 618 4162 virium.
665 4101 748 4163 Haec
772 4101 900 4182 derogat
921 4099 1118 4180 magneticae,
1142 4099 1282 4182 illamque
1305 4098 1408 4161 vincit.

376 4187 453 4253 Cum
480 4195 580 4251 autern
611 4197 758 4270 repugnet
783 4188 844 4252 illa.
865 4189 944 4252 alias
975 4189 1102 4264 fortius,
1133 4187 1210 4252 alias
1243 4187 1437 4262 imbecillius,
1469 4185 1539 4248 hinc
1561 4185 1635 4251 mihi

287 4279 421 4342 nascitur
444 4277 575 4358 suspicio
599 4279 718 4355 mentis,
739 4299 818 4361 quae
838 4279 942 4353 dictet,
967 4277 1038 4360 quid
1061 4285 1202 4359 spectans
1225 4276 1365 4340 animalis
1395 4277 1527 4340 facultas
1553 4283 1635 4338 recte

286 4376 417 4450 pugnet:
441 4371 511 4450 qnia
533 4367 733 4450 inaequaliter
756 4369 783 4430 ei
806 4375 999 4449 repugnatur.

376 4456 520 4530 Mentem,
543 4475 597 4520 sen
619 4457 766 4544 rationem
790 4457 856 4519 dico
876 4477 936 4520 non
957 4456 1198 4531 ratiocinantem,
1221 4454 1439 4517 discurrentem
1455 4453 1547 4526 (unde
1560 4459 1635 4534 puto

289 4547 362 4610 oriri
384 4545 559 4610 numerandi
581 4546 788 4622 facultatem),
817 4547 872 4608 sed
893 4547 1069 4609 instinctam
1092 4545 1122 4608 in
1145 4543 1312 4618 creatione,
1337 4544 1434 4626 qualis
1457 4543 1487 4604 in
1510 4541 1635 4624 plantis,

288 4637 320 4698 in
341 4641 426 4697 utero
441 4615 495 4698 lc.
532 4636 631 4718 Saepe
647 4637 713 4718 quis
730 4637 882 4698 commode
899 4635 1001 4710 sentit,
1027 4643 1060 4697 at
1078 4634 1261 4697 incommode
1285 4639 1338 4694 aut
1355 4632 1509 4708 inusitate,
1533 4639 1565 4692 et
1587 4631 1632 4696 sio

262 4726 414 4787 -obscnre
437 4724 577 4806 loquitor.
625 4725 741 4790 Contra
764 4744 855 4806 saepe
878 4725 945 4806 quis
967 4743 1063 4786 novae
1088 4721 1254 4786 sententias
1282 4721 1405 4784 usitatis
1428 4730 1459 4784 et
1481 4720 1634 4782 consuetis

287 4813 410 4876 vocibus
434 4813 570 4888 efferens,
593 4835 652 4878 non
672 4808 814 4897 exprimit
841 4822 971 4876 autnon
993 4813 1138 4894 imprimit
1159 4810 1322 4874 lectoribus
1347 4810 1438 4871 animi
1462 4809 1508 4872 sui
1531 4829 1631 4872 sensa.

374 4901 441 4982 Ego
456 4903 482 5052 qi
497 4923 618 4986 possem
632 4903 684 4968 via
697 4904 835 4968 incedere
850 4902 958 4978 media,
978 4921 1037 4966 non
1051 4900 1244 4982 negligerem,
1266 4895 1367 4982 itaque
1382 4899 1467 4980 cupio
1479 4899 1580 4981 juvari
1591 4931 1632 4945 -

289 4991 334 5058 (nil
351 4992 480 5060 requitur.
