3582 5558
680 1437 991 1545 Introductio
1022 1443 1078 1544 in
1108 1443 1202 1549 hoc
1234 1469 1368 1575 opus.

348 1769 554 1850 Durissima
574 1801 631 1850 est
651 1793 753 1848 bodie
774 1794 932 1848 conditio
954 1796 1134 1850 scribendi
1155 1797 1272 1851 libros
1294 1797 1519 1862 mathematicos,
1548 1798 1690 1868 praecipue

349 1876 553 1934 astronomicus.
594 1875 654 1930 Nisi
675 1874 747 1940 enim
767 1876 921 1930 servaveris
941 1877 1091 1948 genuinam
1112 1877 1295 1931 subtilitatem
1323 1878 1556 1948 propositionum,
1585 1879 1691 1934 instmc·

348 1960 464 2022 tionum,
496 1955 770 2019 demonstrationum,
801 1957 1018 2021 conclusionum,
1049 1957 1121 2012 liber
1141 1973 1195 2011 non
1215 1958 1269 2011 crit
1288 1959 1515 2022 mathematicus;
1545 1959 1691 2014 sinautem

349 2038 511 2102 servaveris,
531 2037 614 2091 lectio
636 2032 754 2090 efficitur
767 2036 959 2100 morosissime,
981 2038 1144 2106 praesertim
1160 2038 1187 2092 in
1201 2037 1304 2091 Latina
1317 2039 1424 2110 lingua,
1447 2057 1519 2110 qnae
1542 2047 1618 2094 caret
1631 2037 1690 2094 arti-
1713 2097 1715 2103 ᾗ

256 2119 260 2124 ’
348 2120 416 2173 culis
438 2125 467 2172 et
487 2119 536 2172 illa
556 2116 660 2190 gratia,
683 2133 763 2187 quam
784 2117 871 2170 habet
892 2118 1010 2182 Graeca,
1032 2133 1091 2171 com
1111 2135 1163 2188 per
1183 2118 1266 2189 signa
1286 2119 1413 2174 literaria
1432 2121 1567 2191 loquitur.
1610 2122 1690 2174 Adeo·

348 2217 400 2271 que
421 2198 502 2252 bodie
522 2214 654 2268 perquam
669 2195 751 2268 pauci
766 2204 831 2250 sunt
845 2197 963 2250 lectores
978 2197 1082 2254 idonei:
1106 2199 1189 2253 ceteri
1206 2198 1232 2252 in
1247 2201 1386 2253 commune
1400 2207 1546 2271 respuunt.
1582 2201 1690 2264 Quotus·

348 2281 461 2354 quisque
482 2277 736 2336 mathematicorum
767 2283 825 2342 est,
854 2277 902 2348 qui
933 2279 1037 2333 tolerat
1065 2279 1189 2334 laborem
1217 2281 1380 2352 perlegendi
1408 2281 1553 2354 Apollonii
1581 2277 1692 2370 Pergaei

348 2359 469 2415 Conicat
510 2359 563 2413 Est
583 2365 677 2413 tamen
698 2357 748 2411 illa
768 2359 887 2412 materia
907 2376 944 2412 ex
965 2376 998 2412 eo
1019 2376 1110 2414 rerum
1130 2377 1246 2432 genere,
1278 2361 1349 2431 quod
1371 2361 1454 2434 longe
1470 2361 1588 2416 facilius
1608 2359 1692 2432 expri-

346 2441 429 2496 mitur
448 2437 544 2510 figuris
567 2443 596 2493 et
616 2437 696 2492 lineis
718 2453 800 2508 quam
821 2439 1105 2494 astronomica·

426 2519 490 2590 lpse
511 2535 579 2591 ego,
608 2519 654 2589 qui
675 2517 884 2572 mathematicus
906 2520 1003 2584 audio,
1025 2521 1077 2574 hoc
1097 2535 1185 2573 meum
1213 2535 1282 2590 opus
1307 2519 1435 2591 relegens
1466 2521 1568 2576 fatisco
1597 2521 1691 2575 viribus

347 2599 461 2664 cerebri,
484 2600 546 2652 dum
567 2615 603 2652 ex
623 2599 720 2670 figuris
741 2601 777 2653 ad
797 2605 915 2652 mentm
935 2601 1033 2654 revoco
1055 2615 1152 2654 sensus
1174 2600 1449 2665 demonstrationum,
1479 2619 1549 2672 quos
1572 2608 1692 2656 amente

347 2683 374 2735 in
394 2677 500 2752 figuras
521 2687 550 2732 et
571 2680 707 2734 textum'
700 2697 760 2749 ipso
781 2695 835 2750 ego
855 2679 981 2749 primitus
1002 2681 1172 2736 induxeram.
1207 2682 1278 2734 Dum
1298 2680 1385 2753 igitur
1404 2683 1515 2736 medeor
1538 2679 1691 2737 obscuritati

346 2760 480 2816 mammae
500 2758 611 2812 insertis
632 2759 929 2825 circumlocutionibus,
957 2761 1017 2830 jarn
1044 2761 1110 2815 mihi
1131 2761 1269 2816 contrario
1289 2761 1356 2816 vitio
1377 2761 1499 2816 videor'
1491 2779 1520 2817 m
1541 2779 1573 2818 rc
1593 2761 1691 2818 mathe-

347 2840 449 2898 matica
472 2840 586 2910 loquax.

426 2921 464 2975 Et
483 2919 597 2974 habet'
590 2935 652 2990 ipsa
671 2917 755 2974 etiam
774 2919 922 2989 prolixitas
942 2919 1084 2990 phrasiurn
1099 2937 1176 2976 suam
1190 2919 1386 2986 obscuritatem
1405 2939 1459 2976 non
1472 2921 1605 2980 minorem
1619 2936 1691 2993 quan

344 3000 454 3057 concisa
474 3001 606 3056 brevitas.
650 3001 728 3054 Haec
748 3000 846 3055 mentis
868 3001 961 3056 ociulos
983 3000 1094 3074 afflugit,
1125 3002 1178 3056 illa
1197 3001 1339 3058 distrahit:
1368 3007 1436 3074 eget
1456 3003 1530 3058 baec
1550 3004 1628 3068 luce,
1647 3001 1691 3055 illa

344 3081 497 3154 splendoris
519 3080 597 3150 copia
619 3079 743 3134 laborat:
765 3079 885 3134 hicnon
905 3087 1030 3136 movetur
1049 3082 1133 3146 visus,
1155 3081 1317 3154 illiclplane
1338 3090 1516 3138 excoecatur.

422 3163 469 3216 Ex
483 3179 515 3215 eo
531 3157 672 3216 consilium
687 3159 756 3232 cepi,
776 3163 893 3232 quadam
908 3161 1052 3216 luculenta
1066 3161 1266 3218 introductione
1280 3161 1308 3215 in
1322 3163 1375 3218 hoc
1389 3180 1457 3234 opus
1467 3163 1573 3234 juvare
1588 3169 1688 3234 captum

346 3242 466 3306 lectoris,
493 3243 581 3312 quoad
603 3240 677 3310 ejus
684 3241 743 3295 lieri
763 3241 860 3311 possit.
924 3271 926 3274 ·

423 3323 503 3376 Illam
523 3339 589 3376 vero
610 3321 748 3392 geminam
769 3337 830 3375 esse
850 3319 934 3377 volui.
975 3321 1066 3376 Primo
1095 3339 1212 3394 namque
1234 3323 1397 3378 Tabulam
1428 3323 1550 3379 exhibeo
1571 3323 1688 3414 Sycop-

344 3403 454 3457 ticam
484 3403 604 3472 capitum
634 3401 697 3455 libri
728 3401 860 3466 omnium,
889 3401 967 3472 cujus
989 3403 1061 3456 hano
1080 3403 1232 3458 utilitatem
1253 3405 1374 3458 toturam
1395 3403 1539 3468 existimo,
1571 3413 1604 3459 ut
1632 3403 1690 3474 quia

344 3483 464 3537 materia
484 3488 528 3538 est
547 3487 655 3536 remota
676 3499 694 3535 a
713 3481 815 3536 notitia
834 3482 982 3536 multorum
1001 3465 1194 3554 terminique
1186 3501 1213 3538 ιιι
1234 3499 1270 3538 ea
1289 3484 1374 3549 varii,
1404 3485 1501 3539 variae
1530 3485 1690 3540 molitiones

343 3579 448 3634 magna
459 3562 574 3616 invicem
589 3561 772 3627 similitudine,
787 3579 890 3634 magna
895 3563 1070 3656 cognatione
1083 3565 1128 3617 vel
1143 3563 1253 3636 generis
1267 3565 1313 3619 vel
1327 3565 1464 3635 partium:
1486 3566 1598 3623 termini
1612 3564 1691 3638 ig'tur

345 3660 453 3708 omnes,
483 3641 637 3696 molitiones
667 3659 760 3696 omnes
777 3642 865 3712 juxta
893 3643 1008 3698 invicem
1037 3644 1146 3713 positae
1173 3661 1281 3715 unoque
1302 3653 1451 3716 conspecta
1472 3647 1690 3717 comprehensae,

343 3721 496 3778 colladons
516 3730 613 3789 mutua
633 3738 694 3776 seso
714 3723 829 3778 invicem
850 3726 993 3796 detegant.
1035 3725 1121 3780 Verbi
1141 3741 1244 3781 causa:
1274 3724 1393 3796 Disputo
1414 3727 1561 3781 decausis
1583 3733 1691 3782 natura·

336 3805 426 3867 libus,
449 3819 520 3873 quae
540 3803 688 3874 ignoratae
703 3811 855 3876 coegerunt
869 3811 985 3870 veteres,
1006 3810 1039 3859 ιιι
1053 3805 1183 3860 cuculum
1197 3811 1363 3876 aequantem
1377 3823 1426 3860 seu
1446 3814 1579 3877 punctum
1593 3819 1689 3877 aequa·

345 3884 444 3939 torium
464 3891 608 3953 ponerent.
649 3883 679 3938 ld
700 3891 792 3939 autem
814 3885 885 3939 facio
906 3885 1010 3938 duobus
1032 3885 1114 3950 locis,
1144 3887 1272 3956 partibus
1301 3887 1408 3940 scilicet
1428 3887 1513 3941 tertia
1533 3895 1565 3942 et
1585 3893 1689 3960 quarta.

345 3965 447 4020 Lector
466 3981 581 4018 versans
603 3965 629 4017 in
650 3965 703 4018 hac
724 3965 842 4021 lectione
868 3973 949 4036 parte
974 3964 1060 4019 tertia
1078 3972 1178 4036 putare
1198 3974 1295 4037 posset
1315 3967 1433 4036 mejam
1452 3983 1540 4040 agere
1554 3966 1690 4040 negotium

345 4044 554 4115 inaequalitatis
575 4044 696 4114 primae,
728 4061 799 4116 quae
826 4046 899 4100 inest
919 4045 1091 4119 cingulanum
1110 4047 1286 4117 planetarum
1307 4047 1426 4102 motibus
1447 4047 1570 4107 seorsim.
1611 4042 1690 4116 Atqui

344 4126 416 4182 haec
435 4125 553 4179 conditio
574 4125 652 4179 valet
673 4128 778 4180 dernurn
799 4133 880 4196 parte
902 4133 1009 4196 quarta.
1051 4127 1146 4180 Tertia
1165 4144 1231 4181 vero
1252 4133 1349 4197 parte,
1380 4135 1412 4181 ut
1433 4129 1561 4203 synopsis
1583 4128 1690 4187 indicat,

345 4209 378 4259 de
400 4206 447 4260 illo
469 4211 607 4277 aequante
622 4205 740 4276 disputo,
763 4208 808 4277 qui
822 4208 874 4260 sub
888 4207 995 4261 nomine
1012 4206 1219 4278 inaequalitatis
1235 4209 1371 4261 secundae
1385 4207 1565 4264 communiter
1578 4207 1690 4263 omnium

344 4288 519 4356 planetarum
541 4291 630 4340 motus
650 4286 744 4341 variat
763 4293 793 4340 et
813 4287 951 4357 primario
962 4287 990 4342 in
1010 4286 1073 4357 ipsa
1093 4287 1165 4342 Solis
1187 4287 1294 4343 theoria
1307 4295 1417 4360 regnat.
1455 4288 1528 4343 Huic
1547 4289 1635 4363 igitur
1653 4284 1690 4340 rei

345 4367 540 4421 discernendae
562 4366 665 4420 serviet
685 4367 832 4437 synoptico
852 4367 958 4422 tabula.

424 4448 526 4502 Verum
547 4447 618 4500 enim
641 4463 707 4500 vero
727 4465 762 4500 ne
783 4447 909 4518 synopsis
941 4447 1047 4518 quidem
1078 4463 1169 4503 omnes
1200 4465 1235 4503 ex
1264 4463 1353 4519 aequo
1368 4447 1461 4518 juvat.
1501 4449 1594 4504 Ειιιιιι
1614 4445 1689 4510 enim,

346 4525 444 4598 quibus
465 4527 535 4581 baec
555 4527 654 4582 tabula
675 4521 771 4596 (quam
791 4543 845 4598 ego
866 4544 916 4597 pro
930 4528 976 4582 fllo
991 4527 1110 4583 exhibeo
1125 4529 1160 4583 ad
1174 4531 1347 4584 remeandum
1361 4547 1398 4584 ex
1413 4527 1504 4601 operis
1518 4521 1690 4602 labyrintho)

345 4609 416 4674 nodo
438 4608 538 4663 Gordio
558 4605 713 4662 intricatior
737 4606 882 4662 videbitur.
924 4607 955 4660 ln
982 4625 1075 4663 eorum
1102 4607 1189 4682 igitur
1214 4609 1335 4682 gratiam
1362 4611 1451 4670 multa
1476 4611 1556 4669 hio'
1547 4627 1577 4665 m
1604 4610 1690 4664 tronto

346 4687 475 4742 collocari
496 4689 598 4741 debent
619 4686 776 4751 acervatim,
799 4703 869 4757 quae
891 4687 992 4758 partim
1011 4705 1062 4759 per
1083 4705 1152 4759 opus
1172 4689 1298 4761 dispersa
1320 4707 1375 4745 nou
1395 4692 1438 4746 ita
1456 4691 1539 4746 facile
1559 4691 1589 4746 in
1603 4697 1690 4746 hans·

347 4783 428 4820 cursu
450 4767 710 4823 animadvertentur.
749 4767 890 4838 Detegam
911 4774 1003 4822 autem
1024 4770 1051 4823 in
1071 4769 1193 4840 gratiam
1213 4770 1383 4841 potissimum
1403 4781 1510 4838 eorum,
1541 4771 1589 4843 qui
1608 4769 1688 4842 phy·

346 4846 448 4901 sicam
469 4849 634 4917 profitentur
654 4847 753 4921 quique
774 4847 872 4916 mihi,
894 4845 947 4905 imo
961 4863 1026 4910 vero
1041 4850 1233 4922 Copernico
1249 4853 1372 4924 adeoque
1385 4853 1565 4910 vetustati
1578 4851 1688 4910 urenae
