<?xml version="1.0" encoding="UTF-8"?>
<!DOCTYPE html PUBLIC "-//W3C//DTD XHTML 1.0 Transitional//EN"
    "http://www.w3.org/TR/xhtml1/DTD/xhtml1-transitional.dtd">
<html xmlns="http://www.w3.org/1999/xhtml" xml:lang="en" lang="en">
 <head>
  <title>
</title>
<meta http-equiv="Content-Type" content="text/html;charset=utf-8" />
  <meta name='ocr-system' content='tesseract 3.04.00' />
  <meta name='ocr-capabilities' content='ocr_page ocr_carea ocr_par ocr_line ocrx_word'/>
</head>
<body>
  <div class='ocr_page' id='page_1' title='image "./joanniskepleria28frisgoog_0054.png"; bbox 0 0 3552 5562; ppageno 0'>
   <div class='ocr_carea' id='block_1_1' title="bbox 482 287 1449 368">
    <p class='ocr_par' dir='ltr' id='par_1_1' title="bbox 482 287 1449 368">
     <span class='ocr_line' id='line_1_1' title="bbox 482 287 1449 368; baseline 0.003 -26"><span class='ocrx_word' id='word_1_1' title='bbox 482 287 512 342; x_wconf 89' lang='lat' dir='ltr'><strong>de</strong></span> <span class='ocrx_word' id='word_1_2' title='bbox 529 287 718 344; x_wconf 74' lang='lat' dir='ltr'><strong>Gemmentmis</strong></span> <span class='ocrx_word' id='word_1_3' title='bbox 736 292 768 344; x_wconf 88' lang='lat' dir='ltr'><strong>de</strong></span> <span class='ocrx_word' id='word_1_4' title='bbox 786 297 855 344; x_wconf 84' lang='lat' dir='ltr'><strong>metu</strong></span> <span class='ocrx_word' id='word_1_5' title='bbox 872 291 963 346; x_wconf 80' lang='lat' dir='ltr'><strong>stallae</strong></span> <span class='ocrx_word' id='word_1_6' title='bbox 978 289 1075 344; x_wconf 74' lang='lat' dir='ltr'><strong>Marde.</strong></span> <span class='ocrx_word' id='word_1_7' title='bbox 1406 288 1449 368; x_wconf 70' lang='grc'><strong>35</strong></span> 
     </span>
    </p>
   </div>
   <div class='ocr_carea' id='block_1_2' title="bbox 80 465 1454 4302">
    <p class='ocr_par' dir='ltr' id='par_1_2' title="bbox 90 465 1451 1518">
     <span class='ocr_line' id='line_1_2' title="bbox 92 465 1448 552; baseline 0.006 -24"><span class='ocrx_word' id='word_1_8' title='bbox 92 473 133 528; x_wconf 82' lang='lat' dir='ltr'><strong>est</strong></span> <span class='ocrx_word' id='word_1_9' title='bbox 174 465 312 530; x_wconf 76' lang='lat' dir='ltr'><strong>Mensis</strong></span> <span class='ocrx_word' id='word_1_10' title='bbox 336 468 432 532; x_wconf 87' lang='lat' dir='ltr'><strong>nobis</strong></span> <span class='ocrx_word' id='word_1_11' title='bbox 455 489 492 532; x_wconf 90' lang='lat' dir='ltr'><strong>eo</strong></span> <span class='ocrx_word' id='word_1_12' title='bbox 512 471 644 534; x_wconf 90' lang='lat' dir='ltr'><strong>curando</strong></span> <span class='ocrx_word' id='word_1_13' title='bbox 667 472 736 536; x_wconf 88' lang='lat' dir='ltr'><strong>dnm</strong></span> <span class='ocrx_word' id='word_1_14' title='bbox 764 477 952 552; x_wconf 78' lang='lat' dir='ltr'><strong>aegrotaret,</strong></span> <span class='ocrx_word' id='word_1_15' title='bbox 984 478 1016 533; x_wconf 87' lang='lat' dir='ltr'><strong>et</strong></span> <span class='ocrx_word' id='word_1_16' title='bbox 1037 472 1211 552; x_wconf 85' lang='lat' dir='ltr'><strong>sepeliendo</strong></span> <span class='ocrx_word' id='word_1_17' title='bbox 1233 477 1351 536; x_wconf 88' lang='lat' dir='ltr'><strong>mortno</strong></span> <span class='ocrx_word' id='word_1_18' title='bbox 1374 491 1448 536; x_wconf 85' lang='lat' dir='ltr'><strong>con-</strong></span> 
     </span>
     <span class='ocr_line' id='line_1_3' title="bbox 96 553 1451 648; baseline 0.006 -30"><span class='ocrx_word' id='word_1_19' title='bbox 96 563 204 618; x_wconf 86' lang='lat' dir='ltr'><strong>sumtus.</strong></span> <span class='ocrx_word' id='word_1_20' title='bbox 256 556 343 618; x_wconf 82' lang='lat' dir='ltr'><strong>lnde</strong></span> <span class='ocrx_word' id='word_1_21' title='bbox 379 578 475 639; x_wconf 84' lang='lat' dir='ltr'><strong>usque</strong></span> <span class='ocrx_word' id='word_1_22' title='bbox 506 559 544 622; x_wconf 89' lang='lat' dir='ltr'><strong>ad</strong></span> <span class='ocrx_word' id='word_1_23' title='bbox 576 557 669 624; x_wconf 83' lang='lat' dir='ltr'><strong>ferias</strong></span> <span class='ocrx_word' id='word_1_24' title='bbox 699 560 865 624; x_wconf 88' lang='lat' dir='ltr'><strong>Natalitias</strong></span> <span class='ocrx_word' id='word_1_25' title='bbox 896 560 993 648; x_wconf 74' lang='lat' dir='ltr'><strong>relegi</strong></span> <span class='ocrx_word' id='word_1_26' title='bbox 1010 553 1308 643; x_wconf 81' lang='lat' dir='ltr'><strong>&#39;Progymnesmata,</strong></span> <span class='ocrx_word' id='word_1_27' title='bbox 1341 561 1451 643; x_wconf 75' lang='lat' dir='ltr'><strong>scripsi</strong></span> 
     </span>
     <span class='ocr_line' id='line_1_4' title="bbox 97 645 1448 732; baseline 0.007 -26"><span class='ocrx_word' id='word_1_28' title='bbox 97 645 219 719; x_wconf 89' lang='lat' dir='ltr'><strong>indicem,</strong></span> <span class='ocrx_word' id='word_1_29' title='bbox 245 645 385 727; x_wconf 77' lang='lat' dir='ltr'><strong>concepi</strong></span> <span class='ocrx_word' id='word_1_30' title='bbox 408 656 508 724; x_wconf 87' lang='lat' dir='ltr'><strong>notas,</strong></span> <span class='ocrx_word' id='word_1_31' title='bbox 530 669 655 730; x_wconf 87' lang='lat' dir='ltr'><strong>quarum</strong></span> <span class='ocrx_word' id='word_1_32' title='bbox 677 651 796 732; x_wconf 83' lang='lat' dir='ltr'><strong>aliquae</strong></span> <span class='ocrx_word' id='word_1_33' title='bbox 820 651 945 723; x_wconf 83' lang='lat' dir='ltr'><strong>(utrem</strong></span> <span class='ocrx_word' id='word_1_34' title='bbox 958 650 1197 729; x_wconf 74' lang='lat' dir='ltr'><strong>indignissimam</strong></span> <span class='ocrx_word' id='word_1_35' title='bbox 1212 650 1309 712; x_wconf 88' lang='lat' dir='ltr'><strong>obiter</strong></span> <span class='ocrx_word' id='word_1_36' title='bbox 1324 651 1448 726; x_wconf 85' lang='lat' dir='ltr'><strong>addam)</strong></span> 
     </span>
     <span class='ocr_line' id='line_1_5' title="bbox 102 735 1450 820; baseline 0.004 -24"><span class='ocrx_word' id='word_1_37' title='bbox 102 735 301 796; x_wconf 79' lang='lat' dir='ltr'><strong>tanummodo</strong></span> <span class='ocrx_word' id='word_1_38' title='bbox 325 736 467 815; x_wconf 83' lang='lat' dir='ltr'><strong>privatae</strong></span> <span class='ocrx_word' id='word_1_39' title='bbox 490 739 664 803; x_wconf 88' lang='lat' dir='ltr'><strong>monitionis</strong></span> <span class='ocrx_word' id='word_1_40' title='bbox 687 760 780 804; x_wconf 85' lang='lat' dir='ltr'><strong>causa</strong></span> <span class='ocrx_word' id='word_1_41' title='bbox 803 739 952 820; x_wconf 89' lang='lat' dir='ltr'><strong>scriptae,</strong></span> <span class='ocrx_word' id='word_1_42' title='bbox 984 740 1173 820; x_wconf 90' lang='lat' dir='ltr'><strong>postmodum</strong></span> <span class='ocrx_word' id='word_1_43' title='bbox 1195 759 1249 820; x_wconf 91' lang='lat' dir='ltr'><strong>per</strong></span> <span class='ocrx_word' id='word_1_44' title='bbox 1279 737 1450 802; x_wconf 76' lang='lat' dir='ltr'><strong>simultates</strong></span> 
     </span>
     <span class='ocr_line' id='line_1_6' title="bbox 104 826 1450 907; baseline 0.004 -21"><span class='ocrx_word' id='word_1_45' title='bbox 104 836 222 898; x_wconf 79' lang='lat' dir='ltr'><strong>annas,</strong></span> <span class='ocrx_word' id='word_1_46' title='bbox 256 843 311 888; x_wconf 87' lang='lat' dir='ltr'><strong>me</strong></span> <span class='ocrx_word' id='word_1_47' title='bbox 336 844 396 888; x_wconf 91' lang='lat' dir='ltr'><strong>non</strong></span> <span class='ocrx_word' id='word_1_48' title='bbox 421 826 549 907; x_wconf 89' lang='lat' dir='ltr'><strong>amplius</strong></span> <span class='ocrx_word' id='word_1_49' title='bbox 572 829 718 905; x_wconf 86' lang='lat' dir='ltr'><strong>consulte,</strong></span> <span class='ocrx_word' id='word_1_50' title='bbox 744 830 864 892; x_wconf 88' lang='lat' dir='ltr'><strong>fuerunt</strong></span> <span class='ocrx_word' id='word_1_51' title='bbox 886 829 931 892; x_wconf 84' lang='lat' dir='ltr'><strong>ita</strong></span> <span class='ocrx_word' id='word_1_52' title='bbox 953 829 1067 892; x_wconf 85' lang='lat' dir='ltr'><strong>ruditer</strong></span> <span class='ocrx_word' id='word_1_53' title='bbox 1090 837 1122 892; x_wconf 89' lang='lat' dir='ltr'><strong>et</strong></span> <span class='ocrx_word' id='word_1_54' title='bbox 1144 828 1284 904; x_wconf 72' lang='lat' dir='ltr'><strong>eruditor,</strong></span> <span class='ocrx_word' id='word_1_55' title='bbox 1308 835 1343 890; x_wconf 91' lang='lat' dir='ltr'><strong>ut</strong></span> <span class='ocrx_word' id='word_1_56' title='bbox 1364 835 1450 892; x_wconf 89' lang='lat' dir='ltr'><strong>eraut</strong></span> 
     </span>
     <span class='ocr_line' id='line_1_7' title="bbox 104 915 1451 1002; baseline 0.004 -28"><span class='ocrx_word' id='word_1_57' title='bbox 104 932 174 974; x_wconf 83' lang='lat' dir='ltr'><strong>ame</strong></span> <span class='ocrx_word' id='word_1_58' title='bbox 199 921 390 995; x_wconf 75' lang='lat' dir='ltr'><strong>conceptae,</strong></span> <span class='ocrx_word' id='word_1_59' title='bbox 415 915 491 979; x_wconf 82' lang='lat' dir='ltr'><strong>citra</strong></span> <span class='ocrx_word' id='word_1_60' title='bbox 514 935 630 980; x_wconf 87' lang='lat' dir='ltr'><strong>omnem</strong></span> <span class='ocrx_word' id='word_1_61' title='bbox 652 918 1063 1002; x_wconf 77' lang='lat' dir='ltr'><strong>necessitatemimpressae,</strong></span> <span class='ocrx_word' id='word_1_62' title='bbox 1087 918 1223 994; x_wconf 87' lang='lat' dir='ltr'><strong>consilio,</strong></span> <span class='ocrx_word' id='word_1_63' title='bbox 1246 925 1279 981; x_wconf 90' lang='lat' dir='ltr'><strong>ut</strong></span> <span class='ocrx_word' id='word_1_64' title='bbox 1297 917 1391 996; x_wconf 89' lang='lat' dir='ltr'><strong>ajunt,</strong></span> <span class='ocrx_word' id='word_1_65' title='bbox 1413 937 1451 981; x_wconf 91' lang='lat' dir='ltr'><strong>ue</strong></span> 
     </span>
     <span class='ocr_line' id='line_1_8' title="bbox 100 1003 1449 1089; baseline 0.003 -25"><span class='ocrx_word' id='word_1_66' title='bbox 100 1003 234 1065; x_wconf 78' lang='lat' dir='ltr'><strong>haberem</strong></span> <span class='ocrx_word' id='word_1_67' title='bbox 259 1021 333 1083; x_wconf 87' lang='lat' dir='ltr'><strong>ego,</strong></span> <span class='ocrx_word' id='word_1_68' title='bbox 355 1023 415 1084; x_wconf 88' lang='lat' dir='ltr'><strong>quo</strong></span> <span class='ocrx_word' id='word_1_69' title='bbox 438 1005 645 1071; x_wconf 86' lang='lat' dir='ltr'><strong>calumniarer.</strong></span> <span class='ocrx_word' id='word_1_70' title='bbox 681 1007 749 1072; x_wconf 91' lang='lat' dir='ltr'><strong>Ubi</strong></span> <span class='ocrx_word' id='word_1_71' title='bbox 765 1008 856 1070; x_wconf 89' lang='lat' dir='ltr'><strong>etiam</strong></span> <span class='ocrx_word' id='word_1_72' title='bbox 872 1015 1064 1089; x_wconf 88' lang='lat' dir='ltr'><strong>praeceptum</strong></span> <span class='ocrx_word' id='word_1_73' title='bbox 1082 1005 1113 1070; x_wconf 89' lang='lat' dir='ltr'><strong>in</strong></span> <span class='ocrx_word' id='word_1_74' title='bbox 1132 1006 1449 1086; x_wconf 84' lang='lat' dir='ltr'><strong>computandeLunae</strong></span> 
     </span>
     <span class='ocr_line' id='line_1_9' title="bbox 98 1091 1450 1178; baseline 0.007 -25"><span class='ocrx_word' id='word_1_75' title='bbox 98 1091 282 1172; x_wconf 87' lang='lat' dir='ltr'><strong>longitudine</strong></span> <span class='ocrx_word' id='word_1_76' title='bbox 308 1111 347 1155; x_wconf 84' lang='lat' dir='ltr'><strong>ex</strong></span> <span class='ocrx_word' id='word_1_77' title='bbox 369 1113 439 1156; x_wconf 88' lang='lat' dir='ltr'><strong>mea</strong></span> <span class='ocrx_word' id='word_1_78' title='bbox 459 1113 554 1174; x_wconf 90' lang='lat' dir='ltr'><strong>prava</strong></span> <span class='ocrx_word' id='word_1_79' title='bbox 575 1097 761 1160; x_wconf 82' lang='lat' dir='ltr'><strong>correctione</strong></span> <span class='ocrx_word' id='word_1_80' title='bbox 794 1098 846 1170; x_wconf 89' lang='lat' dir='ltr'><strong>(de</strong></span> <span class='ocrx_word' id='word_1_81' title='bbox 878 1117 937 1178; x_wconf 92' lang='lat' dir='ltr'><strong>qua</strong></span> <span class='ocrx_word' id='word_1_82' title='bbox 968 1116 1049 1160; x_wconf 89' lang='lat' dir='ltr'><strong>eram</strong></span> <span class='ocrx_word' id='word_1_83' title='bbox 1082 1095 1208 1160; x_wconf 88' lang='lat' dir='ltr'><strong>seorsim</strong></span> <span class='ocrx_word' id='word_1_84' title='bbox 1231 1095 1450 1162; x_wconf 77' lang='lat' dir='ltr'><strong>deliberaturus</strong></span> 
     </span>
     <span class='ocr_line' id='line_1_10' title="bbox 95 1182 1451 1266; baseline 0.003 -22"><span class='ocrx_word' id='word_1_85' title='bbox 95 1191 173 1244; x_wconf 82' lang='lat' dir='ltr'><strong>extra</strong></span> <span class='ocrx_word' id='word_1_86' title='bbox 207 1182 394 1248; x_wconf 79' lang='lat' dir='ltr'><strong>feminarum</strong></span> <span class='ocrx_word' id='word_1_87' title='bbox 426 1184 598 1264; x_wconf 88' lang='lat' dir='ltr'><strong>strepitum:</strong></span> <span class='ocrx_word' id='word_1_88' title='bbox 637 1186 685 1250; x_wconf 88' lang='lat' dir='ltr'><strong>oni</strong></span> <span class='ocrx_word' id='word_1_89' title='bbox 722 1186 766 1250; x_wconf 88' lang='lat' dir='ltr'><strong>rei</strong></span> <span class='ocrx_word' id='word_1_90' title='bbox 801 1193 905 1250; x_wconf 89' lang='lat' dir='ltr'><strong>notam</strong></span> <span class='ocrx_word' id='word_1_91' title='bbox 941 1187 980 1250; x_wconf 90' lang='lat' dir='ltr'><strong>ad</strong></span> <span class='ocrx_word' id='word_1_92' title='bbox 1012 1185 1178 1264; x_wconf 88' lang='lat' dir='ltr'><strong>marginem</strong></span> <span class='ocrx_word' id='word_1_93' title='bbox 1208 1203 1385 1266; x_wconf 79' lang='lat' dir='ltr'><strong>posueram,</strong></span> <span class='ocrx_word' id='word_1_94' title='bbox 1416 1191 1451 1248; x_wconf 91' lang='lat' dir='ltr'><strong>nt</strong></span> 
     </span>
     <span class='ocr_line' id='line_1_11' title="bbox 93 1271 1451 1355; baseline 0.002 -22"><span class='ocrx_word' id='word_1_95' title='bbox 93 1271 219 1352; x_wconf 82' lang='lat' dir='ltr'><strong>amplius</strong></span> <span class='ocrx_word' id='word_1_96' title='bbox 245 1290 399 1352; x_wconf 86' lang='lat' dir='ltr'><strong>supereo</strong></span> <span class='ocrx_word' id='word_1_97' title='bbox 422 1274 590 1339; x_wconf 83' lang='lat' dir='ltr'><strong>conferrem</strong></span> <span class='ocrx_word' id='word_1_98' title='bbox 612 1293 678 1337; x_wconf 90' lang='lat' dir='ltr'><strong>cum</strong></span> <span class='ocrx_word' id='word_1_99' title='bbox 701 1276 895 1350; x_wconf 77' lang='lat' dir='ltr'><strong>haeredibus)</strong></span> <span class='ocrx_word' id='word_1_100' title='bbox 923 1294 970 1340; x_wconf 92' lang='lat' dir='ltr'><strong>me</strong></span> <span class='ocrx_word' id='word_1_101' title='bbox 1000 1293 1060 1343; x_wconf 91' lang='lat' dir='ltr'><strong>non</strong></span> <span class='ocrx_word' id='word_1_102' title='bbox 1082 1273 1211 1355; x_wconf 86' lang='lat' dir='ltr'><strong>amplius</strong></span> <span class='ocrx_word' id='word_1_103' title='bbox 1234 1273 1371 1336; x_wconf 88' lang='lat' dir='ltr'><strong>consulto</strong></span> <span class='ocrx_word' id='word_1_104' title='bbox 1393 1273 1451 1336; x_wconf 84' lang='lat' dir='ltr'><strong>fuit</strong></span> 
     </span>
     <span class='ocr_line' id='line_1_12' title="bbox 91 1359 1451 1448; baseline 0.005 -27"><span class='ocrx_word' id='word_1_105' title='bbox 91 1379 285 1440; x_wconf 84' lang='lat' dir='ltr'><strong>perversum:</strong></span> <span class='ocrx_word' id='word_1_106' title='bbox 312 1366 347 1423; x_wconf 90' lang='lat' dir='ltr'><strong>ut</strong></span> <span class='ocrx_word' id='word_1_107' title='bbox 366 1361 458 1443; x_wconf 86' lang='lat' dir='ltr'><strong>plane</strong></span> <span class='ocrx_word' id='word_1_108' title='bbox 480 1362 594 1425; x_wconf 86' lang='lat' dir='ltr'><strong>habeas</strong></span> <span class='ocrx_word' id='word_1_109' title='bbox 617 1370 650 1426; x_wconf 94' lang='lat' dir='ltr'><strong>tu</strong></span> <span class='ocrx_word' id='word_1_110' title='bbox 673 1366 721 1427; x_wconf 88' lang='lat' dir='ltr'><strong>vel</strong></span> <span class='ocrx_word' id='word_1_111' title='bbox 744 1365 893 1428; x_wconf 85' lang='lat' dir='ltr'><strong>Miillerue</strong></span> <span class='ocrx_word' id='word_1_112' title='bbox 915 1359 1031 1448; x_wconf 82' lang='lat' dir='ltr'><strong>potius,</strong></span> <span class='ocrx_word' id='word_1_113' title='bbox 1063 1364 1142 1447; x_wconf 86' lang='lat' dir='ltr'><strong>quod</strong></span> <span class='ocrx_word' id='word_1_114' title='bbox 1173 1362 1246 1428; x_wconf 86' lang='lat' dir='ltr'><strong>mihi</strong></span> <span class='ocrx_word' id='word_1_115' title='bbox 1278 1381 1331 1426; x_wconf 91' lang='lat' dir='ltr'><strong>seu</strong></span> <span class='ocrx_word' id='word_1_116' title='bbox 1352 1362 1451 1444; x_wconf 85' lang='lat' dir='ltr'><strong>magis</strong></span> 
     </span>
     <span class='ocr_line' id='line_1_13' title="bbox 90 1449 1147 1518; baseline 0.013 -7"><span class='ocrx_word' id='word_1_117' title='bbox 90 1449 306 1515; x_wconf 81' lang='lat' dir='ltr'><strong>simultatibus</strong></span> <span class='ocrx_word' id='word_1_118' title='bbox 328 1452 442 1514; x_wconf 88' lang='lat' dir='ltr'><strong>nestris</strong></span> <span class='ocrx_word' id='word_1_119' title='bbox 465 1453 681 1518; x_wconf 86' lang='lat' dir='ltr'><strong>succenseatis.</strong></span> <span class='ocrx_word' id='word_1_120' title='bbox 1143 1493 1147 1500; x_wconf 96' lang='lat'>·</span> 
     </span>
    </p>

    <p class='ocr_par' dir='ltr' id='par_1_3' title="bbox 80 1538 1454 4302">
     <span class='ocr_line' id='line_1_14' title="bbox 176 1538 1448 1620; baseline 0.002 -18"><span class='ocrx_word' id='word_1_121' title='bbox 176 1539 245 1602; x_wconf 90' lang='lat' dir='ltr'><strong>Sed</strong></span> <span class='ocrx_word' id='word_1_122' title='bbox 270 1539 501 1620; x_wconf 87' lang='lat' dir='ltr'><strong>regrediendum</strong></span> <span class='ocrx_word' id='word_1_123' title='bbox 522 1543 561 1604; x_wconf 90' lang='lat' dir='ltr'><strong>ad</strong></span> <span class='ocrx_word' id='word_1_124' title='bbox 583 1543 670 1606; x_wconf 90' lang='lat' dir='ltr'><strong>initia</strong></span> <span class='ocrx_word' id='word_1_125' title='bbox 691 1538 888 1619; x_wconf 75' lang='lat' dir='ltr'><strong>anni16023</strong></span> <span class='ocrx_word' id='word_1_126' title='bbox 920 1541 962 1605; x_wconf 84' lang='lat' dir='ltr'><strong>rbi</strong></span> <span class='ocrx_word' id='word_1_127' title='bbox 994 1550 1027 1606; x_wconf 86' lang='lat' dir='ltr'><strong>tn</strong></span> <span class='ocrx_word' id='word_1_128' title='bbox 1048 1541 1111 1606; x_wconf 89' lang='lat' dir='ltr'><strong>noli</strong></span> <span class='ocrx_word' id='word_1_129' title='bbox 1134 1541 1282 1604; x_wconf 85' lang='lat' dir='ltr'><strong>rationem</strong></span> <span class='ocrx_word' id='word_1_130' title='bbox 1303 1541 1448 1620; x_wconf 86' lang='lat' dir='ltr'><strong>temporis</strong></span> 
     </span>
     <span class='ocr_line' id='line_1_15' title="bbox 86 1627 1448 1713; baseline 0.002 -24"><span class='ocrx_word' id='word_1_131' title='bbox 86 1629 224 1708; x_wconf 81' lang='lat' dir='ltr'><strong>erigere.</strong></span> <span class='ocrx_word' id='word_1_132' title='bbox 274 1627 374 1692; x_wconf 88' lang='lat' dir='ltr'><strong>Crede</strong></span> <span class='ocrx_word' id='word_1_133' title='bbox 398 1629 485 1704; x_wconf 85' lang='lat' dir='ltr'><strong>mihi,</strong></span> <span class='ocrx_word' id='word_1_134' title='bbox 517 1634 596 1713; x_wconf 86' lang='lat' dir='ltr'><strong>quod</strong></span> <span class='ocrx_word' id='word_1_135' title='bbox 628 1633 704 1696; x_wconf 89' lang='lat' dir='ltr'><strong>duos</strong></span> <span class='ocrx_word' id='word_1_136' title='bbox 735 1632 871 1712; x_wconf 89' lang='lat' dir='ltr'><strong>integros</strong></span> <span class='ocrx_word' id='word_1_137' title='bbox 902 1651 1022 1696; x_wconf 90' lang='lat' dir='ltr'><strong>menses</strong></span> <span class='ocrx_word' id='word_1_138' title='bbox 1046 1631 1155 1694; x_wconf 85' lang='lat' dir='ltr'><strong>stando</strong></span> <span class='ocrx_word' id='word_1_139' title='bbox 1179 1628 1448 1713; x_wconf 79' lang='lat' dir='ltr'><strong>consumserimin</strong></span> 
     </span>
     <span class='ocr_line' id='line_1_16' title="bbox 86 1709 1447 1805; baseline 0.009 -25"><span class='ocrx_word' id='word_1_140' title='bbox 86 1717 226 1798; x_wconf 76' lang='lat' dir='ltr'><strong>equestri</strong></span> <span class='ocrx_word' id='word_1_141' title='bbox 249 1717 384 1798; x_wconf 79' lang='lat' dir='ltr'><strong>palatio.</strong></span> <span class='ocrx_word' id='word_1_142' title='bbox 424 1719 504 1784; x_wconf 87' lang='lat' dir='ltr'><strong>Nam</strong></span> <span class='ocrx_word' id='word_1_143' title='bbox 526 1729 643 1784; x_wconf 88' lang='lat' dir='ltr'><strong>mortuo</strong></span> <span class='ocrx_word' id='word_1_144' title='bbox 666 1721 808 1805; x_wconf 81' lang='lat' dir='ltr'><strong>Tychone</strong></span> <span class='ocrx_word' id='word_1_145' title='bbox 832 1717 883 1784; x_wconf 83' lang='grc'><strong>24.</strong></span> <span class='ocrx_word' id='word_1_146' title='bbox 909 1721 977 1786; x_wconf 86' lang='lat' dir='ltr'><strong>Oct.</strong></span> <span class='ocrx_word' id='word_1_147' title='bbox 1002 1709 1106 1792; x_wconf 61' lang='grc'>0601)</span> <span class='ocrx_word' id='word_1_148' title='bbox 1128 1719 1291 1784; x_wconf 62' lang='lat' dir='ltr'><strong>Barwifiut</strong></span> <span class='ocrx_word' id='word_1_149' title='bbox 1309 1713 1360 1782; x_wconf 77' lang='lat'><strong>²⁶·</strong></span> <span class='ocrx_word' id='word_1_150' title='bbox 1379 1718 1447 1783; x_wconf 60' lang='lat'><strong>00⁶·</strong></span> 
     </span>
     <span class='ocr_line' id='line_1_17' title="bbox 84 1807 1451 1894; baseline 0.001 -24"><span class='ocrx_word' id='word_1_151' title='bbox 84 1807 160 1870; x_wconf 92' lang='lat' dir='ltr'><strong>mihi</strong></span> <span class='ocrx_word' id='word_1_152' title='bbox 182 1807 272 1868; x_wconf 91' lang='lat' dir='ltr'><strong>ultro</strong></span> <span class='ocrx_word' id='word_1_153' title='bbox 299 1807 443 1870; x_wconf 84' lang='lat' dir='ltr'><strong>salarium</strong></span> <span class='ocrx_word' id='word_1_154' title='bbox 467 1809 650 1876; x_wconf 81' lang='lat' dir='ltr'><strong>Caesareum</strong></span> <span class='ocrx_word' id='word_1_155' title='bbox 673 1809 879 1886; x_wconf 87' lang='lat' dir='ltr'><strong>annunciavit;</strong></span> <span class='ocrx_word' id='word_1_156' title='bbox 912 1809 943 1872; x_wconf 95' lang='lat' dir='ltr'><strong>id</strong></span> <span class='ocrx_word' id='word_1_157' title='bbox 974 1818 1008 1872; x_wconf 92' lang='lat' dir='ltr'><strong>ut</strong></span> <span class='ocrx_word' id='word_1_158' title='bbox 1039 1810 1263 1894; x_wconf 85' lang='lat' dir='ltr'><strong>confirmaretur</strong></span> <span class='ocrx_word' id='word_1_159' title='bbox 1290 1808 1451 1888; x_wconf 88' lang='lat' dir='ltr'><strong>petendum</strong></span> 
     </span>
     <span class='ocr_line' id='line_1_18' title="bbox 83 1895 1452 1982; baseline 0.003 -26"><span class='ocrx_word' id='word_1_160' title='bbox 83 1903 164 1968; x_wconf 86' lang='lat' dir='ltr'><strong>erat,</strong></span> <span class='ocrx_word' id='word_1_161' title='bbox 188 1895 294 1956; x_wconf 87' lang='lat' dir='ltr'><strong>donec</strong></span> <span class='ocrx_word' id='word_1_162' title='bbox 316 1896 439 1960; x_wconf 87' lang='lat' dir='ltr'><strong>tandem</strong></span> <span class='ocrx_word' id='word_1_163' title='bbox 453 1895 483 1962; x_wconf 88' lang='lat'><strong>9.</strong></span> <span class='ocrx_word' id='word_1_164' title='bbox 498 1900 603 1962; x_wconf 86' lang='lat' dir='ltr'><strong>Martii</strong></span> <span class='ocrx_word' id='word_1_165' title='bbox 626 1901 753 1981; x_wconf 83' lang='lat' dir='ltr'><strong>primam</strong></span> <span class='ocrx_word' id='word_1_166' title='bbox 777 1899 879 1978; x_wconf 90' lang='lat' dir='ltr'><strong>accepi</strong></span> <span class='ocrx_word' id='word_1_167' title='bbox 903 1899 1070 1979; x_wconf 84' lang='lat' dir='ltr'><strong>pecuniam.</strong></span> <span class='ocrx_word' id='word_1_168' title='bbox 1112 1897 1210 1960; x_wconf 85' lang='lat' dir='ltr'><strong>Paulo</strong></span> <span class='ocrx_word' id='word_1_169' title='bbox 1231 1905 1303 1979; x_wconf 85' lang='lat' dir='ltr'><strong>post</strong></span> <span class='ocrx_word' id='word_1_170' title='bbox 1324 1897 1452 1982; x_wconf 82' lang='lat' dir='ltr'><strong>migravi</strong></span> 
     </span>
     <span class='ocr_line' id='line_1_19' title="bbox 83 1984 1451 2070; baseline 0.001 -24"><span class='ocrx_word' id='word_1_171' title='bbox 83 1985 291 2059; x_wconf 82' lang='lat' dir='ltr'><strong>Emauntem,</strong></span> <span class='ocrx_word' id='word_1_172' title='bbox 315 1985 407 2048; x_wconf 86' lang='lat' dir='ltr'><strong>herae</strong></span> <span class='ocrx_word' id='word_1_173' title='bbox 429 1987 517 2050; x_wconf 88' lang='lat' dir='ltr'><strong>unius</strong></span> <span class='ocrx_word' id='word_1_174' title='bbox 540 1987 648 2052; x_wconf 89' lang='lat' dir='ltr'><strong>itinere</strong></span> <span class='ocrx_word' id='word_1_175' title='bbox 672 1989 822 2052; x_wconf 83' lang='lat' dir='ltr'><strong>cursitans</strong></span> <span class='ocrx_word' id='word_1_176' title='bbox 845 1987 979 2070; x_wconf 87' lang='lat' dir='ltr'><strong>quotidie</strong></span> <span class='ocrx_word' id='word_1_177' title='bbox 1002 1989 1033 2050; x_wconf 94' lang='lat' dir='ltr'><strong>in</strong></span> <span class='ocrx_word' id='word_1_178' title='bbox 1056 1987 1165 2052; x_wconf 89' lang='lat' dir='ltr'><strong>aulam.</strong></span> <span class='ocrx_word' id='word_1_179' title='bbox 1212 1984 1258 2050; x_wconf 91' lang='lat' dir='ltr'><strong>Ibi</strong></span> <span class='ocrx_word' id='word_1_180' title='bbox 1281 1994 1344 2048; x_wconf 89' lang='lat' dir='ltr'><strong>turn</strong></span> <span class='ocrx_word' id='word_1_181' title='bbox 1367 1984 1451 2066; x_wconf 91' lang='lat' dir='ltr'><strong>coepi</strong></span> 
     </span>
     <span class='ocr_line' id='line_1_20' title="bbox 83 2074 1452 2160; baseline 0 -24"><span class='ocrx_word' id='word_1_182' title='bbox 83 2074 258 2136; x_wconf 86' lang='lat' dir='ltr'><strong>observare</strong></span> <span class='ocrx_word' id='word_1_183' title='bbox 285 2081 318 2135; x_wconf 89' lang='lat' dir='ltr'><strong>et</strong></span> <span class='ocrx_word' id='word_1_184' title='bbox 340 2074 380 2136; x_wconf 85' lang='lat' dir='ltr'><strong>ad</strong></span> <span class='ocrx_word' id='word_1_185' title='bbox 401 2076 534 2140; x_wconf 85' lang='lat' dir='ltr'><strong>Martem</strong></span> <span class='ocrx_word' id='word_1_186' title='bbox 556 2079 670 2150; x_wconf 90' lang='lat' dir='ltr'><strong>redire,</strong></span> <span class='ocrx_word' id='word_1_187' title='bbox 701 2077 876 2160; x_wconf 86' lang='lat' dir='ltr'><strong>invenique,</strong></span> <span class='ocrx_word' id='word_1_188' title='bbox 908 2078 989 2140; x_wconf 86' lang='lat' dir='ltr'><strong>viam</strong></span> <span class='ocrx_word' id='word_1_189' title='bbox 1021 2077 1086 2157; x_wconf 90' lang='lat' dir='ltr'><strong>ejus</strong></span> <span class='ocrx_word' id='word_1_190' title='bbox 1113 2095 1181 2138; x_wconf 88' lang='lat' dir='ltr'><strong>esse</strong></span> <span class='ocrx_word' id='word_1_191' title='bbox 1205 2095 1273 2153; x_wconf 46' lang='lat' dir='ltr'><strong>non,</strong></span> <span class='ocrx_word' id='word_1_192' title='bbox 1287 2075 1452 2158; x_wconf 80' lang='lat' dir='ltr'><strong>perlectum</strong></span> 
     </span>
     <span class='ocr_line' id='line_1_21' title="bbox 83 2162 1451 2248; baseline 0.001 -24"><span class='ocrx_word' id='word_1_193' title='bbox 83 2162 316 2238; x_wconf 84' lang='lat' dir='ltr'><strong>eccentricum,</strong></span> <span class='ocrx_word' id='word_1_194' title='bbox 349 2163 403 2228; x_wconf 91' lang='lat' dir='ltr'><strong>sed</strong></span> <span class='ocrx_word' id='word_1_195' title='bbox 434 2165 559 2230; x_wconf 84' lang='lat' dir='ltr'><strong>evalem.</strong></span> <span class='ocrx_word' id='word_1_196' title='bbox 607 2167 790 2248; x_wconf 81' lang='lat' dir='ltr'><strong>Supervenit</strong></span> <span class='ocrx_word' id='word_1_197' title='bbox 811 2175 912 2230; x_wconf 89' lang='lat' dir='ltr'><strong>autem</strong></span> <span class='ocrx_word' id='word_1_198' title='bbox 934 2165 1140 2246; x_wconf 85' lang='lat' dir='ltr'><strong>Tengnaglius</strong></span> <span class='ocrx_word' id='word_1_199' title='bbox 1172 2171 1205 2226; x_wconf 88' lang='lat' dir='ltr'><strong>et</strong></span> <span class='ocrx_word' id='word_1_200' title='bbox 1235 2163 1350 2226; x_wconf 90' lang='lat' dir='ltr'><strong>invenit</strong></span> <span class='ocrx_word' id='word_1_201' title='bbox 1380 2163 1451 2226; x_wconf 84' lang='lat' dir='ltr'><strong>lites</strong></span> 
     </span>
     <span class='ocr_line' id='line_1_22' title="bbox 81 2253 1452 2339; baseline 0.001 -25"><span class='ocrx_word' id='word_1_202' title='bbox 81 2271 128 2314; x_wconf 90' lang='lat' dir='ltr'><strong>me</strong></span> <span class='ocrx_word' id='word_1_203' title='bbox 154 2254 243 2315; x_wconf 89' lang='lat' dir='ltr'><strong>inter</strong></span> <span class='ocrx_word' id='word_1_204' title='bbox 267 2260 300 2314; x_wconf 88' lang='lat' dir='ltr'><strong>et</strong></span> <span class='ocrx_word' id='word_1_205' title='bbox 315 2253 526 2334; x_wconf 86' lang='lat' dir='ltr'><strong>Tychonianos</strong></span> <span class='ocrx_word' id='word_1_206' title='bbox 548 2257 623 2339; x_wconf 87' lang='lat' dir='ltr'><strong>(qua</strong></span> <span class='ocrx_word' id='word_1_207' title='bbox 642 2255 674 2320; x_wconf 91' lang='lat' dir='ltr'><strong>iu</strong></span> <span class='ocrx_word' id='word_1_208' title='bbox 687 2277 720 2320; x_wconf 90' lang='lat' dir='ltr'><strong>re</strong></span> <span class='ocrx_word' id='word_1_209' title='bbox 735 2255 942 2320; x_wconf 84' lang='lat' dir='ltr'><strong>curiositatem</strong></span> <span class='ocrx_word' id='word_1_210' title='bbox 957 2255 1013 2318; x_wconf 89' lang='lat' dir='ltr'><strong>tibi</strong></span> <span class='ocrx_word' id='word_1_211' title='bbox 1028 2274 1127 2317; x_wconf 84' lang='lat' dir='ltr'><strong>meam</strong></span> <span class='ocrx_word' id='word_1_212' title='bbox 1141 2253 1270 2316; x_wconf 87' lang='lat' dir='ltr'><strong>libenter</strong></span> <span class='ocrx_word' id='word_1_213' title='bbox 1285 2253 1393 2327; x_wconf 83' lang='lat' dir='ltr'><strong>fateor,</strong></span> <span class='ocrx_word' id='word_1_214' title='bbox 1417 2259 1452 2316; x_wconf 91' lang='lat' dir='ltr'><strong>nt</strong></span> 
     </span>
     <span class='ocr_line' id='line_1_23' title="bbox 82 2339 1453 2427; baseline -0.001 -23"><span class='ocrx_word' id='word_1_215' title='bbox 82 2343 159 2406; x_wconf 90' lang='lat' dir='ltr'><strong>olim</strong></span> <span class='ocrx_word' id='word_1_216' title='bbox 175 2359 303 2423; x_wconf 82' lang='lat' dir='ltr'><strong>quoqne</strong></span> <span class='ocrx_word' id='word_1_217' title='bbox 321 2339 352 2402; x_wconf 90' lang='lat' dir='ltr'><strong>in</strong></span> <span class='ocrx_word' id='word_1_218' title='bbox 367 2342 490 2416; x_wconf 87' lang='lat' dir='ltr'><strong>literis),</strong></span> <span class='ocrx_word' id='word_1_219' title='bbox 514 2353 546 2408; x_wconf 90' lang='lat' dir='ltr'><strong>et</strong></span> <span class='ocrx_word' id='word_1_220' title='bbox 558 2365 605 2408; x_wconf 89' lang='lat' dir='ltr'><strong>me</strong></span> <span class='ocrx_word' id='word_1_221' title='bbox 621 2345 806 2427; x_wconf 83' lang='lat' dir='ltr'><strong>quarundam</strong></span> <span class='ocrx_word' id='word_1_222' title='bbox 821 2345 1064 2416; x_wconf 84' lang='lat' dir='ltr'><strong>observationum</strong></span> <span class='ocrx_word' id='word_1_223' title='bbox 1077 2363 1137 2406; x_wconf 91' lang='lat' dir='ltr'><strong>non</strong></span> <span class='ocrx_word' id='word_1_224' title='bbox 1152 2348 1269 2406; x_wconf 86' lang='lat' dir='ltr'><strong>oratum</strong></span> <span class='ocrx_word' id='word_1_225' title='bbox 1288 2341 1453 2418; x_wconf 89' lang='lat' dir='ltr'><strong>custodem,</strong></span> 
     </span>
     <span class='ocr_line' id='line_1_24' title="bbox 81 2429 1453 2514; baseline 0.003 -24"><span class='ocrx_word' id='word_1_226' title='bbox 81 2453 161 2514; x_wconf 76' lang='lat' dir='ltr'><strong>quas</strong></span> <span class='ocrx_word' id='word_1_227' title='bbox 186 2429 252 2512; x_wconf 87' lang='lat' dir='ltr'><strong>ipsi</strong></span> <span class='ocrx_word' id='word_1_228' title='bbox 279 2429 401 2512; x_wconf 90' lang='lat' dir='ltr'><strong>quidem</strong></span> <span class='ocrx_word' id='word_1_229' title='bbox 433 2431 510 2496; x_wconf 88' lang='lat' dir='ltr'><strong>citra</strong></span> <span class='ocrx_word' id='word_1_230' title='bbox 541 2435 634 2497; x_wconf 90' lang='lat' dir='ltr'><strong>ullam</strong></span> <span class='ocrx_word' id='word_1_231' title='bbox 665 2435 902 2498; x_wconf 88' lang='lat' dir='ltr'><strong>controversiam</strong></span> <span class='ocrx_word' id='word_1_232' title='bbox 929 2433 1057 2510; x_wconf 84' lang='lat' dir='ltr'><strong>tradidi3</strong></span> <span class='ocrx_word' id='word_1_233' title='bbox 1090 2432 1145 2494; x_wconf 90' lang='lat' dir='ltr'><strong>sed</strong></span> <span class='ocrx_word' id='word_1_234' title='bbox 1176 2431 1325 2494; x_wconf 84' lang='lat' dir='ltr'><strong>adventus</strong></span> <span class='ocrx_word' id='word_1_235' title='bbox 1357 2430 1453 2510; x_wconf 89' lang='lat' dir='ltr'><strong>ipsius</strong></span> 
     </span>
     <span class='ocr_line' id='line_1_25' title="bbox 80 2519 1454 2606; baseline -0.001 -24"><span class='ocrx_word' id='word_1_236' title='bbox 80 2540 185 2582; x_wconf 88' lang='lat' dir='ltr'><strong>meum</strong></span> <span class='ocrx_word' id='word_1_237' title='bbox 211 2519 365 2582; x_wconf 89' lang='lat' dir='ltr'><strong>salarium</strong></span> <span class='ocrx_word' id='word_1_238' title='bbox 397 2541 543 2602; x_wconf 85' lang='lat' dir='ltr'><strong>quaesere</strong></span> <span class='ocrx_word' id='word_1_239' title='bbox 572 2524 740 2586; x_wconf 88' lang='lat' dir='ltr'><strong>videbatur.</strong></span> <span class='ocrx_word' id='word_1_240' title='bbox 786 2525 892 2606; x_wconf 87' lang='lat' dir='ltr'><strong>ltaque</strong></span> <span class='ocrx_word' id='word_1_241' title='bbox 921 2541 1018 2586; x_wconf 89' lang='lat' dir='ltr'><strong>novae</strong></span> <span class='ocrx_word' id='word_1_242' title='bbox 1051 2529 1135 2586; x_wconf 91' lang='lat' dir='ltr'><strong>ortae</strong></span> <span class='ocrx_word' id='word_1_243' title='bbox 1168 2519 1400 2584; x_wconf 84' lang='lat' dir='ltr'><strong>sollicitationes</strong></span> <span class='ocrx_word' id='word_1_244' title='bbox 1422 2525 1454 2580; x_wconf 88' lang='lat' dir='ltr'><strong>et</strong></span> 
     </span>
     <span class='ocr_line' id='line_1_26' title="bbox 84 2608 1453 2693; baseline -0.001 -21"><span class='ocrx_word' id='word_1_245' title='bbox 84 2609 219 2691; x_wconf 89' lang='lat' dir='ltr'><strong>deniqne</strong></span> <span class='ocrx_word' id='word_1_246' title='bbox 244 2627 299 2672; x_wconf 85' lang='lat' dir='ltr'><strong>res</strong></span> <span class='ocrx_word' id='word_1_247' title='bbox 323 2627 359 2670; x_wconf 91' lang='lat' dir='ltr'><strong>eo</strong></span> <span class='ocrx_word' id='word_1_248' title='bbox 383 2609 482 2684; x_wconf 90' lang='lat' dir='ltr'><strong>rediit,</strong></span> <span class='ocrx_word' id='word_1_249' title='bbox 505 2619 539 2674; x_wconf 91' lang='lat' dir='ltr'><strong>ut</strong></span> <span class='ocrx_word' id='word_1_250' title='bbox 555 2613 680 2692; x_wconf 87' lang='lat' dir='ltr'><strong>juberer</strong></span> <span class='ocrx_word' id='word_1_251' title='bbox 694 2613 847 2676; x_wconf 87' lang='lat' dir='ltr'><strong>nominare</strong></span> <span class='ocrx_word' id='word_1_252' title='bbox 862 2613 964 2676; x_wconf 88' lang='lat' dir='ltr'><strong>studia</strong></span> <span class='ocrx_word' id='word_1_253' title='bbox 978 2631 1031 2674; x_wconf 88' lang='lat' dir='ltr'><strong>seu</strong></span> <span class='ocrx_word' id='word_1_254' title='bbox 1046 2629 1249 2693; x_wconf 85' lang='lat' dir='ltr'><strong>epera,.quae</strong></span> <span class='ocrx_word' id='word_1_255' title='bbox 1270 2608 1453 2688; x_wconf 89' lang='lat' dir='ltr'><strong>susciperem</strong></span> 
     </span>
     <span class='ocr_line' id='line_1_27' title="bbox 83 2695 1452 2782; baseline 0 -22"><span class='ocrx_word' id='word_1_256' title='bbox 83 2697 281 2778; x_wconf 85' lang='lat' dir='ltr'><strong>perficienda</strong></span> <span class='ocrx_word' id='word_1_257' title='bbox 303 2715 358 2776; x_wconf 90' lang='lat' dir='ltr'><strong>pro</strong></span> <span class='ocrx_word' id='word_1_258' title='bbox 383 2699 495 2762; x_wconf 86' lang='lat' dir='ltr'><strong>salario</strong></span> <span class='ocrx_word' id='word_1_259' title='bbox 517 2721 594 2764; x_wconf 88' lang='lat' dir='ltr'><strong>mco.</strong></span> <span class='ocrx_word' id='word_1_260' title='bbox 639 2704 767 2766; x_wconf 88' lang='lat' dir='ltr'><strong>Factum</strong></span> <span class='ocrx_word' id='word_1_261' title='bbox 789 2702 820 2765; x_wconf 93' lang='lat' dir='ltr'><strong>id</strong></span> <span class='ocrx_word' id='word_1_262' title='bbox 843 2710 892 2766; x_wconf 90' lang='lat' dir='ltr'><strong>est</strong></span> <span class='ocrx_word' id='word_1_263' title='bbox 917 2696 1010 2766; x_wconf 86' lang='grc'>1602.</span> <span class='ocrx_word' id='word_1_264' title='bbox 1029 2695 1242 2782; x_wconf 86' lang='lat' dir='ltr'><strong>Septembri.¹)</strong></span> <span class='ocrx_word' id='word_1_265' title='bbox 1274 2697 1452 2777; x_wconf 88' lang='lat' dir='ltr'><strong>Nuncupavi</strong></span> 
     </span>
     <span class='ocr_line' id='line_1_28' title="bbox 84 2785 1451 2872; baseline -0.002 -22"><span class='ocrx_word' id='word_1_266' title='bbox 84 2785 314 2850; x_wconf 81' lang='lat' dir='ltr'><strong>Astronomiae</strong></span> <span class='ocrx_word' id='word_1_267' title='bbox 342 2795 461 2869; x_wconf 88' lang='lat' dir='ltr'><strong>partem</strong></span> <span class='ocrx_word' id='word_1_268' title='bbox 484 2790 625 2871; x_wconf 86' lang='lat' dir='ltr'><strong>Opticam</strong></span> <span class='ocrx_word' id='word_1_269' title='bbox 657 2791 696 2854; x_wconf 88' lang='lat' dir='ltr'><strong>ad</strong></span> <span class='ocrx_word' id='word_1_270' title='bbox 729 2792 885 2872; x_wconf 89' lang='lat' dir='ltr'><strong>sequeutia</strong></span> <span class='ocrx_word' id='word_1_271' title='bbox 907 2791 1070 2866; x_wconf 86' lang='lat' dir='ltr'><strong>Natalitia‚</strong></span> <span class='ocrx_word' id='word_1_272' title='bbox 1105 2795 1136 2850; x_wconf 92' lang='lat' dir='ltr'><strong>et</strong></span> <span class='ocrx_word' id='word_1_273' title='bbox 1159 2787 1382 2852; x_wconf 77' lang='lat' dir='ltr'><strong>commentaria</strong></span> <span class='ocrx_word' id='word_1_274' title='bbox 1414 2785 1451 2848; x_wconf 90' lang='lat' dir='ltr'><strong>de</strong></span> 
     </span>
     <span class='ocr_line' id='line_1_29' title="bbox 83 2874 1454 2961; baseline 0 -23"><span class='ocrx_word' id='word_1_275' title='bbox 83 2876 223 2938; x_wconf 71' lang='lat' dir='ltr'><strong>motibus</strong></span> <span class='ocrx_word' id='word_1_276' title='bbox 246 2874 362 2938; x_wconf 81' lang='lat' dir='ltr'><strong>Martis</strong></span> <span class='ocrx_word' id='word_1_277' title='bbox 386 2875 425 2938; x_wconf 91' lang='lat' dir='ltr'><strong>ad</strong></span> <span class='ocrx_word' id='word_1_278' title='bbox 449 2898 578 2961; x_wconf 86' lang='lat' dir='ltr'><strong>sequens</strong></span> <span class='ocrx_word' id='word_1_279' title='bbox 590 2880 721 2944; x_wconf 85' lang='lat' dir='ltr'><strong>Pascha.</strong></span> <span class='ocrx_word' id='word_1_280' title='bbox 768 2879 910 2961; x_wconf 89' lang='lat' dir='ltr'><strong>Seposito</strong></span> <span class='ocrx_word' id='word_1_281' title='bbox 932 2881 1023 2961; x_wconf 88' lang='lat' dir='ltr'><strong>igitur</strong></span> <span class='ocrx_word' id='word_1_282' title='bbox 1038 2881 1139 2944; x_wconf 89' lang='lat' dir='ltr'><strong>Marte</strong></span> <span class='ocrx_word' id='word_1_283' title='bbox 1162 2877 1257 2940; x_wconf 86' lang='lat' dir='ltr'><strong>snmsi</strong></span> <span class='ocrx_word' id='word_1_284' title='bbox 1276 2875 1396 2956; x_wconf 88' lang='lat' dir='ltr'><strong>Optica,</strong></span> <span class='ocrx_word' id='word_1_285' title='bbox 1422 2883 1454 2938; x_wconf 90' lang='lat' dir='ltr'><strong>et</strong></span> 
     </span>
     <span class='ocr_line' id='line_1_30' title="bbox 85 2964 1451 3051; baseline 0 -25"><span class='ocrx_word' id='word_1_286' title='bbox 85 2985 156 3028; x_wconf 85' lang='lat' dir='ltr'><strong>cum</strong></span> <span class='ocrx_word' id='word_1_287' title='bbox 176 2965 245 3045; x_wconf 85' lang='lat' dir='ltr'><strong>jam</strong></span> <span class='ocrx_word' id='word_1_288' title='bbox 272 2964 310 3029; x_wconf 93' lang='lat' dir='ltr'><strong>de</strong></span> <span class='ocrx_word' id='word_1_289' title='bbox 334 2966 496 3030; x_wconf 84' lang='lat' dir='ltr'><strong>excusinne</strong></span> <span class='ocrx_word' id='word_1_290' title='bbox 520 2989 652 3050; x_wconf 87' lang='lat' dir='ltr'><strong>agerem,</strong></span> <span class='ocrx_word' id='word_1_291' title='bbox 675 2977 737 3033; x_wconf 87' lang='lat' dir='ltr'><strong>tum</strong></span> <span class='ocrx_word' id='word_1_292' title='bbox 761 2970 879 3036; x_wconf 89' lang='lat' dir='ltr'><strong>demum</strong></span> <span class='ocrx_word' id='word_1_293' title='bbox 901 2970 986 3051; x_wconf 90' lang='lat' dir='ltr'><strong>coepi</strong></span> <span class='ocrx_word' id='word_1_294' title='bbox 1010 2970 1047 3032; x_wconf 90' lang='lat' dir='ltr'><strong>de</strong></span> <span class='ocrx_word' id='word_1_295' title='bbox 1069 2988 1148 3032; x_wconf 89' lang='lat' dir='ltr'><strong>novo</strong></span> <span class='ocrx_word' id='word_1_296' title='bbox 1165 2967 1344 3030; x_wconf 87' lang='lat' dir='ltr'><strong>concinnare</strong></span> <span class='ocrx_word' id='word_1_297' title='bbox 1366 2983 1451 3046; x_wconf 88' lang='lat' dir='ltr'><strong>opus,</strong></span> 
     </span>
     <span class='ocr_line' id='line_1_31' title="bbox 86 3050 1448 3137; baseline 0 -23"><span class='ocrx_word' id='word_1_298' title='bbox 86 3073 187 3135; x_wconf 89' lang='lat' dir='ltr'><strong>neque</strong></span> <span class='ocrx_word' id='word_1_299' title='bbox 211 3061 335 3118; x_wconf 70' lang='lat' dir='ltr'><strong>mmmm</strong></span> <span class='ocrx_word' id='word_1_300' title='bbox 350 3076 369 3116; x_wconf 92' lang='lat' dir='ltr'><strong>a</strong></span> <span class='ocrx_word' id='word_1_301' title='bbox 383 3055 468 3137; x_wconf 86' lang='lat' dir='ltr'><strong>Sept.</strong></span> <span class='ocrx_word' id='word_1_302' title='bbox 486 3055 580 3122; x_wconf 83' lang='grc'>1602.</span> <span class='ocrx_word' id='word_1_303' title='bbox 605 3060 636 3122; x_wconf 89' lang='lat' dir='ltr'><strong>in</strong></span> <span class='ocrx_word' id='word_1_304' title='bbox 651 3058 802 3125; x_wconf 87' lang='lat' dir='ltr'><strong>Natalitia</strong></span> <span class='ocrx_word' id='word_1_305' title='bbox 828 3055 923 3136; x_wconf 80' lang='lat'><strong>1602,</strong></span> <span class='ocrx_word' id='word_1_306' title='bbox 948 3060 1002 3122; x_wconf 89' lang='lat' dir='ltr'><strong>sed</strong></span> <span class='ocrx_word' id='word_1_307' title='bbox 1024 3059 1055 3122; x_wconf 93' lang='lat' dir='ltr'><strong>in</strong></span> <span class='ocrx_word' id='word_1_308' title='bbox 1078 3059 1175 3120; x_wconf 85' lang='lat' dir='ltr'><strong>alters</strong></span> <span class='ocrx_word' id='word_1_309' title='bbox 1187 3054 1338 3120; x_wconf 82' lang='lat' dir='ltr'><strong>Natalitia</strong></span> <span class='ocrx_word' id='word_1_310' title='bbox 1355 3050 1448 3118; x_wconf 81' lang='lat'><strong>1603.</strong></span> 
     </span>
     <span class='ocr_line' id='line_1_32' title="bbox 90 3140 1450 3230; baseline 0 -26"><span class='ocrx_word' id='word_1_311' title='bbox 90 3142 132 3204; x_wconf 89' lang='lat' dir='ltr'><strong>iis</strong></span> <span class='ocrx_word' id='word_1_312' title='bbox 156 3142 341 3206; x_wconf 87' lang='lat' dir='ltr'><strong>incumbere.</strong></span> <span class='ocrx_word' id='word_1_313' title='bbox 381 3144 425 3208; x_wconf 88' lang='lat' dir='ltr'><strong>Iis</strong></span> <span class='ocrx_word' id='word_1_314' title='bbox 447 3148 591 3226; x_wconf 84' lang='lat' dir='ltr'><strong>perfectis</strong></span> <span class='ocrx_word' id='word_1_315' title='bbox 615 3156 778 3229; x_wconf 71' lang='lat' dir='ltr'><strong>occupatus</strong></span> <span class='ocrx_word' id='word_1_316' title='bbox 803 3149 846 3212; x_wconf 80' lang='lat' dir='ltr'><strong>fui</strong></span> <span class='ocrx_word' id='word_1_317' title='bbox 869 3169 946 3230; x_wconf 88' lang='lat' dir='ltr'><strong>pene</strong></span> <span class='ocrx_word' id='word_1_318' title='bbox 964 3149 1021 3212; x_wconf 91' lang='lat' dir='ltr'><strong>hoc</strong></span> <span class='ocrx_word' id='word_1_319' title='bbox 1043 3154 1108 3210; x_wconf 89' lang='lat' dir='ltr'><strong>toto</strong></span> <span class='ocrx_word' id='word_1_320' title='bbox 1131 3165 1209 3208; x_wconf 87' lang='lat' dir='ltr'><strong>anno</strong></span> <span class='ocrx_word' id='word_1_321' title='bbox 1232 3140 1326 3208; x_wconf 78' lang='lat'>1604.</span> <span class='ocrx_word' id='word_1_322' title='bbox 1351 3142 1450 3222; x_wconf 90' lang='lat' dir='ltr'><strong>operis</strong></span> 
     </span>
     <span class='ocr_line' id='line_1_33' title="bbox 86 3230 1450 3318; baseline 0 -24"><span class='ocrx_word' id='word_1_323' title='bbox 86 3232 344 3314; x_wconf 72' lang='lat' dir='ltr'><strong>typographicis,</strong></span> <span class='ocrx_word' id='word_1_324' title='bbox 374 3234 476 3316; x_wconf 83' lang='lat' dir='ltr'><strong>itaque</strong></span> <span class='ocrx_word' id='word_1_325' title='bbox 508 3244 574 3302; x_wconf 92' lang='lat' dir='ltr'><strong>toto</strong></span> <span class='ocrx_word' id='word_1_326' title='bbox 609 3233 702 3304; x_wconf 81' lang='lat'><strong>1603.</strong></span> <span class='ocrx_word' id='word_1_327' title='bbox 736 3237 788 3300; x_wconf 83' lang='lat' dir='ltr'><strong>vix</strong></span> <span class='ocrx_word' id='word_1_328' title='bbox 809 3257 913 3318; x_wconf 86' lang='lat' dir='ltr'><strong>parurn</strong></span> <span class='ocrx_word' id='word_1_329' title='bbox 936 3236 1059 3318; x_wconf 84' lang='lat' dir='ltr'><strong>respexi</strong></span> <span class='ocrx_word' id='word_1_330' title='bbox 1089 3235 1130 3300; x_wconf 86' lang='lat' dir='ltr'><strong>ad</strong></span> <span class='ocrx_word' id='word_1_331' title='bbox 1151 3236 1300 3307; x_wconf 85' lang='lat' dir='ltr'><strong>Martem,</strong></span> <span class='ocrx_word' id='word_1_332' title='bbox 1333 3230 1450 3294; x_wconf 89' lang='lat' dir='ltr'><strong>condidi</strong></span> 
     </span>
     <span class='ocr_line' id='line_1_34' title="bbox 86 3319 1449 3415; baseline 0 -31"><span class='ocrx_word' id='word_1_333' title='bbox 86 3329 195 3384; x_wconf 78' lang='lat' dir='ltr'><strong>tamen</strong></span> <span class='ocrx_word' id='word_1_334' title='bbox 208 3321 455 3415; x_wconf 60' lang='lat' dir='ltr'><strong>Ephemeridce*¹</strong></span> <span class='ocrx_word' id='word_1_335' title='bbox 463 3332 495 3389; x_wconf 88' lang='lat' dir='ltr'><strong>et</strong></span> <span class='ocrx_word' id='word_1_336' title='bbox 509 3326 621 3390; x_wconf 87' lang='lat' dir='ltr'><strong>tradidi</strong></span> <span class='ocrx_word' id='word_1_337' title='bbox 637 3345 702 3392; x_wconf 87' lang='lat' dir='ltr'><strong>cum</strong></span> <span class='ocrx_word' id='word_1_338' title='bbox 714 3326 842 3408; x_wconf 71' lang='lat' dir='ltr'><strong>Optime,</strong></span> <span class='ocrx_word' id='word_1_339' title='bbox 860 3329 1008 3409; x_wconf 83' lang='lat' dir='ltr'><strong>etiamque</strong></span> <span class='ocrx_word' id='word_1_340' title='bbox 1022 3325 1107 3394; x_wconf 86' lang='lat' dir='ltr'><strong>illam</strong></span> <span class='ocrx_word' id='word_1_341' title='bbox 1121 3330 1257 3386; x_wconf 89' lang='lat' dir='ltr'><strong>nostram</strong></span> <span class='ocrx_word' id='word_1_342' title='bbox 1268 3319 1449 3396; x_wconf 75' lang='lat' dir='ltr'><strong>Pandoram,</strong></span> 
     </span>
     <span class='ocr_line' id='line_1_35' title="bbox 86 3409 1450 3496; baseline -0.001 -23"><span class='ocrx_word' id='word_1_343' title='bbox 86 3411 397 3476; x_wconf 77' lang='lat' dir='ltr'><strong>trmstcrmaticnem</strong></span> <span class='ocrx_word' id='word_1_344' title='bbox 420 3414 486 3479; x_wconf 91' lang='lat' dir='ltr'><strong>dico</strong></span> <span class='ocrx_word' id='word_1_345' title='bbox 501 3416 673 3491; x_wconf 79' lang='lat' dir='ltr'><strong>Luceriam,</strong></span> <span class='ocrx_word' id='word_1_346' title='bbox 697 3415 833 3496; x_wconf 86' lang='lat' dir='ltr'><strong>interjeci</strong></span> <span class='ocrx_word' id='word_1_347' title='bbox 848 3416 1000 3480; x_wconf 88' lang='lat' dir='ltr'><strong>mensibus</strong></span> <span class='ocrx_word' id='word_1_348' title='bbox 1015 3413 1139 3488; x_wconf 87' lang='lat' dir='ltr'><strong>Martio,</strong></span> <span class='ocrx_word' id='word_1_349' title='bbox 1160 3411 1262 3493; x_wconf 88' lang='lat' dir='ltr'><strong>Aprili</strong></span> <span class='ocrx_word' id='word_1_350' title='bbox 1280 3417 1312 3472; x_wconf 89' lang='lat' dir='ltr'><strong>et</strong></span> <span class='ocrx_word' id='word_1_351' title='bbox 1333 3409 1450 3472; x_wconf 89' lang='lat' dir='ltr'><strong>duobus</strong></span> 
     </span>
     <span class='ocr_line' id='line_1_36' title="bbox 85 3496 1448 3587; baseline 0.002 -26"><span class='ocrx_word' id='word_1_352' title='bbox 85 3500 161 3562; x_wconf 85' lang='lat' dir='ltr'><strong>aliis</strong></span> <span class='ocrx_word' id='word_1_353' title='bbox 187 3499 219 3562; x_wconf 92' lang='lat' dir='ltr'><strong>in</strong></span> <span class='ocrx_word' id='word_1_354' title='bbox 242 3501 384 3582; x_wconf 86' lang='lat' dir='ltr'><strong>plenaria</strong></span> <span class='ocrx_word' id='word_1_355' title='bbox 406 3503 601 3570; x_wconf 79' lang='lat' dir='ltr'><strong>adornatione</strong></span> <span class='ocrx_word' id='word_1_356' title='bbox 625 3515 658 3568; x_wconf 91' lang='lat' dir='ltr'><strong>et</strong></span> <span class='ocrx_word' id='word_1_357' title='bbox 674 3505 876 3587; x_wconf 87' lang='lat' dir='ltr'><strong>descriptione</strong></span> <span class='ocrx_word' id='word_1_358' title='bbox 891 3504 1065 3570; x_wconf 84' lang='lat' dir='ltr'><strong>consumtis.</strong></span> <span class='ocrx_word' id='word_1_359' title='bbox 1101 3503 1151 3568; x_wconf 73' lang='lat' dir='ltr'><strong>Ab</strong></span> <span class='ocrx_word' id='word_1_360' title='bbox 1166 3500 1251 3564; x_wconf 91' lang='lat' dir='ltr'><strong>initio</strong></span> <span class='ocrx_word' id='word_1_361' title='bbox 1266 3499 1337 3562; x_wconf 84' lang='lat' dir='ltr'><strong>anni</strong></span> <span class='ocrx_word' id='word_1_362' title='bbox 1354 3496 1448 3564; x_wconf 78' lang='grc'>1604.</span> 
     </span>
     <span class='ocr_line' id='line_1_37' title="bbox 85 3589 1450 3678; baseline -0.001 -26"><span class='ocrx_word' id='word_1_363' title='bbox 85 3590 168 3653; x_wconf 88' lang='lat' dir='ltr'><strong>redii</strong></span> <span class='ocrx_word' id='word_1_364' title='bbox 192 3590 233 3652; x_wconf 84' lang='lat' dir='ltr'><strong>ad</strong></span> <span class='ocrx_word' id='word_1_365' title='bbox 257 3591 394 3655; x_wconf 82' lang='lat' dir='ltr'><strong>Martem</strong></span> <span class='ocrx_word' id='word_1_366' title='bbox 416 3601 449 3656; x_wconf 87' lang='lat' dir='ltr'><strong>et</strong></span> <span class='ocrx_word' id='word_1_367' title='bbox 469 3593 694 3660; x_wconf 79' lang='lat' dir='ltr'><strong>commentaria</strong></span> <span class='ocrx_word' id='word_1_368' title='bbox 717 3593 841 3678; x_wconf 79' lang='lat' dir='ltr'><strong>scripsi3</strong></span> <span class='ocrx_word' id='word_1_369' title='bbox 874 3594 962 3656; x_wconf 87' lang='lat' dir='ltr'><strong>simul</strong></span> <span class='ocrx_word' id='word_1_370' title='bbox 993 3593 1114 3656; x_wconf 84' lang='lat' dir='ltr'><strong>tabulas</strong></span> <span class='ocrx_word' id='word_1_371' title='bbox 1137 3589 1450 3672; x_wconf 86' lang='lat' dir='ltr'><strong>prosthaphaereseon</strong></span> 
     </span>
     <span class='ocr_line' id='line_1_38' title="bbox 86 3678 1449 3765; baseline 0 -23"><span class='ocrx_word' id='word_1_372' title='bbox 86 3679 176 3742; x_wconf 84' lang='lat' dir='ltr'><strong>orbis</strong></span> <span class='ocrx_word' id='word_1_373' title='bbox 209 3681 304 3744; x_wconf 90' lang='lat' dir='ltr'><strong>annui</strong></span> <span class='ocrx_word' id='word_1_374' title='bbox 335 3681 495 3761; x_wconf 87' lang='lat' dir='ltr'><strong>generales</strong></span> <span class='ocrx_word' id='word_1_375' title='bbox 526 3692 558 3747; x_wconf 91' lang='lat' dir='ltr'><strong>et</strong></span> <span class='ocrx_word' id='word_1_376' title='bbox 588 3685 751 3765; x_wconf 87' lang='lat' dir='ltr'><strong>cuicunque</strong></span> <span class='ocrx_word' id='word_1_377' title='bbox 789 3683 975 3755; x_wconf 85' lang='lat' dir='ltr'><strong>restitutioni</strong></span> <span class='ocrx_word' id='word_1_378' title='bbox 1006 3691 1032 3756; x_wconf 71' lang='grc' dir='ltr'><strong>(ς</strong></span> <span class='ocrx_word' id='word_1_379' title='bbox 1064 3688 1170 3763; x_wconf 85' lang='lat' dir='ltr'><strong>eptas,</strong></span> <span class='ocrx_word' id='word_1_380' title='bbox 1208 3679 1298 3744; x_wconf 89' lang='lat' dir='ltr'><strong>simul</strong></span> <span class='ocrx_word' id='word_1_381' title='bbox 1328 3678 1449 3742; x_wconf 86' lang='lat' dir='ltr'><strong>tabulae</strong></span> 
     </span>
     <span class='ocr_line' id='line_1_39' title="bbox 86 3767 1450 3855; baseline -0.001 -23"><span class='ocrx_word' id='word_1_382' title='bbox 86 3769 274 3851; x_wconf 83' lang='lat' dir='ltr'><strong>prosthaph.</strong></span> <span class='ocrx_word' id='word_1_383' title='bbox 301 3789 339 3834; x_wconf 87' lang='lat' dir='ltr'><strong>ex</strong></span> <span class='ocrx_word' id='word_1_384' title='bbox 362 3771 524 3851; x_wconf 84' lang='lat' dir='ltr'><strong>hypothesi</strong></span> <span class='ocrx_word' id='word_1_385' title='bbox 546 3772 682 3855; x_wconf 83' lang='lat' dir='ltr'><strong>physica,</strong></span> <span class='ocrx_word' id='word_1_386' title='bbox 705 3773 766 3850; x_wconf 92' lang='lat' dir='ltr'><strong>ubi,</strong></span> <span class='ocrx_word' id='word_1_387' title='bbox 789 3775 896 3838; x_wconf 86' lang='lat' dir='ltr'><strong>credas</strong></span> <span class='ocrx_word' id='word_1_388' title='bbox 919 3772 1002 3850; x_wconf 88' lang='lat' dir='ltr'><strong>mihi,</strong></span> <span class='ocrx_word' id='word_1_389' title='bbox 1026 3769 1208 3854; x_wconf 74' lang='lat' dir='ltr'><strong>quadragies,</strong></span> <span class='ocrx_word' id='word_1_390' title='bbox 1225 3767 1379 3832; x_wconf 90' lang='lat' dir='ltr'><strong>minimum</strong></span> <span class='ocrx_word' id='word_1_391' title='bbox 1393 3787 1450 3832; x_wconf 86' lang='lat' dir='ltr'><strong>usu</strong></span> 
     </span>
     <span class='ocr_line' id='line_1_40' title="bbox 88 3856 1449 3944; baseline 0.001 -26"><span class='ocrx_word' id='word_1_392' title='bbox 88 3859 187 3934; x_wconf 79' lang='lat' dir='ltr'><strong>venit,</strong></span> <span class='ocrx_word' id='word_1_393' title='bbox 211 3867 324 3940; x_wconf 82' lang='lat' dir='ltr'><strong>utper</strong></span> <span class='ocrx_word' id='word_1_394' title='bbox 350 3857 411 3924; x_wconf 87' lang='grc'><strong>181</strong></span> <span class='ocrx_word' id='word_1_395' title='bbox 437 3861 520 3924; x_wconf 82' lang='lat' dir='ltr'><strong>vices</strong></span> <span class='ocrx_word' id='word_1_396' title='bbox 543 3863 648 3928; x_wconf 88' lang='lat' dir='ltr'><strong>eadem</strong></span> <span class='ocrx_word' id='word_1_397' title='bbox 680 3863 816 3944; x_wconf 86' lang='lat' dir='ltr'><strong>operatio</strong></span> <span class='ocrx_word' id='word_1_398' title='bbox 847 3863 1063 3926; x_wconf 74' lang='lat' dir='ltr'><strong>nadnoeretur.</strong></span> <span class='ocrx_word' id='word_1_399' title='bbox 1108 3860 1189 3924; x_wconf 77' lang='lat' dir='ltr'><strong>Nem</strong></span> <span class='ocrx_word' id='word_1_400' title='bbox 1218 3857 1263 3922; x_wconf 89' lang='lat' dir='ltr'><strong>rei</strong></span> <span class='ocrx_word' id='word_1_401' title='bbox 1294 3856 1449 3922; x_wconf 83' lang='lat' dir='ltr'><strong>subtilitas</strong></span> 
     </span>
     <span class='ocr_line' id='line_1_41' title="bbox 90 3949 1448 4032; baseline 0 -22"><span class='ocrx_word' id='word_1_402' title='bbox 90 3967 151 4010; x_wconf 89' lang='lat' dir='ltr'><strong>non</strong></span> <span class='ocrx_word' id='word_1_403' title='bbox 176 3956 354 4031; x_wconf 85' lang='lat' dir='ltr'><strong>estpassa,</strong></span> <span class='ocrx_word' id='word_1_404' title='bbox 376 3951 547 4031; x_wconf 81' lang='lat' dir='ltr'><strong>perderes</strong></span> <span class='ocrx_word' id='word_1_405' title='bbox 570 3960 736 4018; x_wconf 85' lang='lat' dir='ltr'><strong>autsenos</strong></span> <span class='ocrx_word' id='word_1_406' title='bbox 758 3953 870 4032; x_wconf 77' lang='lat' dir='ltr'><strong>gradm</strong></span> <span class='ocrx_word' id='word_1_407' title='bbox 892 3953 1015 4020; x_wconf 87' lang='lat' dir='ltr'><strong>saltare.</strong></span> <span class='ocrx_word' id='word_1_408' title='bbox 1054 3949 1151 4012; x_wconf 87' lang='lat' dir='ltr'><strong>Simul</strong></span> <span class='ocrx_word' id='word_1_409' title='bbox 1165 3955 1265 4012; x_wconf 86' lang='lat' dir='ltr'><strong>autem</strong></span> <span class='ocrx_word' id='word_1_410' title='bbox 1279 3952 1312 4008; x_wconf 86' lang='lat' dir='ltr'><strong>at</strong></span> <span class='ocrx_word' id='word_1_411' title='bbox 1326 3963 1448 4026; x_wconf 81' lang='lat' dir='ltr'><strong>operam</strong></span> 
     </span>
     <span class='ocr_line' id='line_1_42' title="bbox 90 4036 1448 4122; baseline -0.002 -22"><span class='ocrx_word' id='word_1_412' title='bbox 90 4036 197 4101; x_wconf 88' lang='lat' dir='ltr'><strong>liberis</strong></span> <span class='ocrx_word' id='word_1_413' title='bbox 220 4038 305 4114; x_wconf 91' lang='lat' dir='ltr'><strong>dedi,</strong></span> <span class='ocrx_word' id='word_1_414' title='bbox 328 4039 477 4122; x_wconf 87' lang='lat' dir='ltr'><strong>genuique</strong></span> <span class='ocrx_word' id='word_1_415' title='bbox 500 4039 623 4106; x_wconf 84' lang='lat' dir='ltr'><strong>filiolum</strong></span> <span class='ocrx_word' id='word_1_416' title='bbox 635 4041 838 4118; x_wconf 84' lang='lat' dir='ltr'><strong>Friderieum;</strong></span> <span class='ocrx_word' id='word_1_417' title='bbox 863 4041 1001 4104; x_wconf 89' lang='lat' dir='ltr'><strong>simulet</strong></span> <span class='ocrx_word' id='word_1_418' title='bbox 1020 4037 1158 4104; x_wconf 85' lang='lat' dir='ltr'><strong>bimestri</strong></span> <span class='ocrx_word' id='word_1_419' title='bbox 1179 4045 1314 4118; x_wconf 88' lang='lat' dir='ltr'><strong>tempore</strong></span> <span class='ocrx_word' id='word_1_420' title='bbox 1337 4052 1448 4115; x_wconf 84' lang='lat' dir='ltr'><strong>aegre-</strong></span> 
     </span>
     <span class='ocr_line' id='line_1_43' title="bbox 91 4121 1449 4211; baseline -0.003 -22"><span class='ocrx_word' id='word_1_421' title='bbox 91 4127 157 4190; x_wconf 79' lang='lat' dir='ltr'><strong>tari</strong></span> <span class='ocrx_word' id='word_1_422' title='bbox 180 4135 214 4190; x_wconf 88' lang='lat' dir='ltr'><strong>et</strong></span> <span class='ocrx_word' id='word_1_423' title='bbox 237 4148 300 4192; x_wconf 82' lang='lat' dir='ltr'><strong>una</strong></span> <span class='ocrx_word' id='word_1_424' title='bbox 330 4147 423 4206; x_wconf 77' lang='lat' dir='ltr'><strong>uxo13</strong></span> <span class='ocrx_word' id='word_1_425' title='bbox 456 4130 547 4194; x_wconf 86' lang='lat' dir='ltr'><strong>simul</strong></span> <span class='ocrx_word' id='word_1_426' title='bbox 577 4151 657 4194; x_wconf 87' lang='lat' dir='ltr'><strong>nova</strong></span> <span class='ocrx_word' id='word_1_427' title='bbox 686 4131 778 4194; x_wconf 86' lang='lat' dir='ltr'><strong>stella</strong></span> <span class='ocrx_word' id='word_1_428' title='bbox 809 4137 916 4194; x_wconf 84' lang='lat' dir='ltr'><strong>exorta</strong></span> <span class='ocrx_word' id='word_1_429' title='bbox 947 4127 1161 4211; x_wconf 82' lang='lat' dir='ltr'><strong>occupationes</strong></span> <span class='ocrx_word' id='word_1_430' title='bbox 1191 4125 1327 4208; x_wconf 87' lang='lat' dir='ltr'><strong>peperit;</strong></span> <span class='ocrx_word' id='word_1_431' title='bbox 1358 4121 1449 4186; x_wconf 87' lang='lat' dir='ltr'><strong>simul</strong></span> 
     </span>
     <span class='ocr_line' id='line_1_44' title="bbox 92 4211 1450 4302; baseline -0.004 -22"><span class='ocrx_word' id='word_1_432' title='bbox 92 4217 221 4299; x_wconf 79' lang='lat' dir='ltr'><strong>migrari</strong></span> <span class='ocrx_word' id='word_1_433' title='bbox 236 4217 369 4282; x_wconf 79' lang='lat' dir='ltr'><strong>iunianis</strong></span> <span class='ocrx_word' id='word_1_434' title='bbox 383 4219 564 4302; x_wconf 83' lang='lat' dir='ltr'><strong>longinquas</strong></span> <span class='ocrx_word' id='word_1_435' title='bbox 580 4221 682 4298; x_wconf 86' lang='lat' dir='ltr'><strong>aedes,</strong></span> <span class='ocrx_word' id='word_1_436' title='bbox 696 4229 728 4286; x_wconf 88' lang='lat' dir='ltr'><strong>et</strong></span> <span class='ocrx_word' id='word_1_437' title='bbox 740 4219 823 4283; x_wconf 88' lang='lat' dir='ltr'><strong>mille</strong></span> <span class='ocrx_word' id='word_1_438' title='bbox 838 4219 901 4281; x_wconf 84' lang='lat' dir='ltr'><strong>alia</strong></span> <span class='ocrx_word' id='word_1_439' title='bbox 915 4219 1037 4300; x_wconf 89' lang='lat' dir='ltr'><strong>negotia</strong></span> <span class='ocrx_word' id='word_1_440' title='bbox 1050 4216 1216 4281; x_wconf 84' lang='lat' dir='ltr'><strong>domestica</strong></span> <span class='ocrx_word' id='word_1_441' title='bbox 1230 4222 1263 4278; x_wconf 90' lang='lat' dir='ltr'><strong>st</strong></span> <span class='ocrx_word' id='word_1_442' title='bbox 1275 4211 1450 4296; x_wconf 83' lang='lat' dir='ltr'><strong>inStyriam</strong></span> 
     </span>
    </p>
   </div>
   <div class='ocr_carea' id='block_1_3' title="bbox 96 4301 1563 4394">
    <p class='ocr_par' dir='ltr' id='par_1_4' title="bbox 96 4301 1563 4394">
     <span class='ocr_line' id='line_1_45' title="bbox 96 4301 1563 4394; baseline -0.005 -22"><span class='ocrx_word' id='word_1_443' title='bbox 96 4307 275 4390; x_wconf 86' lang='lat' dir='ltr'><strong>scriptiones</strong></span> <span class='ocrx_word' id='word_1_444' title='bbox 299 4307 356 4372; x_wconf 88' lang='lat' dir='ltr'><strong>tibi</strong></span> <span class='ocrx_word' id='word_1_445' title='bbox 379 4315 536 4394; x_wconf 78' lang='lat' dir='ltr'><strong>comperta</strong></span> <span class='ocrx_word' id='word_1_446' title='bbox 556 4329 616 4374; x_wconf 91' lang='lat' dir='ltr'><strong>non</strong></span> <span class='ocrx_word' id='word_1_447' title='bbox 634 4317 713 4387; x_wconf 86' lang='lat' dir='ltr'><strong>sunt,</strong></span> <span class='ocrx_word' id='word_1_448' title='bbox 736 4309 836 4374; x_wconf 79' lang='lat' dir='ltr'><strong>aulica</strong></span> <span class='ocrx_word' id='word_1_449' title='bbox 850 4327 888 4372; x_wconf 88' lang='lat' dir='ltr'><strong>ex</strong></span> <span class='ocrx_word' id='word_1_450' title='bbox 903 4307 1090 4390; x_wconf 83' lang='lat' dir='ltr'><strong>Tengueglic</strong></span> <span class='ocrx_word' id='word_1_451' title='bbox 1104 4307 1205 4370; x_wconf 85' lang='lat' dir='ltr'><strong>discas</strong></span> <span class='ocrx_word' id='word_1_452' title='bbox 1219 4312 1298 4387; x_wconf 87' lang='lat' dir='ltr'><strong>pete.</strong></span> <span class='ocrx_word' id='word_1_453' title='bbox 1338 4301 1447 4375; x_wconf 82' lang='lat' dir='ltr'><strong>Credo,</strong></span> <span class='ocrx_word' id='word_1_454' title='bbox 1561 4317 1563 4322; x_wconf 79' lang='grc'>’</span> 
     </span>
    </p>
   </div>
   <div class='ocr_carea' id='block_1_4' title="bbox 96 4389 1476 4928">
    <p class='ocr_par' dir='ltr' id='par_1_5' title="bbox 96 4389 1476 4928">
     <span class='ocr_line' id='line_1_46' title="bbox 96 4389 1448 4482; baseline -0.007 -22"><span class='ocrx_word' id='word_1_455' title='bbox 96 4399 169 4480; x_wconf 89' lang='lat' dir='ltr'><strong>quod</strong></span> <span class='ocrx_word' id='word_1_456' title='bbox 191 4397 356 4464; x_wconf 76' lang='lat' dir='ltr'><strong>dimidim</strong></span> <span class='ocrx_word' id='word_1_457' title='bbox 377 4399 525 4480; x_wconf 82' lang='lat' dir='ltr'><strong>temporis</strong></span> <span class='ocrx_word' id='word_1_458' title='bbox 548 4399 685 4482; x_wconf 86' lang='lat' dir='ltr'><strong>eripiant.</strong></span> <span class='ocrx_word' id='word_1_459' title='bbox 731 4399 801 4464; x_wconf 85' lang='lat' dir='ltr'><strong>Jam</strong></span> <span class='ocrx_word' id='word_1_460' title='bbox 823 4398 895 4482; x_wconf 90' lang='lat' dir='ltr'><strong>quid</strong></span> <span class='ocrx_word' id='word_1_461' title='bbox 918 4398 959 4461; x_wconf 85' lang='lat' dir='ltr'><strong>sit</strong></span> <span class='ocrx_word' id='word_1_462' title='bbox 980 4397 1119 4460; x_wconf 79' lang='lat' dir='ltr'><strong>effectum</strong></span> <span class='ocrx_word' id='word_1_463' title='bbox 1141 4395 1219 4458; x_wconf 90' lang='lat' dir='ltr'><strong>vide.</strong></span> <span class='ocrx_word' id='word_1_464' title='bbox 1264 4392 1362 4458; x_wconf 85' lang='lat' dir='ltr'><strong>Ovale</strong></span> <span class='ocrx_word' id='word_1_465' title='bbox 1389 4389 1448 4452; x_wconf 88' lang='lat' dir='ltr'><strong>iter</strong></span> 
     </span>
     <span class='ocr_line' id='line_1_47' title="bbox 98 4481 1476 4571; baseline -0.012 -14"><span class='ocrx_word' id='word_1_466' title='bbox 98 4495 119 4557; x_wconf 86' lang='lat' dir='ltr'><strong>d</strong></span> <span class='ocrx_word' id='word_1_467' title='bbox 138 4509 191 4571; x_wconf 88' lang='lat' dir='ltr'><strong>per</strong></span> <span class='ocrx_word' id='word_1_468' title='bbox 213 4509 325 4554; x_wconf 76' lang='lat' dir='ltr'><strong>amam</strong></span> <span class='ocrx_word' id='word_1_469' title='bbox 348 4489 526 4554; x_wconf 85' lang='lat' dir='ltr'><strong>aetheream</strong></span> <span class='ocrx_word' id='word_1_470' title='bbox 547 4497 595 4554; x_wconf 89' lang='lat' dir='ltr'><strong>est</strong></span> <span class='ocrx_word' id='word_1_471' title='bbox 617 4497 769 4554; x_wconf 62' lang='lat' dir='ltr'><strong>consum.</strong></span> <span class='ocrx_word' id='word_1_472' title='bbox 817 4485 1097 4556; x_wconf 80' lang='lat' dir='ltr'><strong>Ganseovalitatis</strong></span> <span class='ocrx_word' id='word_1_473' title='bbox 1116 4484 1237 4548; x_wconf 87' lang='lat' dir='ltr'><strong>titubat.</strong></span> <span class='ocrx_word' id='word_1_474' title='bbox 1265 4482 1349 4562; x_wconf 86' lang='lat' dir='ltr'><strong>·Ego</strong></span> <span class='ocrx_word' id='word_1_475' title='bbox 1371 4481 1446 4542; x_wconf 84' lang='lat' dir='ltr'><strong>hac-</strong></span> <span class='ocrx_word' id='word_1_476' title='bbox 1473 4545 1476 4552; x_wconf 15' lang='grc' dir='ltr'><strong><em>Δ</em></strong></span> 
     </span>
     <span class='ocr_line' id='line_1_48' title="bbox 98 4571 1447 4661; baseline -0.008 -19"><span class='ocrx_word' id='word_1_477' title='bbox 98 4589 175 4643; x_wconf 88' lang='lat' dir='ltr'><strong>tenus</strong></span> <span class='ocrx_word' id='word_1_478' title='bbox 197 4599 329 4646; x_wconf 85' lang='lat' dir='ltr'><strong>causam</strong></span> <span class='ocrx_word' id='word_1_479' title='bbox 352 4577 448 4644; x_wconf 86' lang='lat' dir='ltr'><strong>attuli</strong></span> <span class='ocrx_word' id='word_1_480' title='bbox 471 4578 579 4654; x_wconf 90' lang='lat' dir='ltr'><strong>talem,</strong></span> <span class='ocrx_word' id='word_1_481' title='bbox 610 4597 650 4642; x_wconf 80' lang='lat' dir='ltr'><strong>ex</strong></span> <span class='ocrx_word' id='word_1_482' title='bbox 680 4599 740 4661; x_wconf 87' lang='lat' dir='ltr'><strong>qna</strong></span> <span class='ocrx_word' id='word_1_483' title='bbox 772 4578 922 4660; x_wconf 86' lang='lat' dir='ltr'><strong>sequitur,</strong></span> <span class='ocrx_word' id='word_1_484' title='bbox 953 4577 1121 4656; x_wconf 89' lang='lat' dir='ltr'><strong>ingressum</strong></span> <span class='ocrx_word' id='word_1_485' title='bbox 1144 4581 1169 4644; x_wconf 76' lang='lat' dir='ltr'><strong>d</strong></span> <span class='ocrx_word' id='word_1_486' title='bbox 1192 4595 1212 4634; x_wconf 83' lang='lat' dir='ltr'><strong>a</strong></span> <span class='ocrx_word' id='word_1_487' title='bbox 1240 4571 1351 4646; x_wconf 86' lang='lat' dir='ltr'><strong>circulo</strong></span> <span class='ocrx_word' id='word_1_488' title='bbox 1378 4588 1447 4632; x_wconf 88' lang='lat' dir='ltr'><strong>esee</strong></span> 
     </span>
     <span class='ocr_line' id='line_1_49' title="bbox 101 4655 1444 4751; baseline -0.009 -19"><span class='ocrx_word' id='word_1_489' title='bbox 101 4664 174 4736; x_wconf 81' lang='grc'>1300</span> <span class='ocrx_word' id='word_1_490' title='bbox 187 4673 226 4736; x_wconf 91' lang='lat' dir='ltr'><strong>de</strong></span> <span class='ocrx_word' id='word_1_491' title='bbox 244 4665 501 4751; x_wconf 72' lang='lat' dir='ltr'><strong>152500„quem</strong></span> <span class='ocrx_word' id='word_1_492' title='bbox 514 4666 565 4730; x_wconf 91' lang='lat' dir='ltr'><strong>ubi</strong></span> <span class='ocrx_word' id='word_1_493' title='bbox 580 4669 666 4750; x_wconf 87' lang='lat' dir='ltr'><strong>coepi</strong></span> <span class='ocrx_word' id='word_1_494' title='bbox 679 4668 843 4738; x_wconf 86' lang='lat' dir='ltr'><strong>illustrare,</strong></span> <span class='ocrx_word' id='word_1_495' title='bbox 861 4687 922 4730; x_wconf 92' lang='lat' dir='ltr'><strong>non</strong></span> <span class='ocrx_word' id='word_1_496' title='bbox 936 4665 1054 4730; x_wconf 86' lang='lat' dir='ltr'><strong>invenio</strong></span> <span class='ocrx_word' id='word_1_497' title='bbox 1070 4663 1214 4742; x_wconf 86' lang='lat' dir='ltr'><strong>majorem</strong></span> <span class='ocrx_word' id='word_1_498' title='bbox 1228 4657 1293 4724; x_wconf 87' lang='grc'><strong>800</strong></span> <span class='ocrx_word' id='word_1_499' title='bbox 1309 4660 1357 4724; x_wconf 88' lang='lat' dir='ltr'><strong>vel</strong></span> <span class='ocrx_word' id='word_1_500' title='bbox 1371 4655 1444 4726; x_wconf 85' lang='grc'>000.</span> 
     </span>
     <span class='ocr_line' id='line_1_50' title="bbox 99 4747 1446 4846; baseline -0.01 -22"><span class='ocrx_word' id='word_1_501' title='bbox 99 4757 314 4846; x_wconf 84' lang='lat' dir='ltr'><strong>Comprehendi</strong></span> <span class='ocrx_word' id='word_1_502' title='bbox 337 4768 449 4823; x_wconf 78' lang='lat' dir='ltr'><strong>tamen</strong></span> <span class='ocrx_word' id='word_1_503' title='bbox 474 4753 513 4819; x_wconf 90' lang='grc'><strong>51</strong></span> <span class='ocrx_word' id='word_1_504' title='bbox 540 4757 687 4839; x_wconf 85' lang='lat' dir='ltr'><strong>capitibus</strong></span> <span class='ocrx_word' id='word_1_505' title='bbox 711 4757 811 4820; x_wconf 91' lang='lat' dir='ltr'><strong>omnia</strong></span> <span class='ocrx_word' id='word_1_506' title='bbox 833 4775 909 4839; x_wconf 91' lang='lat' dir='ltr'><strong>quae</strong></span> <span class='ocrx_word' id='word_1_507' title='bbox 932 4754 1089 4836; x_wconf 84' lang='lat' dir='ltr'><strong>explorata</strong></span> <span class='ocrx_word' id='word_1_508' title='bbox 1111 4751 1218 4814; x_wconf 86' lang='lat' dir='ltr'><strong>haheo.</strong></span> <span class='ocrx_word' id='word_1_509' title='bbox 1265 4748 1300 4816; x_wconf 86' lang='lat' dir='ltr'><strong>Si</strong></span> <span class='ocrx_word' id='word_1_510' title='bbox 1325 4747 1446 4824; x_wconf 84' lang='lat' dir='ltr'><strong>moriar,</strong></span> 
     </span>
     <span class='ocr_line' id='line_1_51' title="bbox 96 4840 1447 4928; baseline -0.011 -10"><span class='ocrx_word' id='word_1_511' title='bbox 96 4853 152 4918; x_wconf 79' lang='lat' dir='ltr'><strong>reio</strong></span> <span class='ocrx_word' id='word_1_512' title='bbox 172 4855 249 4922; x_wconf 81' lang='lat' dir='ltr'><strong>haee</strong></span> <span class='ocrx_word' id='word_1_513' title='bbox 273 4851 382 4918; x_wconf 82' lang='lat' dir='ltr'><strong>emnia</strong></span> <span class='ocrx_word' id='word_1_514' title='bbox 405 4844 575 4914; x_wconf 87' lang='lat' dir='ltr'><strong>utilissima</strong></span> <span class='ocrx_word' id='word_1_515' title='bbox 597 4847 697 4914; x_wconf 81' lang='lat' dir='ltr'><strong>futura</strong></span> <span class='ocrx_word' id='word_1_516' title='bbox 711 4845 837 4910; x_wconf 86' lang='lat' dir='ltr'><strong>ulterius</strong></span> <span class='ocrx_word' id='word_1_517' title='bbox 855 4862 1062 4928; x_wconf 83' lang='lat' dir='ltr'><strong>progressuro.</strong></span> <span class='ocrx_word' id='word_1_518' title='bbox 1101 4840 1225 4906; x_wconf 88' lang='lat' dir='ltr'><strong>Summa</strong></span> <span class='ocrx_word' id='word_1_519' title='bbox 1246 4840 1337 4908; x_wconf 85' lang='lat' dir='ltr'><strong>haee:</strong></span> <span class='ocrx_word' id='word_1_520' title='bbox 1361 4841 1447 4906; x_wconf 73' lang='lat' dir='ltr'><strong>Mare</strong></span> 
     </span>
    </p>
   </div>
   <div class='ocr_carea' id='block_1_5' title="bbox 0 0 1792 5562">
    <p class='ocr_par' dir='ltr' id='par_1_6' title="bbox 0 0 1792 5562">
     <span class='ocr_line' id='line_1_52' title="bbox 0 0 1792 5562; baseline 0 0"><span class='ocrx_word' id='word_1_521' title='bbox 0 0 1792 5562; x_wconf 95' lang='lat' dir='ltr'><strong> </strong></span> 
     </span>
    </p>
   </div>
  </div>
 </body>
</html>
