3678 5532
302 287 366 357 366
787 290 953 344 nauseae·
972 291 1172 346 soranae·

301 469 400 552 opinio
432 489 498 550 cap.
528 469 634 545 XLV,
668 469 727 534 etsi
758 471 880 536 tandem
912 470 1072 534 sumsimus
1108 472 1270 536 distantias
1300 472 1427 537 totidem
1453 471 1484 537 in
1517 472 1656 556 qualibet

300 567 386 640 parte
425 561 583 642 temporis,
626 567 697 643 quot
737 567 808 622 aunt
847 563 959 642 gradus
992 561 1159 624 anomaliae
1201 570 1406 646 coaequatae,
1445 563 1517 627 illae
1553 572 1656 627 temen

300 649 455 712 derivatae
502 658 572 712 sunt
593 728 595 738 Ι
614 669 652 712 ex
692 649 846 712 distantiis
897 651 1064 714 anomaliae
1107 651 1238 728 mediae,
1296 660 1424 735 suntque
1467 653 1657 733 longitudine

300 739 432 805 eaedem
449 736 483 814 *)
528 739 570 802 Et
598 745 684 801 tanto
709 740 888 802 commodior
912 748 960 806 est
981 740 1057 803 haec
1081 741 1191 818 forma,
1224 742 1301 821 qnod
1324 743 1453 806 alteram
1476 742 1652 823 persuasio-

300 847 368 892 nem
401 829 439 891 de
468 836 551 890 motu
582 830 722 910 planetae
757 829 917 912 epicyclico
950 829 998 892 hic
1031 819 1186 911 possemus
1222 831 1383 912 deponere,
1417 839 1531 894 etune
1558 833 1657 912 gradu

300 919 339 980 ad
371 917 531 980 veritatem
554 937 665 980 causae
687 917 832 1000 physicae
859 918 982 1000 propius
1006 920 1169 996 accedere,
1201 919 1405 1003 relinquentes
1429 920 1590 1003 epieyclico
1614 921 1659 984 nil

300 1007 358 1071 nisi
388 1008 576 1070 librationem
608 1009 638 1069 in
671 1008 834 1082 diametro,
872 1009 926 1069 sed
958 1027 1035 1088 quae
1068 1009 1231 1072 etiamnum
1260 1009 1371 1072 vitiosa
1394 1018 1459 1086 est,
1487 1017 1522 1072 nt
1544 1011 1593 1072 vel
1619 1030 1658 1072 ex

300 1097 529 1178 aequationibns
557 1096 603 1158 his
634 1095 783 1176 apparuit.
836 1098 915 1159 Nam
945 1104 979 1159 ut
1000 1098 1090 1178 paulo
1115 1107 1185 1160 ante
1210 1098 1249 1161 ad
1272 1099 1392 1162 modum
1415 1100 1576 1162 secundum
1600 1099 1660 1161 fuit

300 1188 487 1258 adnotatum,
509 1187 584 1247 haec
606 1185 839 1272 praeoccupatio
862 1193 961 1248 motus
981 1186 1134 1271 epinyclici
1148 1187 1240 1250 nimia
1253 1195 1311 1258 est,
1336 1189 1658 1252 distantiasexhibens

299 1275 386 1338 nimis
409 1277 517 1338 breves
539 1276 569 1337 in
593 1275 828 1356 longitudinibus
851 1275 978 1351 mediis;
1002 1297 1039 1338 ex
1062 1296 1119 1357 quo
1142 1278 1186 1352 iit,
1210 1286 1243 1340 ut
1266 1279 1392 1358 planeta
1406 1279 1448 1342 ibi
1463 1278 1522 1340 loei
1536 1279 1657 1341 modum

300 1365 429 1428 excedat
451 1364 636 1439 velocitatis,
672 1371 703 1426 et
726 1364 756 1426 in
781 1364 936 1444 opsidibus
961 1386 979 1425 a
1001 1367 1090 1428 modo
1115 1366 1243 1430 deficiat.
1291 1367 1354 1430 Sed
1377 1368 1489 1430 sullicit
1510 1385 1565 1430 nos
1589 1367 1658 1430 cal·

300 1456 367 1518 culo
399 1455 565 1534 exprimere
595 1453 763 1533 opinionem
791 1473 858 1534 cap.
887 1453 988 1516 XLV.
1036 1453 1137 1526 Quare
1168 1456 1288 1518 etiarnsi
1312 1458 1378 1537 quis
1401 1457 1525 1537 objiciat
1546 1456 1595 1519 hio
1619 1475 1658 1518 ex

299 1563 365 1623 cap.
389 1542 526 1618 XXXII,
551 1561 609 1604 non
633 1563 724 1624 posse
748 1541 938 1605 con'stantem
962 1563 1029 1606 esse
1053 1544 1129 1607 hano
1152 1546 1374 1636 proportionem
1399 1546 1587 1621 diurnorum,
1620 1565 1656 1607 eo

300 1633 378 1715 qnod
403 1641 506 1711 partes
530 1633 672 1706 eccentri,
697 1632 813 1694 vicinae
838 1632 1002 1713 opsidibus,
1028 1633 1142 1696 directe
1156 1634 1338 1715 objiciantur
1357 1633 1431 1712 Soli,
1457 1635 1656 1698 intermediae

300 1741 339 1808 ⁰¹.
361 1721 495 1801 obliquo,
520 1729 554 1782 nt
576 1722 621 1784 ita
645 1721 734 1783 aliter
757 1729 941 1801 appareant,
967 1742 1055 1803 quam
1080 1724 1106 1784 si
1129 1724 1242 1785 directe
1265 1724 1477 1804 objicerentur,
1500 1724 1574 1799 hoo,
1607 1725 1657 1786 in-

301 1829 397 1893 quam,
423 1811 449 1871 si
473 1812 539 1892 quis
563 1809 697 1890 objiciat,
722 1811 910 1890 respondebo
933 1811 987 1880 sic,
1011 1819 1045 1874 ut
1068 1831 1133 1892 cap.
1149 1811 1266 1877 XLIX.
1287 1813 1444 1894 respondi:
1466 1813 1545 1876 hauc
1559 1813 1659 1876 inter·

300 1899 465 1963 mediarum
488 1900 618 1980 partium
643 1900 853 1989 obliquitatem
877 1901 947 1961 addi
970 1921 989 1962 a
1011 1902 1136 1980 planeta
1159 1902 1195 1962 de
1219 1922 1274 1964 sno
1297 1903 1434 1985 efficique
1456 1921 1510 1984 per
1527 1903 1658 1966 descen-

300 2009 381 2064 sum3
414 2009 473 2050 non
496 1990 589 2070 igitur
619 1990 825 2069 imputandum
848 2009 956 2051 causae
985 1991 1102 2053 metrici
1125 2011 1163 2052 ex
1186 1989 1258 2054 Sole
1281 2010 1336 2054 nec
1364 2011 1399 2054 eo
1423 1992 1537 2054 turbari
1561 1991 1657 2055 illam.

387 2077 493 2141 Habes
522 2078 614 2158 igitur
637 2079 771 2140 studiose
797 2079 893 2141 lector
915 2098 952 2140 ex
976 2086 1062 2142 tanto
1090 2099 1214 2142 numero
1238 2080 1370 2160 capitum
1393 2089 1425 2144 et
1446 2081 1659 2146 methodorum

300 2169 459 2270 rqethndos
483 2165 631 2247 aequandi
653 2187 720 2230 cum
743 2166 881 2249 opinione
905 2187 972 2248 cap.
996 2170 1098 2232 XLV.
1123 2171 1347 2232 consentientes
1362 2178 1480 2234 tantum
1496 2172 1587 2233 duas:
1608 2171 1659 2233 al·

301 2267 399 2321 teram
435 2257 596 2340 hypothesi
626 2257 753 2339 physica
783 2275 849 2318 cum
872 2257 1005 2340 epicyclo
1029 2259 1190 2321 commixta
1213 2260 1242 2321 in
1266 2261 1483 2341 longitudinem
1506 2259 1657 2336 ordinato,

302 2366 427 2428 eamque
451 2366 518 2427 cap.
541 2345 664 2420 XLIX;
689 2347 817 2408 alteram
840 2347 896 2408 boc
920 2347 1020 2426 capite
1044 2349 1167 2430 ejusque
1191 2350 1279 2411 modo
1304 2359 1401 2426 sexto,
1425 2369 1481 2431 pro
1494 2351 1659 2434 hypothesi

300 2437 427 2520 physica
459 2434 613 2498 sinceriori
621 2454 631 2510 ;
659 2433 710 2496 nbi
737 2435 889 2516 epicyclus
917 2435 992 2496 nihil
1023 2437 1081 2499 nisi
1110 2438 1286 2500 descensum
1309 2441 1349 2502 ad
1375 2438 1477 2502 Solem
1499 2447 1657 2520 praestat;

289 2535 354 2588 'aut
377 2525 403 2586 si
427 2524 493 2604 quis
517 2524 598 2585 illum
623 2523 716 2585 vellet
739 2524 769 2585 in
784 2523 975 2586 latitudinem
989 2526 1137 2603 ordinare,
1161 2537 1277 2590 rectum
1296 2529 1470 2609 adplenum
1485 2528 1655 2609 eclipticas.

299 2615 342 2678 Et
364 2615 469 2676 harum
492 2621 626 2694 utraque*
643 2613 771 2674 diversis
794 2615 852 2675 viis
876 2614 1027 2676 consentit
1049 2616 1079 2676 in
1103 2635 1194 2678 unum
1208 2618 1357 2681 effectum.
1396 2616 1463 2690 Quo
1483 2617 1579 2681 tutius
1594 2619 1656 2680 illis

301 2705 391 2767 fidere
414 2701 529 2783 poteris
553 2701 582 2764 in
607 2703 806 2765 examinanda
829 2703 966 2783 opinione
995 2705 1104 2784 eapitis
1126 2703 1227 2770 XLV.

389 2791 432 2854 Et
458 2792 604 2854 hactenus
634 2791 716 2853 inani
747 2791 856 2854 fidncia
888 2792 1077 2857 inventarum
1103 2797 1242 2858 verarum
1273 2814 1431 2859 causarum
1461 2794 1656 2879 physicarum

301 2885 338 2946 de
361 2881 462 2946 Marte
486 2881 581 2944 denno
605 2880 820 2960 triumphatum
844 2889 920 2944 esto.
967 2883 1055 2946 Nunc
1085 2904 1132 2948 me
1159 2884 1261 2948 nescio
1285 2885 1351 2968 quis
1374 2905 1475 2950 rumor
1497 2885 1537 2949 ad
1560 2905 1657 2948 novos

300 2974 446 3038 tumultus
473 2989 627 3053 novosque
650 2971 770 3034 labores
794 2971 916 3034 excitat.

892 3203 1065 3215 ψ

873 3379 994 3480 Caput
1027 3377 1088 3458 LI.

302 3541 526 3627 Explorontcr
544 3549 573 3604 et
589 3537 816 3624 compararem
838 3541 1011 3607 distantiae
1026 3543 1145 3608 Martie
1164 3563 1185 3606 n
1199 3543 1275 3609 Sole
1297 3547 1332 3609 ia
1350 3545 1659 3633 operimentoque

301 3627 495 3696 annidrcieli
517 3629 673 3694 dinastia
695 3635 735 3736 ab
750 3633 895 3715 epicedio:
917 3631 1015 3739 pecul
1037 3633 1133 3697 mem
1154 3634 1340 3718 exploratur
1354 3636 1659 3721 yideabypotbeeeoa

486 3768 489 3779 ,
906 3741 1057 3786 meamne.

390 3861 470 3924 Dum
491 3859 522 3923 in
545 3861 623 3924 hunc
645 3863 764 3927 modum
787 3865 824 3927 de
848 3863 959 3928 Martis
982 3863 1112 3928 motibus
1136 3865 1296 3947 triumpho,
1320 3866 1406 3947 eique
1430 3873 1464 3927 ut
1484 3868 1575 3947 plane
1600 3868 1657 3930 de-

303 3954 384 4015 victo
408 3944 578 4016 tabularum
602 3971 740 4017 carceres
764 3962 796 4016 et
818 3953 1029 4036 aequationum
1053 3956 1183 4018 eccentri
1206 3957 1366 4038 compedes
1390 3964 1494 4032 necto,
1527 3957 1658 4021 diversis

303 4042 460 4105 nunciatur
483 4040 574 4115 locis,
607 4042 723 4104 futilem
751 4044 911 4106 victoriam
934 4052 966 4105 et
989 4042 1098 4106 bellom
1122 4052 1189 4107 tota
1210 4047 1288 4108 mole
1311 4047 1530 4108 recrudescere.
1575 4046 1658 4110 Nam

303 4131 382 4194 dorni
406 4130 525 4213 quidem
541 4130 654 4200 hostis,
677 4139 711 4192 nt
736 4133 872 4211 captivus
896 4139 1075 4208 contemtus,
1099 4135 1181 4214 rupit
1193 4135 1294 4197 omnia
1312 4135 1522 4214 aequationem
1536 4134 1659 4198 vincula

303 4239 499 4300 carceresque
523 4219 694 4281 tabularum
718 4220 846 4301 effregit.
892 4221 988 4285 Nulla
1017 4222 1095 4284 enim
1122 4224 1282 4287 methodus
1310 4243 1348 4286 ex
1379 4225 1565 4306 praescripto
1589 4225 1658 4305 opi-

304 4311 411 4400 nionis,
425 4326 492 4389 cap.
516 4309 616 4371 XLV.
642 4306 855 4372 administrata
869 4310 1062 4392 geometrice,
1084 4312 1228 4376 vicariam
1246 4314 1425 4396 hypothesin
1441 4315 1551 4396 capitis
1564 4315 1657 4380 XVI.

305 4401 396 4482 (qnae
418 4416 508 4461 veras
531 4397 624 4459 habet
646 4397 842 4478 aequationes
866 4419 905 4463 ex
928 4403 1008 4465 falsa
1031 4421 1123 4465 causa
1145 4405 1321 4478 manantes)
1351 4403 1573 4486 propinquitate
1597 4422 1657 4466 nu-

391 4605 420 4684 ‘)
440 4615 472 4669 In
492 4613 545 4669 hoc
564 4619 645 4670 sexte
666 4613 744 4672 modo
766 4612 904 4668 anomalis
922 4616 1010 4671 tertie
1028 4623 1072 4672 est
1084 4617 1181 4684 Ean,
1201 4621 1323 4674 secunda
1335 4617 1395 4682 ΕΙ).
1416 4618 1506 4690 prima
1524 4635 1591 4676 rere
1612 4629 1660 4676 est

305 4711 411 4751 summa
438 4695 573 4751 linearum
591 4695 653 4761 AG,
672 4695 735 4758 AV,
757 4692 804 4747 ubi
831 4694 879 4748 AF
902 4697 949 4750 rel
968 4698 1017 4753 AG
1042 4699 1071 4754 in
1090 4699 1140 4756 ΔΕ
1160 4701 1301 4756 melate
1324 4698 1508 4772 intelligatur:
1549 4700 1658 4758 Nihilo·

305 4776 392 4832 minus
412 4775 441 4830 in
461 4779 645 4845 computanda
674 4773 807 4830 distamia
826 4774 885 4839 ΔΕ,
906 4777 959 4831 hoe
985 4785 1031 4834 est
1049 4781 1096 4835 ΔΟ
1123 4773 1174 4848 (ex
1202 4797 1258 4854 qus
1285 4779 1346 4835 linit
1365 4773 1427 4851 AF)
1447 4779 1496 4836 Dc
1516 4782 1563 4838 rel
1581 4782 1659 4840 Deo

305 4861 351 4912 ast
363 4855 447 4912 etiarn
459 4855 556 4927 prima.
585 4858 624 4913 Ut
635 4855 679 4912 ita
690 4855 736 4910 hic
749 4855 791 4911 bis
804 4854 945 4928 pingatur,
970 4860 1034 4931 quia
1047 4862 1100 4915 duo
1114 4859 1326 4934 investigantur,
1348 4865 1456 4934 tempus
1470 4867 1502 4918 ae
1513 4861 1657 4922 demtis.
