3606 5562
654 385 661 396 .
749 319 951 380 cotue*
1265 371 1273 388 .
1429 323 1491 396 ιιι
1581 295 1585 302 ’

149 511 183 567 et
204 505 359 588 proportio
382 513 549 570 ceterorum
572 514 605 570 et
620 507 688 572 deni
709 527 747 570 ue
770 507 865 587 ipsius
883 505 941 570 aa
964 507 1003 569 ad
1018 501 1101 570 360⁰
1123 505 1252 569 dabitur.
1292 509 1326 570 ln
1345 505 1496 588 triangulo

111 634 118 645 ι
145 594 241 675 igitur
260 593 415 675 sphaerico
430 595 526 670 ΑΕΒ,
551 527 725 678 rectanguio
746 595 834 670 adE,
861 595 949 658 datur
971 603 1131 678 praeterae
1148 596 1229 657 latus
1248 593 1316 667 ΔΕ
1320 604 1352 657 ιι
1366 597 1494 675 angulus
1528 659 1532 676 ,

145 684 306 766 oppositus
328 682 426 752 Aba,
449 702 541 766 quare
564 692 596 747 et
610 685 669 748 AD
693 684 837 747 distantia
860 685 931 746 nodi
955 684 993 746 ab
1017 684 1155 778 opposito
1178 685 1243 746 loco
1259 683 1339 752 Solis
1364 685 1492 760 dabitur,

144 781 180 834 et
201 772 257 836 BD
281 772 432 853 elongatio
454 773 558 836 Lunae
582 775 620 837 ab
651 774 702 836 illo
735 775 831 847 uodo,
862 774 939 856 quod
968 775 1036 836 'erat
1067 767 1244 854 quaesitam.
1291 776 1392 856 Atque
1420 774 1494 875 haec

143 869 196 923 est
217 861 387 936 methodus,
412 883 471 945 que
493 843 689 946 Ptolemaeos
707 863 791 925 initio
815 863 915 924 luerat
937 883 1020 926 usus.

236 947 378 1014 Ceterum
403 950 493 1014 aliam
520 951 600 1014 ιιιιι
633 923 777 1015 insistens
799 952 830 1014 in
852 953 967 1033 Magna
991 949 1236 1031 Compositione,
1266 970 1422 1031 regressus
1447 957 1494 1014 est

143 1039 185 1101 ad
208 1039 314 1102 haec'
305 1057 387 1122 rpsa,
415 1061 491 1122 quae
515 1041 592 1124 inter
624 1042 770 1123 principia
801 1047 988 1104 assumserat
1010 1047 1042 1102 et
1064 1057 1140 1122 quae
1167 1039 1236 1101 inde
1261 1040 1492 1110 deducebantur.
1575 1095 1582 1116 ,

143 1129 362 1210 redarguenda
400 1130 556 1192 Facillime
573 1131 651 1193 enim
673 1151 757 1194 error
779 1129 808 1192 in
826 1139 887 1192 tam
907 1129 1011 1193 subtili
1033 1129 1161 1192 materia
1183 1130 1356 1209 contingere
1379 1139 1491 1211 potest.

140 1215 286 1282 Primum
301 1218 421 1302 dioptre
442 1217 649 1302 Hipparchum
676 1220 802 1294 fefellit,
826 1239 881 1282 nec
904 1219 993 1323 plane
1027 1226 1115 1280 tauta
1138 1225 1186 1281 est
1207 1218 1312 1280 Lunae
1336 1219 1491 1284 diameter.

144 1305 264 1372 Deinde
287 1326 342 1370 nec
365 1305 503 1370 horarius
527 1309 570 1370 ita
585 1317 686 1372 certus
706 1318 763 1384 est,
788 1316 821 1371 ut
835 1309 915 1371 omni
939 1308 1029 1370 dubio
1052 1314 1165 1370 careat.
1205 1305 1289 1369 Duas
1313 1309 1390 1370 enim
1405 1309 1493 1371 Ιιιι

143 1395 263 1459 obtinet
285 1397 537 1478 inaequalitates,
555 1417 691 1480 quarum
723 1417 799 1478 quae
828 1399 858 1460 iu
889 1399 985 1460 coitus
1017 1395 1161 1458 luminum
1189 1385 1306 1458 desinit
1333 1397 1492 1460 admodum

139 1485 289 1550 hactenus
311 1485 428 1548 incerta
451 1485 517 1562 luit,
541 1495 582 1549 ut
598 1487 687 1550 aliter
709 1488 792 1551 illam
815 1475 1008 1550 Ptolemaeus
1031 1484 1207 1558 tradiderit,
1230 1485 1320 1548 aliter
1343 1484 1490 1567 Ooperni

141 1593 205 1651 cos,
231 1575 318 1638 aliter
333 1573 445 1656 Tycho.
483 1575 565 1638 Fieri
588 1577 680 1639 etlam
701 1577 809 1658 potuit,
833 1577 915 1638 utin
931 1575 1081 1680 eclipseos
1104 1581 1136 1634 et
1158 1593 1259 1636 morae
1284 1583 1314 1636 et
1329 1575 1490 1655 digitorum
1596 1631 1599 1637 .

141 1663 359 1727 observatione
391 1682 449 1726 uon
480 1663 558 1744 satis
588 1665 765 1747 diligentiae
795 1665 837 1728 sit
868 1645 1043 1726 adhibitum.
1090 1663 1200 1728 Nam
1191 1683 1221 1726 m
1245 1664 1364 1726 delectu
1386 1665 1489 1728 Lunae

139 1753 263 1816 difficile
292 1755 341 1814 est
364 1753 524 1816 aestimare
555 1755 634 1836 qnod
661 1753 766 1838 periit,
797 1774 864 1818 cum
886 1773 944 1816 nou
967 1753 1114 1816 videatur.
1162 1753 1298 1834 Denique
1321 1752 1518 1816 latitudinis·

142 1844 279 1923 angulus,
305 1849 340 1904 ut
357 1839 438 1904 inira
460 1842 585 1921 dicetur,
609 1844 699 1906 dnbio
718 1863 777 1906 non
796 1851 889 1906 caret.
927 1843 1001 1908 Ut
989 1861 1053 1923 Jam
1075 1859 1135 1903 non
1159 1841 1256 1904 dicam
1280 1843 1317 1904 de
1340 1861 1385 1917 eo,
1410 1843 1490 1924 quod

140 1932 290 1994 diameter
312 1931 432 2005 Lunae,
465 1933 555 1995 ιιιι
547 1951 577 1995 ιι
600 1953 658 1995 ιιι
682 1931 807 2016 epioycli
830 1934 897 1995 loco
929 1940 1011 1994 reete
1035 1930 1125 1994 luerit
1153 1930 1332 2004 observata,
1365 1931 1394 1993 in
1420 1931 1489 1994 aliis

140 2029 243 2084 tamen
266 2021 340 2082 locis
364 2021 469 2083 vitium
497 2021 658 2084 contrahat
681 2024 718 2084 ob
741 2022 863 2085 nimiam
886 2021 924 2084 ab
947 2018 1121 2102 Hipparcho
1150 2019 1337 2102 suppositam
1364 2021 1486 2101 quanti-

138 2118 235 2172 tatem
259 2109 394 2202 epicycli,
420 2109 490 2173 dnm
512 2111 713 2193 inaequalitas
737 2111 833 2175 omnis
857 2131 894 2174 ιιι
917 2109 1050 2192 epicyolo
1080 2109 1240 2185 derivatur,
1265 2127 1340 2191 quae
1364 2109 1487 2174 dimidia

141 2207 286 2282 exparte
310 2193 429 2262 aliunde
452 2200 545 2262 venit.

227 2287 421 2350 Ptolemaeus
445 2307 517 2369 ergo
540 2289 571 2352 in
590 2289 802 2352 iterationibus
824 2288 968 2374 pauciora
990 2287 1136 2350 assumsit
1158 2294 1189 2348 et
1208 2287 1337 2350 certiora
1357 2287 1485 2350 demon-

141 2377 264 2440 strando
287 2377 381 2440 motui
405 2377 584 2442 latitudinis.
629 2379 724 2442 Bioas
748 2377 892 2482 eclipses,
921 2395 1009 2459 quam
1031 2375 1164 2456 potuit'
1156 2377 1288 2439 invenire
1311 2375 1484 2456 longissimo

139 2465 283 2548 temporis
306 2466 467 2529 intervallo
490 2467 657 2543 distantes,
682 2467 776 2548 elegit
799 2467 843 2532 sio
866 2472 1074 2548 comparatas,
1102 2472 1137 2527 ut
1159 2471 1284 2546 utraque
1308 2473 1390 2528 esset
1411 2483 1485 2546 par-

138 2557 223 2619 tialis
255 2555 389 2636 ejusdem
422 2555 619 2638 quantitatis,
650 2555 729 2638 apud
762 2557 889 2618 eundem
916 2556 1044 2630 nodum,
1077 2554 1107 2616 in
1130 2555 1236 2616 eadem
1258 2555 1350 2635 plaga
1372 2555 1483 2630 mundi,

137 2645 266 2728 denique
289 2644 318 2706 in
342 2644 449 2707 eodem
471 2643 537 2708 loco
560 2645 703 2728 epinycli,
727 2653 761 2708 ut
784 2653 955 2721 constaret,
984 2643 1120 2729 umbram
1141 2642 1171 2705 in
1195 2645 1324 2708 transitu
1347 2642 1483 2726 utrinque

137 2735 275 2814 ejusdem
305 2753 372 2795 esse
402 2733 561 2796 crassitiei.
603 2735 667 2798 ·His
691 2735 768 2798 enim
793 2735 874 2798 datis
907 2741 1021 2796 certum
1044 2740 1128 2805 erat,
1157 2733 1294 2814 utrinque
1317 2733 1485 2814 aequaliter
1564 2767 1567 2780 ι

126 2823 274 2894 ‘abluisse
297 2823 381 2885 illam
397 2843 416 2885 a
430 2822 516 2898 uodo,
541 2842 577 2886 ac
590 2823 713 2904 proinde
737 2823 825 2894 orbes
843 2822 1036 2886 latitudinum
1061 2830 1282 2884 consummatos
1306 2831 1483 2904 essentque
1530 2847 1533 2853 ·

131 2914 283 2994 integros,
304 2911 380 2974 nlhil
402 2910 571 2988 residuum,
594 2912 668 2974 nihil
688 2911 850 2988 delicians,
880 2927 935 2973 nec
959 2927 1033 2990 opus
1061 2910 1118 2972 fuit
1141 2917 1174 2971 ut
1196 2917 1302 2984 antea,
1335 2928 1483 2991 praecog-

134 3002 222 3066 nosoi
244 2999 415 3077 horarium,
450 3001 627 3062 diametmm
649 3001 753 3064 Lunae
777 3010 830 3062 aut
851 3000 991 3073 umbrae,
1025 3016 1080 3060 nec
1103 2999 1245 3079 angulum
1267 2998 1482 3076 inclinationis,

135 3109 172 3154 ac
195 3109 233 3152 ne
256 3090 401 3171 epocham
424 3091 542 3172 quidem
566 3097 665 3153 motus
688 3087 876 3152 latitudinis(
914 3087 1039 3152 Suffecit
1063 3087 1151 3160 scire,
1174 3087 1293 3150 Lunam
1315 3088 1483 3169 aequaliter

135 3201 155 3242 a
177 3179 257 3242 nodo
281 3177 414 3242 abluisse
436 3179 592 3260 utrinque,
624 3179 725 3280 potuit
746 3179 873 3254 nesciri,
904 3185 1045 3258 quantum
1073 3173 1213 3240 abluerit
1261 3175 1304 3239 Ut
1327 3183 1428 3239 autem
1451 3183 1482 3239 et

135 3269 207 3331 hoc.
217 3269 345 3350 sciretur
366 3268 571 3350 postmodum,
600 3271 717 3332 rursum
739 3227 933 3335 Ptolemiceus
962 3266 1055 3347 elegit
1078 3265 1152 3327 duas
1173 3264 1319 3347 partiales
1342 3265 1480 3347 eclipses,

136 3357 273 3463 eiusdem
307 3341 474 3420 anomaliae
508 3358 616 3446 plagae
645 3365 678 3420 et
706 3356 902 3438 quantitatis,
936 3355 991 3418 sed
1019 3353 1148 3416 alteram
1178 3355 1256 3417 nodo
1288 3355 1481 3417 descendenti

137 3447 278 3522 vicinam,
304 3447 431 3510 alteram
454 3447 639 3510 ascendenti.
675 3447 754 3511 Nam
776 3453 894 3527 tempus
916 3443 1105 3526 interjectum
1129 3444 1291 3506 secuudum
1312 3443 1481 3506 latitudiuis

138 3545 251 3598 motum
266 3545 336 3600 ante
350 3535 564 3624 investigatum
583 3535 772 3609 ostendebat,
797 3542 910 3617 quanto
922 3552 993 3597 arcu
1012 3532 1115 3596 circuli
1134 3531 1195 3594 ab
1185 3533 1313 3596 ruvicem
1328 3533 1479 3598 abessent.

139 3622 265 3690 Certum
287 3634 398 3700 antem,
424 3625 521 3688 miuus
544 3627 731 3688 semicirculo
750 3625 873 3690 distare.
911 3621 1012 3695 Quare
1034 3621 1184 3686 residuum
1207 3621 1247 3685 ad
1266 3621 1482 3687 semicirculum
1597 3609 1602 3626 ¹

137 3723 190 3776 est
218 3714 364 3866 dqtautia
394 3715 545 3794 utriusqus
576 3702 723 3796 eclipseos
752 3734 846 3777 asuo
874 3712 991 3776 uodo'
982 3731 1012 3774 ιι
1035 3713 1126 3774 unam
1157 3730 1302 3774 summam
1333 3713 1480 3793 conjecta,

137 3822 216 3885 quae
270 3804 368 3865 isecta
399 3801 499 3883 prodit
526 3812 675 3868 secretam
704 3797 887 3883 singularum
909 3824 928 3864 a
951 3803 1030 3865 nodo
1062 3800 1251 3877 distantiam,
1280 3803 1357 3883 quod
1386 3821 1480 3887 quae-

136 3892 277 3956 rebatur:
303 3892 412 3972 angulo
436 3892 604 3956 latitudinis
628 3893 799 3955 etiamnum‘
811 3892 958 3973 ignorato.
991 3917 999 3930 ι

227 3979 388 4046 Succincte
415 4001 488 4044 saue
517 3982 690 4058 methodus,
722 3979 869 4064 siquidem
905 3979 1058 4062 quantitas
1090 3980 1224 4042 delectus
1255 3979 1480 4044 aestimatorum

137 4069 266 4134 intuitus
281 4090 338 4133 noo
355 4071 505 4146 lelellerit,
530 4079 564 4133 et
575 4090 694 4153 semper
711 4071 740 4152 in
755 4078 873 4150 promtu
887 4069 950 4132 siut
966 4076 1029 4130 tam
1048 4069 1220 4132 commodae
1244 4069 1478 4132 observationes.

228 4159 290 4224 Sed
313 4174 490 4241 pergamns3
514 4168 621 4242 quarto
636 4161 738 4242 itaque
752 4159 944 4222 Ptolemaeus
968 4156 1095 4220 alteram
1117 4158 1360 4238 inaequalitatem
1374 4159 1478 4221 Lunae

136 4250 190 4314 lib.
216 4249 257 4313 V.
282 4249 465 4330 aggreditur,
491 4268 566 4331 quae
589 4251 628 4313 in
643 4249 796 4313 novilunia
827 4246 939 4310 desiuit
960 4254 992 4309 et
1012 4245 1192 4329 plenilunio,
1222 4265 1311 4328 quam
1333 4265 1398 4328 cap.
1428 4247 1477 4312 10.

137 4338 327 4402 demonstrat
359 4337 436 4400 citra
464 4355 604 4418 magnum
634 4338 851 4401 incommodum
873 4336 905 4397 iu
927 4336 1043 4399 calculo
1073 4333 1226 4417 'eclipsium
1250 4337 1348 4399 omitti
1376 4355 1477 4420 posse.

227 4426 341 4498 Quinto
365 4427 553 4490 latitudinem
574 4429 678 4490 Lunae
703 4427 872 4502 maximam,
900 4445 975 4508 quae
999 4426 1104 4488 eadem
1126 4433 1174 4486 est
1201 4443 1267 4488 cum
1297 4427 1413 4508 angulo*
1428 4427 1478 4488 in·
1509 4455 1537 4516 '.

137 4515 310 4582 clinatiouis
334 4516 415 4579 orbis
439 4515 542 4578 Lunae
566 4516 747 4598 adplenum
779 4514 953 4596 eclipticas,
977 4513 1169 4578 Ptolemaeus
1193 4532 1249 4576 uon
1274 4514 1371 4578 minos
1394 4529 1477 4578 oom-

137 4605 281 4688 pendiose
312 4605 486 4684 inquisivit,
518 4613 693 4683 exspectato
723 4612 891 4680 momento,
920 4623 977 4686 quo
1010 4604 1096 4667 Luna
1117 4601 1153 4662 in
1178 4602 1295 4667 (lanoro
1328 4605 1477 4668 borealem
1533 4647 1539 4666 .

136 4695 265 4758 limitem
287 4689 467 4776 attingebat.
505 4693 588 4756 Tunc
610 4693 687 4756 enim
705 4693 735 4756 iu
750 4694 956 4756 Alexandrina
974 4691 1036 4774 poli
1055 4691 1222 4753 elevatione
1236 4692 1322 4755 Luna
1343 4694 1477 4773 proxime

137 4785 282 4848 verticem
313 4785 459 4846 accedens
490 4801 566 4864 pene
596 4783 675 4844 omni
706 4801 739 4845 se
768 4782 917 4863 parallari
949 4781 1084 4844 exuebat
1135 4781 1169 4842 Iu
1192 4781 1248 4843 hoc
1275 4781 1393 4864 quidem
1416 4785 1476 4846 situ

136 4873 332 4937 Ptolemaeus
356 4873 495 4946 affirmat,
518 4893 550 4936 so
574 4889 716 4952 semper
738 4869 865 4935 eaodem
878 4872 981 4935 Lunae
1004 4869 1182 4934 distantiam
1205 4871 1354 4962 avemice
1378 4873 1476 4954 quoad
