3680 5538
641 295 702 350 nm
720 295 826 362 cuna
862 293 944 363 equ
959 289 1052 346 urm
1391 234 1395 243 Ι
1455 275 1520 350 bet)

707 489 826 593 Caput
851 487 982 566 LVIII.
1005 494 1007 510 '

176 654 341 736 Qucum
367 660 469 720 emate
496 653 680 728 uhodone,
715 651 816 736 cupite
837 650 933 716 LVI.
963 649 1178 714 commeare
1199 648 1229 710 el
1248 643 1391 738 hunde,
1419 639 1522 724 possid

172 753 278 810 mmet
308 763 400 809 mor
430 745 558 808 eduam
586 744 621 806 iu
646 748 854 827 praepostero
888 737 1070 803 libruborrie
1104 734 1335 822 applicatione,
1370 750 1433 814 qua
1460 730 1522 797 iter

587 830 736 914 planetae
758 831 922 895 demessam
943 829 1100 940 ajipr'atur.

421 973 517 1036 Malo
545 993 597 1036 me
628 970 794 1054 Galatea
820 971 928 1056 petit,
961 969 1105 1032 lasciva
1132 963 1269 1048 puella,

355 1059 401 1126 Et
432 1061 528 1159 fugiit
557 1063 602 1125 ad
634 1062 792 1138 salices,
824 1067 860 1122 et
889 1078 926 1163 se
956 1057 1061 1140 eupit
1092 1062 1175 1118 ante
1207 1049 1338 1134 videri.

264 1185 407 1248 Profecto
430 1203 533 1247 rerum
555 1185 612 1248 hoc
626 1187 663 1249 de
686 1193 793 1249 natura
812 1203 886 1248 oano
904 1203 941 1245 ex
963 1201 1014 1245 ure
1038 1178 1175 1260 Vergilii.
1214 1176 1282 1249 Quo
1304 1173 1427 1258 propius
1442 1171 1522 1238 enim

177 1277 218 1339 ad
240 1275 326 1341 illam
346 1275 476 1350 venitur,
498 1274 555 1337 hoc
569 1275 788 1355 petulantiores
810 1275 896 1338 ludus
919 1271 1002 1341 lacit,
1025 1271 1083 1334 hoc
1096 1267 1230 1350 pluribus
1253 1263 1437 1328 anfractibus
1454 1279 1522 1322 sese
1644 1329 1648 1336 ¹

176 1367 246 1448 ipsa
268 1365 518 1446 comprehensura
541 1363 607 1443 jam
625 1365 747 1446 jamque
771 1362 885 1426 tenenti
907 1360 1047 1441 surripit:
1070 1378 1125 1424 nec
1147 1364 1249 1420 umen
1271 1354 1399 1418 invitare
1422 1357 1525 1417 uuas

179 1455 219 1518 ad
242 1457 276 1516 s'e
298 1453 614 1534 comprehendendam,
639 1456 726 1537 quasi
748 1454 914 1516 delectetur
935 1451 1011 1516 meis
1035 1447 1193 1514 erroribus.

270 1539 360 1613 Quod
377 1550 443 1604 toto
463 1541 519 1603 lsoc
538 1561 627 1624 opere
651 1543 796 1624 spectavi,
818 1551 853 1606 nt
870 1542 1024 1626 physicam
1047 1535 1212 1602 invenirem
1234 1529 1424 1615 hypothesin,
1447 1545 1524 1610 quae

176 1651 237 1696 uon
260 1638 377 1704 matum
401 1630 563 1694 distantias
587 1633 720 1696 efficeret
750 1631 918 1696 observatis
949 1638 1185 1700 consentaneas,
1214 1623 1268 1686 sed
1295 1621 1387 1686 etiam
1409 1637 1523 1699 aequa·

176 1721 277 1785 tiones
299 1720 404 1784 itidem
425 1720 552 1801 probas,
581 1741 655 1803 quas
682 1722 828 1784 hactenus
852 1740 890 1783 ex
912 1719 1027 1782 vicena
1054 1715 1162 1798 capitis
1185 1711 1272 1776 XVI.
1298 1709 1394 1775 enecti
1422 1703 1525 1773 euhoe

178 1808 327 1874 mutuari:
350 1809 430 1872 idem
444 1809 588 1890 perhanc
611 1810 708 1874 etiarn·
726 1810 912 1874 verissimam
936 1808 1113 1892 hypothesin
1137 1809 1258 1868 tentans
1278 1800 1358 1865 falsa
1372 1795 1525 1871 methodo,

169 1915 298 1966 ‚rursum
328 1898 366 1960 de
395 1917 496 1961 rerum
525 1918 640 1962 summa
671 1900 823 1981 trepidare
855 1898 949 1980 coepi.
1000 1896 1156 1963 luliaco

179 1987 331 2072 aperus
352 1988 470 2052 aare
486 1987 567 2066 nu
589 1989 769 2056 saeuum
791 1988 937 2074 opaea
958 1985 1071 2052 aare
1085 1984 1154 2058 eu,
1274 1959 1327 2026 ³³⁸·
1350 1953 1408 2006 ¹¹⁷·

179 2077 250 2142 tm.
288 2074 400 2160 Sitpue
420 2077 478 2140 AB
501 2081 713 2144 eccarhicitae
735 2077 848 2143 cirasia·
871 2077 939 2143 GD.
976 2075 1031 2140 se
1051 2083 1156 2140 uuum

181 2163 347 2232 emmelis
369 2167 511 2242 eceeutri,
533 2187 589 2230 sere
610 2187 760 2232 mmm-res
778 2169 940 2251 medeam
960 2169 1036 2252 ciera
1060 2185 1156 2230 urus
1487 2232 1500 2263 r·
1556 2213 1572 2244 ,

183 2254 243 2319 on
265 2253 314 2320 ur
333 2255 411 2328 nn,
441 2275 501 2336 pu·
526 2255 801 2340 „quaererem
829 2277 896 2340 rap.
924 2257 995 2321 111.
1044 2253 1155 2319 cerac
1218 2319 1220 2324 ,
1245 2296 1251 2310 .
1299 2238 1347 2349 2:
1496 2254 1506 2309 '-

181 2347 281 2428 ifibt
303 2344 342 2432 K,
365 2345 550 2409 diastemate
572 2347 649 2419 KD,
673 2347 757 2427 qrrod
777 2348 843 2430 ipsi
864 2346 921 2410 AB
951 2346 993 2408 sit
1015 2343 1156 2426 neptale,
1362 2338 1378 2365 ¹

181 2433 437 2498 certatuml?
458 2433 626 2518 eptcyclue,
649 2438 842 2518 quiescebat
864 2432 1018 2500 circulens
1041 2429 1100 2498 GD
1121 2433 1159 2496 iu
1270 2430 1274 2431 ⁷
1307 2466 1323 2495 ,—
1396 2462 1412 2501 r
1486 2486 1502 2519 u.

182 2525 212 2588 n
236 2543 299 2606 pe
326 2522 603 2606 omipotentem
634 2544 702 2609 cap.
732 2523 802 2589 111.
855 2525 1009 2589 nauum
1040 2523 1101 2586 uu
1129 2530 1159 2586 u
1312 2512 1315 2522 ‘
1385 2485 1430 2581 b

184 2612 384 2678 mesech?
411 2612 511 2678 detrec
539 2623 618 2677 secet
646 2612 821 2698 epicyclum
841 2615 877 2678 iu
898 2614 942 2687 L,
973 2620 1010 2678 ab
1038 2613 1080 2676 eit
1102 2613 1157 2676 LD
1280 2555 1482 2711 hir>

185 2721 282 2768 urm
311 2699 429 2766 aarum
457 2701 636 2767 anomaliae
664 2706 795 2768 eccmtri
825 2702 883 2766 GD
914 2701 963 2766 uel
993 2701 1061 2766 ΗΚ.
1114 2701 1161 2766 Et
1288 2712 1336 2759 a,

185 2791 429 2856 commacu
453 2811 524 2855 mem
537 2793 576 2854 D.
615 2792 671 2857 Em
688 2800 804 2875 porum
825 2792 939 2856 cerel)
957 2792 1160 2864 dernittuutrer

182 2879 600 2963 pepmdiculoreeiaGA,
615 2881 681 2956 LA,
705 2881 945 2962 pamdutDQ
960 2879 1025 2944 DE.
1059 2877 1160 2950 Quare
1299 2908 1303 2919 ·
1346 2890 1348 2897 ’

184 2987 240 3052 per
262 2968 408 3032 hactenus
431 2988 497 3050 cap.
513 2969 598 3033 LVI.
623 2971 839 3044 demonstrata,
861 2969 919 3032 ΑΕ
939 2969 1015 3032 citra
1036 2975 1160 3032 contro-

185 3058 317 3122 versiam
340 3057 399 3121 erit
416 3057 503 3138 justa
526 3058 672 3122 mutantia
695 3059 733 3122 ad
752 3059 829 3120 hanc
851 3058 1031 3122 anomaliam
1053 3075 1160 3120 eccen-

186 3147 237 3222 tri,
262 3147 300 3208 de
322 3165 382 3228 qua
403 3148 563 3228 quaeritur,
587 3151 729 3230 quantum
750 3146 893 3230 temporis
915 3147 946 3210 in
965 3166 1002 3208 ea
1024 3145 1066 3209 sit
1087 3165 1161 3209 con-

186 3243 327 3299 sumtum.
375 3235 508 3317 Cumque
531 3237 596 3319 ejns
619 3257 707 3300 arcus
730 3237 813 3300 sinus
840 3254 946 3300 versus
969 3232 1038 3310 Ge,
1060 3235 1125 3298 sire
1153 3245 1225 3320 post
1251 3233 1529 3317 multiplicationem

185 3313 242 3388 tt
265 3324 370 3386 ablata
391 3324 494 3419 ⁸„GA
516 3326 682 3407 prodiderit
713 3325 888 3390 distantiam
915 3323 972 3388 Am
998 3324 1132 3404 justam:
1164 3347 1201 3389 ex
1229 3327 1278 3390 his
1310 3324 1428 3388 indiciis
1459 3341 1531 3406 per·-

186 3413 347 3488 suadebsr‚
370 3414 529 3478 terminum
551 3415 645 3497 ipsius
667 3416 725 3479 Ale
753 3416 880 3478 alterum
908 3414 1107 3494 quaerendum
1134 3435 1201 3480 esse
1224 3435 1283 3480 non
1308 3415 1338 3478 in
1360 3411 1416 3476 ΒΟ
1439 3413 1530 3488 buca,

187 3502 269 3584 quod
291 3501 481 3566 verissimum
503 3512 604 3568 tamen
627 3514 703 3580 erat,
726 3505 780 3568 sed
804 3503 834 3568 in
856 3504 912 3568 DB
939 3503 1037 3566 lineae
1063 3512 1173 3584 puncto
1195 3508 1231 3569 I:
1260 3513 1293 3566 ut
1316 3504 1342 3566 si
1363 3510 1467 3567 centm
1489 3503 1530 3575 A,

186 3592 369 3656 diastemate
392 3590 464 3666 tm,
487 3593 625 3656 ducerem
648 3613 750 3658 arcum
771 3593 854 3668 EIF,
878 3593 928 3673 qui
950 3600 1034 3656 secet
1056 3591 1111 3654 DB
1134 3594 1165 3656 ln
1186 3595 1211 3657 L
1255 3593 1350 3657 Esset
1371 3593 1463 3674 igitur
1484 3591 1531 3654 ΔΙ

186 3680 353 3744 secundum
383 3681 461 3744 hanc
491 3683 716 3762 persuasionem
741 3684 824 3762 Justa
857 3681 1001 3744 distantia
1028 3682 1089 3744 situ
1112 3691 1143 3745 et
1164 3683 1368 3764 longitudinm
1401 3688 1433 3744 et
1453 3678 1532 3744 IAG

187 3769 342 3834 anomalia
367 3787 438 3832 vere
469 3780 643 3858 coaequata.
688 3771 883 3837 Manifestum
911 3780 960 3833 est
987 3779 1101 3847 autem,
1130 3773 1209 3853 quod
1235 3771 1304 3836 um
1332 3789 1420 3834 arcus
1448 3775 1533 3832 secet

186 3857 245 3926 DC
269 3858 379 3928 lineam
401 3860 467 3922 loeo
489 3861 645 3942 superiori,
670 3861 788 3926 scilicet
808 3860 839 3924 iu
862 3851 903 3936 F',
926 3861 1026 3941 itaque
1055 3861 1158 3942 anguli
1178 3859 1256 3928 me
1279 3869 1311 3927 et
1332 3857 1420 3925 ΕΑΘ
1443 3859 1531 3922 dilie-

187 3954 260 4012 rant
281 3947 451 4029 quantitate
473 3949 553 4014 IAF.
598 3950 706 4014 Erravi
728 3949 832 4030 igitur,
864 3957 1008 4030 usurpata
1034 3949 1114 4012 lines
1136 3951 1181 4013 AI
1202 3969 1258 4032 pro
1279 3951 1344 4014 AF.
1389 3947 1531 4014 Errorem

188 4037 318 4120 primum
346 4037 532 4118 experientia
560 4039 750 4120 deprehendi.
795 4041 876 4102 Nam
896 4058 964 4102 curu
991 4039 1196 4118 explorassem
1223 4039 1420 4121 quantitatem
1442 4053 1531 4099 areae

187 4123 282 4190 ΒΑΘ
304 4133 368 4190 tam
383 4144 436 4206 per
458 4127 620 4193 distantias
643 4146 755 4204 omnes,
779 4147 869 4209 quarn
881 4146 935 4207 per
958 4127 1089 4190 areolam
1106 4128 1202 4204 DAB,
1224 4136 1331 4210 postea
1349 4125 1418 4190 huic
1441 4141 1531 4190 areae

188 4213 282 4280 DAG
304 4213 333 4277 in
357 4222 474 4296 tempus
498 4235 661 4282 conversae
684 4217 957 4282 accommodassem
984 4218 1124 4295 angulum
1146 4215 1223 4282 IAG
1249 4235 1309 4280 non
1331 4212 1437 4280 FAGz
1460 4219 1532 4278 tune

188 4305 385 4387 insuperiori
408 4305 585 4370 semicirculi
607 4314 693 4390 parte
716 4306 825 4386 collegi
841 4323 895 4386 per
908 4297 984 4386 5¹l2‘
1007 4305 1085 4386 plns,
1108 4307 1137 4368 in
1156 4305 1290 4370 inferiori
1300 4299 1402 4386 perd‘
1424 4301 1532 4376 minus,

190 4413 281 4478 quam
304 4392 399 4456 dabat
418 4395 535 4458 vicaria
557 4397 633 4460 satis
649 4404 741 4459 certa.
778 4397 883 4477 ltaque
907 4393 1154 4458 dissentientibus
1177 4393 1532 4476 aequationihusarero,

189 4483 277 4566 coepi
300 4501 417 4546 rursum
439 4503 581 4549 accusare
605 4485 777 4548 verissimas
799 4483 855 4546 hae
874 4483 1036 4546 distantias
1049 4485 1107 4548 Am
1129 4492 1160 4547 et
1182 4482 1370 4547 librationem
1392 4480 1532 4562 planetae

189 4573 245 4638 LE
268 4572 306 4636 de
329 4571 465 4651 crimine,
491 4574 576 4656 cujus
602 4574 683 4638 falsa
708 4593 775 4636 mea
796 4573 969 4649 methodus,
997 4593 1071 4656 quae
1094 4573 1110 4635 I
1132 4591 1186 4655 pro
1208 4575 1235 4636 F
1257 4570 1433 4653 spectabat,
1466 4573 1534 4632 erat

190 4683 255 4730 rea.
296 4659 379 4735 Quid
402 4663 530 4728 multis?
551 4665 626 4747 Ipsa
647 4663 760 4726 veritas
779 4661 926 4725 etrerum'
944 4669 1052 4725 natura
1074 4661 1231 4740 repudiata
1248 4669 1280 4724 et
1301 4659 1421 4723 exulare
1444 4657 1535 4740 jussa

190 4771 244 4838 per
270 4751 422 4835 posticum
451 4771 483 4816 se
511 4753 612 4817 furtim
640 4771 755 4816 rursum
783 4750 897 4834 recepit
927 4751 1006 4814 intro
1035 4756 1066 4813 et
1095 4749 1149 4812 sub
1176 4750 1281 4813 habitu
1313 4747 1410 4811 alieno
1439 4767 1458 4810 a
1485 4765 1533 4809 me
1659 4807 1661 4816 ,

191 4849 315 4930 recepta
343 4839 410 4908 tuit
467 4841 574 4908 Missis
604 4843 725 4927 inquam
760 4839 969 4908 librationibus
1000 4837 1140 4902 dimetri
1171 4838 1243 4917 Lu,
1275 4837 1361 4922 coepi
1391 4853 1533 4907 revocare
