3672 5538
291 260 356 346 354
376 349 382 362 ,
773 273 815 327 De
832 269 941 326 Motibus
959 269 1053 324 Stellas
1071 271 1159 324 unus
1181 295 1187 304 ·

290 453 467 534 censetur),
490 454 559 520 binc
582 450 640 520 non
663 453 774 535 injuria
796 453 934 518 dubitare
956 453 1054 535 possit
1074 453 1180 529 lector,
1204 472 1242 516 an
1262 449 1353 514 etiam
1373 449 1405 513 in
1428 449 1485 513 boc
1499 467 1643 533 processu

292 567 368 629 opus
392 549 435 609 sit
463 545 590 628 primum
619 554 715 609 totam
739 546 854 606 ovalem
880 546 1052 617 decurtare,
1080 551 1189 625 postea
1212 561 1266 623 per
1287 537 1521 624 partes‘iterupr
1545 541 1643 622 optice

293 631 427 716 augere?
486 637 566 699 Nam
605 655 642 696 ex
679 634 831 696 schemate
867 634 988 697 videtur
1024 651 1183 714 apparere,
1222 629 1477 695 abbreviationem
1507 631 1549 694 ibi
1581 630 1645 693 iere

290 726 453 790 maximam
485 717 676 806 contingere,
715 723 767 786 ubi
800 732 831 786 et
861 721 1111 806 appropinquatio
1148 722 1279 784 maxima
1307 710 1351 783 ad
1381 721 1409 781 B
1439 728 1574 784 centrum
1614 727 1646 782 et

290 835 432 878 vrcrssrm.

380 902 498 987 ondsi
521 904 634 984 pariter
657 901 831 964 incederent
852 901 910 963 has
934 900 1133 976 variationes,
1157 899 1315 964 methodus
1338 898 1425 962 nobis
1448 898 1510 962 ista
1532 917 1645 961 nasce-

290 1003 374 1059 retur
398 993 591 1074 cqmputandi
616 993 829 1072 aequationes:
1093 995 1095 998 ’

329 1107 335 1121 ·
380 1081 555 1160 Aaomalia
577 1083 684 1146 asadia
706 1083 850 1164 primam
873 1085 952 1142 esset
976 1076 1079 1154 GBD,
1110 1079 1195 1143 unde
1227 1081 1461 1162 computaretur
1490 1077 1648 1142 distantia

292 1173 362 1250 GA,
387 1194 467 1256 quae
490 1173 606 1237 addita
629 1173 674 1233 ad
695 1172 755 1233 AD
779 1171 966 1233 distantiam
988 1170 1119 1233 termini
1140 1167 1272 1231 alteriue
1295 1169 1505 1232 antecedentis
1527 1168 1568 1230 de
1587 1164 1648 1228 GD

292 1264 366 1349 (qui
387 1282 510 1345 semper
532 1269 578 1324 eet
606 1256 657 1340 l.⁰)
682 1269 712 1324 et
735 1279 858 1324 samnm
881 1257 1070 1332 dimidiata,
1102 1257 1301 1321 constitueret
1323 1277 1418 1320 aram
1442 1257 1497 1320 CD
1521 1258 1647 1320 distan-

289 1357 369 1420 tiam
399 1350 596 1434 aequabilem
621 1347 778 1432 (omnium
804 1347 924 1411 seilicet
951 1349 1018 1432 ejus
1041 1340 1275 1431 punctorum:
1305 1355 1334 1410 et
1356 1353 1429 1411 tunc
1460 1346 1646 1418 diceremus,

293 1453 329 1511 ut
353 1450 399 1506 est
421 1440 585 1522 longitudo
608 1438 802 1503 semicirculi
825 1439 869 1502 ad
891 1457 1046 1500 summam
1075 1438 1302 1501 distantiarum
1331 1435 1470 1499 omnium
1491 1438 1528 1499 in
1549 1436 1646 1498 semi-

293 1531 422 1607 cirsuio,
446 1531 493 1593 sic
516 1551 582 1593 esse
604 1532 688 1595 banc
711 1529 898 1593 distantiam
921 1547 1016 1589 arcas
1040 1525 1099 1589 GD
1123 1527 1167 1592 ad
1190 1523 1415 1608 longitudinem
1435 1527 1498 1600 FD,
1522 1527 1581 1589 lroe
1603 1531 1650 1588 est
1692 1581 1700 1599 ,

293 1611 338 1687 ad
368 1620 590 1705 apparentiam
619 1641 659 1684 ea
681 1620 707 1681 B
730 1619 835 1700 ipsius
859 1614 924 1679 OD.
972 1613 1049 1679 Jom
1081 1637 1120 1679 eir
1143 1617 1213 1689 FD,
1246 1622 1398 1698 tunquam
1429 1635 1469 1678 ea
1498 1633 1651 1680 mansura

293 1710 406 1795 anpuli
435 1708 517 1774 CBD
551 1718 581 1774 a
610 1730 649 1772 ea
671 1708 739 1782 Aa,
762 1707 820 1771 AB
851 1711 1073 1790 quaereremus
1103 1703 1188 1768 CAD
1222 1711 1426 1786 coaequatam
1455 1702 1650 1768 anomaliam
1667 1747 1698 1774 ,.

293 1803 433 1868 madae
454 1799 508 1864 iria
530 1820 625 1881 quam
642 1801 746 1882 prius.

340 1897 343 1902 '
380 1891 426 1953 At
455 1888 535 1950 sciat
558 1889 670 1962 lector,
700 1888 756 1949 has
777 1881 857 1948 'duas
880 1883 1048 1946 varietates
1071 1901 1128 1944 non
1153 1881 1306 1945 ambulare
1329 1882 1395 1961 pari
1422 1897 1522 1960 passu.
1569 1881 1650 1943 Nam

293 1979 487 2063 amplifi'oatio
511 1978 626 2059 optioa,·
647 1997 723 2060 quae
748 1976 841 2038 oritur
864 1993 903 2034 ex
926 1972 1213 2055 appropinquatione
1237 1970 1353 2033 itineris
1376 1969 1431 2034 DC
1457 1971 1495 2032 ad
1514 1978 1650 2032 centrum

290 2075 327 2148 B,
352 2068 514 2152 potissima
538 2069 650 2131 accidit
673 2067 753 2128 circa
777 2061 978 2144 longitudines
1002 2061 1134 2136 medias3
1159 2063 1241 2124 nulla
1265 2062 1326 2123 iere
1341 2061 1370 2122 in
1386 2061 1504 2141 aphelio
1520 2061 1649 2140 etperi-

291 2161 388 2225 helio:
420 2166 455 2220 at
478 2165 598 2232 eontra,
628 2155 797 2219 decurtatio
826 2155 893 2216 viae
925 2155 1036 2227 uvalis,
1065 2171 1141 2233 quae
1170 2145 1263 2214 oritui
1287 2170 1324 2212 ex
1346 2151 1484 2230 ingressu
1506 2149 1649 2229 planetae

293 2253 331 2314 ad
356 2257 500 2318 centrum.
525 2247 718 2311 circumcirca
740 2264 816 2325 pene
841 2243 976 2323 aequalis
1001 2248 1056 2305 est.
1105 2239 1180 2304 Cum
1205 2241 1282 2303 enim
1306 2241 1382 2302 duae
1406 2239 1570 2302 distantiae
1590 2257 1648 2318 op·

292 2340 413 2424 positae
437 2338 467 2399 in
492 2336 728 2416 longitudinibus
752 2335 859 2397 mediis
884 2333 1014 2395 eccentri
1038 2338 1168 2410 aequent
1191 2331 1266 2392 duas
1285 2330 1408 2410 junctas
1429 2348 1521 2412 prope
1537 2329 1650 2392 lineam

293 2429 448 2510 apsidum,
482 2426 611 2488 alteram
645 2422 764 2506 aphelio
788 2425 932 2499 vicinam,
967 2422 1094 2484 alteram
1119 2420 1280 2502 perihelio:
1315 2439 1400 2500 arcus
1424 2438 1495 2480 vero
1519 2420 1651 2480 circum·
1689 2426 1693 2434 '

294 2516 443 2582 terentiae
477 2516 573 2576 ovalis
606 2513 720 2576 sintin
744 2521 917 2593 permutata
941 2511 1152 2573 distantiamm
1176 2508 1388 2590 proportione:
1424 2527 1514 2590 quare
1539 2515 1571 2569 et
1594 2509 1653 2570 duo

293 2625 381 2671 arcus
409 2603 579 2683 hujusmodi
626 2603 656 2664 iu
690 2603 926 2682 longitudinibus
959 2601 1078 2676 mediis,
1117 2598 1232 2661 duobus
1265 2598 1408 2674 arcubus,
1447 2597 1534 2660 alteri
1558 2615 1652 2678 prope

295 2694 445 2777 aphelium
469 2693 558 2754 alteri
581 2711 673 2773 prope
697 2692 882 2772 perihelium,
908 2693 1050 2772 aequales
1074 2697 1169 2753 erunt.
1218 2687 1251 2750 Si
1274 2687 1333 2767 ipsi
1357 2707 1444 2748 arcus
1469 2687 1565 2750 ovalis
1583 2688 1653 2748 viae

296 2784 455 2868 aequales,
488 2781 556 2864 ipsa
589 2783 681 2844 etiam
714 2780 871 2844 diminutio
905 2781 1009 2844 horum
1033 2798 1154 2840 arcuum
1183 2778 1318 2840 omnibus
1343 2784 1470 2857 quatuor
1497 2776 1571 2839 locis
1594 2775 1656 2839 erit

296 2878 368 2940 iere.
385 2872 531 2954 aequalis.
576 2871 793 2952 Experimento
817 2891 866 2933 res
890 2878 938 2932 est
963 2869 1165 2949 comprobata.
1205 2867 1240 2930 Si
1262 2886 1389 2947 namque
1409 2861 1544 2928 deiectas
1559 2865 1653 2929 semi-

296 2963 400 3030 circuli
432 2962 529 3024 ovalis
567 2969 615 3024 est
647 2958 701 3024 45⁴
737 2957 814 3036 15¹⁴,
857 2960 915 3022 erit
950 2960 1086 3022 defectus
1118 2958 1215 3038 partis
1248 2947 1655 3035 centesimas-octagesimo

298 3058 334 3118 de
366 3052 445 3115 ovali
469 3052 551 3114 circa
574 3050 723 3130 aphelium
748 3050 867 3113 circiter
892 3045 965 3112 14¹⁴.
1011 3051 1057 3111 At
1085 3047 1278 3129 amplificatio
1304 3065 1341 3107 ex
1364 3044 1653 3126 appropinquatione

298 3144 395 3208 uvalis
427 3159 486 3203 non
510 3148 623 3220 aequat
647 3160 734 3202 unum
760 3141 923 3202 secundnm
946 3139 1026 3200 circa
1049 3138 1209 3218 aphelium.
1256 3137 1364 3218 Itaque
1388 3135 1468 3216 quod
1490 3133 1656 3216 allegatam

298 3232 451 3297 ocularem
474 3229 639 3293 schematis
663 3229 905 3292 aestimationem
929 3228 1048 3302 attinet,
1074 3246 1131 3289 nou
1155 3234 1204 3290 est
1226 3225 1403 3306 simpliciter
1425 3225 1487 3301 ita,
1517 3231 1551 3286 ut
1572 3225 1656 3306 prius

298 3325 375 3386 haec
404 3320 535 3400 objectio
566 3317 705 3393 dicebat,
739 3326 774 3381 ut
801 3318 968 3380 decurtatio
1001 3317 1097 3379 ovalis
1131 3324 1164 3378 et
1194 3315 1258 3396 ejus
1282 3313 1473 3396 amplificatio
1497 3315 1600 3394 optiea
1622 3333 1656 3376 se

298 3420 400 3476 mutuo
433 3415 637 3489 compensent.
683 3407 779 3471 Esset
802 3408 919 3489 quidem
943 3409 1003 3483 its,
1033 3408 1058 3468 si
1091 3424 1194 3468 omnes
1218 3424 1304 3466 arcus
1328 3407 1395 3469 viae
1419 3403 1515 3466 ovalis
1538 3403 1656 3485 objice-

299 3509 403 3566 rentur
426 3505 530 3561 centro
553 3499 580 3559 B
605 3497 729 3561 directe.
767 3497 812 3562 At
829 3498 886 3559 hoc
905 3496 938 3558 tit
957 3505 1074 3558 tautum
1092 3495 1122 3558 in
1141 3494 1378 3575 longitudinibus
1393 3494 1509 3556 mediis.
1539 3493 1657 3556 Versus

301 3589 426 3671 apsidas
450 3606 522 3649 vero
545 3588 577 3650 hi
600 3607 689 3650 arcus
713 3587 848 3648 terminis
867 3586 934 3666 ¹suis
957 3585 1158 3667 inaequaliter
1181 3585 1431 3665 appropinquant.
1475 3581 1576 3654 Quare
1597 3603 1657 3645 non

301 3681 376 3743 fiunt
408 3683 493 3738 tanto
526 3677 656 3757 majores
689 3696 743 3758 per
777 3676 1096 3756 appropinquationem
1129 3685 1161 3737 et
1194 3673 1416 3754 apparentiam,
1446 3681 1558 3754 quanto
1587 3672 1666 3735 sunt‘
1752 3677 1754 3682 '

304 3765 379 3832 iacti
402 3765 555 3829 breviores
578 3785 633 3846 per
655 3766 900 3829 decurtationem.

391 3857 498 3936 Itaque
531 3856 609 3918 hano
637 3857 809 3919 methodum
840 3861 960 3916 secutus
994 3855 1190 3936 aequationes
1220 3851 1329 3915 Martis
1357 3852 1396 3914 ad
1420 3870 1522 3913 omues
1545 3851 1659 3930 gradus

304 3946 435 4025 accentui
459 3945 603 4018 exstruxi,
628 3945 717 4027 idque
740 3955 797 4008 ter.
843 3945 923 4007 Nam
946 3943 1041 4024 primo
1066 3942 1324 4006 eccentricitatem
1342 3960 1399 4002 non
1422 3940 1497 4003 satis
1519 3959 1659 4021 magnam

306 4053 517 4109 assumseram,
543 4029 640 4109 9165,
666 4035 852 4110 existimans,
876 4053 923 4094 me
946 4033 1024 4094 hane
1038 4033 1082 4095 sic
1098 4052 1151 4112 per
1165 4033 1321 4113 planorum
1335 4031 1534 4092 tractationes
1548 4030 1658 4092 certis-

307 4131 414 4193 simam
447 4124 567 4186 iecisse.
618 4122 735 4185 Deinde
764 4125 856 4186 etiam
887 4125 1068 4204 plusquam
1100 4119 1180 4186 1800
1202 4122 1232 4183 in
1256 4119 1361 4201 regula
1383 4139 1559 4200 posueram,
1593 4137 1660 4181 cum

307 4218 404 4282 minus
427 4232 538 4294 ponere
563 4210 743 4276 debuissem.
794 4214 901 4294 Itaque
925 4233 992 4275 oum
1015 4212 1063 4274 hic
1087 4212 1193 4274 ultima
1216 4210 1350 4293 operatio
1373 4209 1441 4290 plus
1465 4227 1554 4290 quam
1580 4205 1661 4272 1800

310 4305 498 4377 ostenderet,
538 4302 616 4382 quod
648 4301 828 4378 absurdum,
862 4303 992 4366 seeundo
1024 4301 1153 4363 assumsi
1183 4301 1377 4363 semiovalem
1403 4291 1559 4363 1790140
1586 4295 1658 4361 15⁴¹.

312 4394 460 4460 Prodibat
481 4391 573 4472 igitur
596 4391 634 4452 ad
659 4391 839 4452 anomaliam
862 4391 993 4454 mediam
1022 4386 1084 4455 450
1106 4423 1147 4434 -
1171 4396 1365 4473 coaequata.
1435 4382 1495 4451 380
1540 4383 1571 4449 5⁴
1595 4383 1660 4450 33¹‘

379 4503 446 4547 cum
469 4480 583 4544 sicaria
606 4499 672 4562 cap.
696 4479 783 4542 XVI.
809 4481 924 4544 diceret
945 4469 1023 4546 banc
1081 4529 1088 4543 .
1135 4528 1143 4545 .
1191 4526 1198 4542 .
1245 4527 1254 4543 .
1300 4525 1307 4542 .
1355 4524 1362 4539 .
1432 4474 1485 4542 38.
1537 4471 1570 4554 4.
1595 4471 1639 4541 51

1363 4563 1661 4577 m

1182 4585 1360 4651 Differentia
1594 4582 1637 4649 39

313 4680 364 4744 Ad
387 4675 569 4742 anomaliam
591 4671 652 4740 900
675 4706 717 4718 ·-
741 4681 909 4758 coaequata
967 4717 1362 4742 ........
1431 4666 1492 4735 790
1515 4669 1570 4739 31’
1594 4672 1660 4738 31”

378 4765 532 4834 Veritatis
554 4765 645 4830 index
667 4765 781 4830 vicaria
804 4809 1361 4830 ...........
1431 4756 1482 4826 79.
1515 4759 1568 4828 27.
1593 4757 1633 4827 41

1185 4851 1663 4946 ὓίΕοτοπῐίαἯ
