3552 5562
334 293 354 368 4
764 295 794 349 ln
812 295 995 349 Commentaria
1013 297 1044 350 de
1063 305 1131 350 motu
1149 297 1237 352 uerus

333 479 499 556 erroribus,
522 485 555 542 at
577 497 653 540 nnus
683 477 745 540 lere
767 484 832 540 tum
859 475 1003 559 temporis
1027 477 1213 558 agnoscebat
1241 476 1323 540 illins
1352 476 1552 559 hypothesim
1581 475 1686 560 Tycho

332 573 397 653 ipse
427 577 545 632 tantum
575 565 688 642 abluit,
721 574 756 628 ut
783 565 930 628 transiret
956 566 986 628 in
1014 575 1116 630 castra
1146 565 1321 647 Gopemici,
1352 575 1386 629 ut
1412 587 1490 628 nova
1519 567 1687 630 constituta

313 659 493 744 ¹hypothesi
525 673 588 720 rem
619 655 850 736 implicatiorem
882 655 1064 732 reddiderit;
1098 655 1281 719 Maestlinns
1305 663 1335 718 et
1367 655 1420 718 alii
1442 655 1587 738 plerique,
1618 676 1688 718 cum

333 749 440 832 quibus
462 741 516 830 per
538 747 644 808 literas
667 745 730 826 egit
751 744 902 826 Keplerus
925 753 978 808 aut
1000 745 1049 826 qui
1072 744 1184 827 publici
1204 745 1281 825 juris
1304 746 1441 808 lecerunt
1467 763 1560 826 opera
1582 753 1688 807 astro-

332 837 462 912 nomica,
491 834 586 898 variis
608 834 682 896 moti
712 835 812 897 causis
841 834 1025 896 verebantur
1056 835 1145 916 plane
1178 841 1210 896 et
1238 835 1324 916 plene
1359 835 1489 897 transire
1521 835 1551 896 in
1581 841 1689 916 partes

336 925 502 1010 (lopernici.
550 924 653 997 Quare
676 943 735 987 non
757 931 875 986 tantum
897 922 1069 1004 abjicienda
1092 931 1123 986 et
1145 923 1324 1004 corrigenda
1348 931 1443 1000 erant,
1468 942 1544 1006 quae
1567 923 1596 985 in
1622 923 1689 987 Co-

332 1017 454 1098 pemico
477 1014 557 1077 lalsa
580 1013 857 1093 cognoscebantur,
883 1012 936 1074 sed
967 1014 1059 1075 etiem
1088 1012 1256 1075 Ptolemaei
1285 1013 1414 1094 placita,
1450 1011 1625 1094 aequalibus
1650 1032 1691 1074 ex

332 1113 418 1189 parte
442 1102 669 1184 acceptissima,
700 1109 781 1165 certe
812 1101 1068 1178 familiarissima,
1093 1103 1263 1164 evertenda.
1309 1103 1440 1165 Theoria
1469 1101 1633 1184 epicyclica
1658 1109 1693 1163 et

333 1193 502 1258 eccentrica
523 1191 726 1274 impugnanda
749 1199 824 1266 erat,
847 1183 959 1253 bellum
982 1190 1219 1254 denunciandum
1244 1192 1380 1254 omnibus
1403 1193 1466 1254 fere
1490 1193 1520 1254 in
1543 1197 1692 1254 astrono-

331 1283 393 1347 mia
415 1279 548 1346 tritis'et
564 1279 709 1344 stabilitis
729 1280 927 1362 opinionibus.
965 1280 1064 1353 Quam
1079 1298 1211 1361 pugnam
1227 1280 1295 1344 iniit
1309 1281 1459 1362 Keplerus
1476 1280 1691 1361 =impertsrrit0

334 1373 432 1436 animo
456 1370 551 1442 solus,
574 1388 633 1432 non
653 1369 775 1450 adjutus
798 1369 888 1434 immo
911 1369 1073 1452 impeditus
1096 1369 1271 1446 abamicis,
1296 1378 1327 1431 et
1342 1371 1417 1432 vicit
1438 1389 1547 1434 novam
1569 1369 1693 1432 consti-

330 1471 419 1526 tuens
443 1458 674 1532 astronomiam,
696 1477 777 1540 quae
797 1465 831 1521 ut
859 1457 989 1549 diximus
1012 1458 1090 1521 ratio
1114 1468 1146 1521 et
1172 1478 1277 1522 norma
1300 1466 1351 1522 est
1375 1459 1556 1522 astronomis
1579 1467 1693 1540 poste-

334 1551 447 1616 riorum
470 1549 649 1611 seculorum.

425 1638 511 1711 Quae
541 1636 571 1699 in
604 1634 787 1699 contrariam
816 1643 934 1715 partem
965 1635 1133 1698 attulemnt
1168 1636 1371 1699 astronomiae
1400 1635 1510 1717 prioris
1540 1637 1697 1712 asseclae,

338 1725 576 1792 luculentissime
606 1731 753 1807 apparent
776 1743 791 1784 e
815 1723 911 1786 literis
939 1724 1100 1788 Davidis
1123 1725 1285 1788 Fabricii
1317 1725 1356 1788 ad
1378 1723 1542 1806 Keplerum
1564 1727 1697 1806 scriptis

337 1819 407 1880 dum
443 1833 518 1898 opus
556 1833 642 1878 suurn
682 1813 859 1889 excolebat,
900 1833 975 1896 quaa
1016 1813 1171 1877 desumtas
1208 1834 1224 1876 e
1254 1814 1471 1895 Manuscriptis
1513 1816 1696 1896 Petrepoli-

338 1907 419 1969 tanis
450 1905 632 1986 praelationi
663 1911 786 1966 nostrae
817 1903 1033 1984 subjunximus.
1081 1904 1167 1977 Quae
1191 1903 1252 1966 alia
1279 1903 1494 1985 impedimenta
1516 1904 1701 1968 obstiterint
1743 1935 1744 1938 ¹

337 2003 496 2080 sequentes
520 1992 662 2056 exhibent
683 1991 822 2074 paginae.
1512 2065 1515 2074 .

423 2083 581 2165 Plerisque
601 2099 704 2145 eorum
717 2080 842 2162 Kepleri
861 2100 993 2162 operum,
1014 2099 1089 2163 quae
1106 2079 1261 2144 continent
1282 2080 1554 2163 volumina-priora
1567 2087 1701 2145 nostrae

336 2171 488 2248 editionis,
512 2177 719 2252 argumentum
738 2189 827 2252 quam
849 2170 1027 2233 brevissime
1042 2169 1261 2252 praemisimus.
1295 2171 1394 2242 Quam
1410 2171 1481 2232 siin
1498 2163 1704 2252 sequentibus

338 2263 444 2326 ecdem
475 2262 568 2324 ferme
601 2261 719 2322 ratione
750 2279 809 2340 qna
842 2260 873 2322 in
904 2259 1015 2341 Optica
1052 2259 1256 2335 exhibuimus,
1293 2261 1479 2322 excusabunt
1509 2279 1581 2334 nos,
1615 2281 1703 2342 quas

338 2351 478 2426 diximus,
497 2369 608 2414 causae
623 2369 680 2412 non
695 2347 804 2425 minus,
823 2367 911 2430 quam
926 2355 974 2412 re‘s
988 2349 1067 2430 ipsa,
1083 2368 1159 2431 qnae
1179 2349 1285 2429 paucis
1300 2350 1401 2412 verbis
1416 2337 1560 2430 explichri
1577 2352 1701 2430 nequit.

340 2441 439 2512 Quam
459 2438 586 2502 obrem
610 2438 786 2514 statuimus,
811 2438 913 2502 ordine
934 2439 1099 2518 procedere
1124 2437 1350 2518 chronologico,
1376 2437 1519 2500 adhibitis
1542 2437 1589 2512 iis,
1615 2459 1704 2520 quae

342 2529 498 2591 continent
521 2528 635 2608 scripta
657 2547 676 2588 a
697 2528 830 2608 Keplero
852 2527 959 2590 relicta
981 2547 1040 2588 non
1066 2527 1151 2609 typis
1180 2526 1329 2607 impressa
1351 2536 1382 2589 et
1404 2527 1550 2598 Hanschii
1573 2527 1704 2607 episto-

338 2619 436 2680 larum
468 2616 627 2690 collectio,
657 2624 692 2677 ut
714 2625 858 2698 quantum
888 2614 953 2679 fieri
984 2616 1084 2698 potuit
1112 2615 1244 2696 speciem
1267 2623 1299 2678 et
1321 2617 1449 2678 formant
1480 2616 1706 2680 adumbremus

339 2705 516 2781 studiorum,
540 2723 616 2786 qnae
635 2705 785 2786 Keplerus
808 2705 846 2768 ad
861 2706 1073 2786 perficiendum
1090 2705 1149 2768 hoc
1168 2722 1243 2784 opus
1260 2705 1412 2780 insurnsit,
1435 2713 1465 2768 et
1482 2725 1590 2780 rerum,
1616 2727 1707 2788 quae

338 2796 513 2878 prodierunt
536 2814 574 2856 ex
595 2792 645 2860 his
668 2795 787 2857 studiis.

429 2883 594 2964 Keplerum
623 2883 704 2945 edito
733 2905 787 2948 suo
813 2883 981 2966 „Mysterio
1005 2881 1281 2964 cosmographico“
1306 2902 1384 2946 anno
1411 2879 1508 2947 1597·
1524 2883 1708 2949 innotuisse

338 2972 477 3056 Tychom
506 2972 636 3035 diximus
666 2974 738 3036 Vol.
762 2975 786 3036 I.
822 2992 852 3054 p.
877 2967 940 3048 433
973 2975 1141 3048 statuerat,
1172 2979 1207 3035 ut
1238 2990 1303 3034 cum
1334 2973 1476 3054 Tychone
1508 2973 1709 3052 conveniret,

340 3063 563 3142 Wittebergam
600 3060 748 3143 proficisci
790 3061 892 3136 (initio
924 3061 1002 3124 anni.
1028 3057 1144 3137 1599),
1176 3061 1230 3123 sed
1262 3081 1329 3124 cum
1352 3062 1390 3124 ab
1422 3063 1578 3124 Hernarto
1609 3082 1710 3128 com-

339 3151 480 3234 perisset,
496 3151 667 3234 Tychonem
681 3151 818 3232 proximo
838 3159 973 3231 tempore
986 3151 1117 3230 Pragam
1134 3150 1256 3226 iturum,
1280 3159 1396 3213 mutato
1421 3151 1546 3214 consilio
1572 3149 1711 3220 Graetii

338 3241 470 3316 restitit,
494 3241 589 3304 donec
612 3238 657 3315 (9.
682 3242 759 3324 Dec,
780 3238 838 3311 99)
862 3241 900 3303 ah
932 3240 998 3322 ipso
1029 3240 1170 3321 Tychone
1197 3259 1252 3320 per
1279 3239 1384 3302 literas
1412 3239 1555 3302 invitatus
1583 3250 1637 3304 est
1671 3257 1714 3310 ut

340 3331 438 3411 ipsum
447 3332 571 3410 ,Pragae
591 3329 773 3394 conveniret
811 3329 1024 3393 Libentissime
1043 3329 1112 3391 huic
1127 3328 1298 3394 invitationi
1312 3348 1425 3394 morem
1438 3349 1547 3409 gerens
1561 3329 1715 3410 Pragam

340 3419 494 3500 profectus
518 3415 564 3492 (6.
588 3421 657 3483 Jan.
685 3415 795 3494 1600.)
825 3420 952 3501 indeque
978 3419 1161 3500 Tychonem,
1185 3417 1289 3500 quiin
1312 3437 1380 3480 arce
1403 3417 1571 3482 Benathica
1594 3419 1714 3488 dorni-

344 3506 444 3568 cilium
476 3527 561 3569 suum
592 3517 753 3589 posuerat,
788 3499 909 3571 iecutus
936 3515 1004 3581 est,
1036 3507 1085 3570 ubi
1112 3507 1171 3588 ipsi
1194 3507 1297 3588 'lycho
1321 3508 1442 3583 „omnia
1471 3527 1546 3589 quae
1577 3515 1719 3588 optavit

340 3596 419 3658 ultro
443 3595 580 3658 detulit.“
627 3597 835 3676 Deprehendit
857 3597 1029 3679 Tychonem
1052 3598 1175 3678 ejusque
1199 3597 1396 3660 domesticum
1414 3597 1715 3676 longomontanum

342 3684 373 3746 in
397 3684 607 3746 observatione
637 3685 836 3766 oppositionis
859 3685 970 3748 Martis
993 3704 1059 3748 cum
1083 3685 1172 3760 Sole,
1197 3693 1228 3749 et
1250 3687 1438 3749 restituenda
1465 3685 1581 3749 theoria
1606 3688 1717 3772 hujus

342 3773 484 3854 planetae
508 3779 606 3846 (comp.
626 3781 686 3846 cap.
700 3779 771 3844 vu.)
795 3775 1009 3856 adjunxitque,
1038 3795 1216 3857 quamquam
1243 3775 1354 3857 hospes
1378 3775 1547 3857 Tychonis,
1571 3794 1717 3856 operam

344 3881 429 3925 suam
452 3863 484 3924 in
507 3862 700 3926 enucleandis
723 3864 879 3945 implicitis
899 3864 1009 3934 Martis
1032 3863 1162 3927 motibus
1186 3867 1300 3938 („anne
1325 3859 1417 3928 1600.
1442 3866 1649 3932 aFebruario
1681 3876 1720 3938 in

343 3952 478 4031 Majnm;
507 3951 623 4033 profeci
646 3961 746 4015 antem
768 3961 900 4028 tantum,
923 3961 958 4015 ut
980 3953 1110 4016 eccentri
1140 3953 1386 4036 inaequalitatem
1414 3953 1608 4030 mediocriter
1636 3965 1720 4026 sal-

342 4041 492 4115 varem“).
548 4039 638 4104 Jonio
670 4041 827 4106 Graetiom
857 4042 966 4118 rediit,
997 4043 1084 4105 initio
1121 4041 1309 4123 Septembris
1338 4043 1478 4124 pactione
1512 4044 1596 4106 lacta
1633 4069 1722 4118 eum

346 4115 488 4214 Tychone
511 4131 551 4192 ad
573 4130 672 4212 ipsum
686 4133 820 4212 Pragam
842 4150 982 4194 reversus
1005 4139 1055 4194 est
1076 4128 1130 4194 30.
1145 4129 1230 4214 Sept.
1251 4128 1344 4197 1600.
1383 4133 1479 4196 Panlo
1502 4140 1606 4196 auteur
1629 4155 1726 4219 post

344 4239 434 4303 quam
459 4237 677 4283 menusanum
700 4222 778 4301 apud
794 4221 975 4304 Tychonem-
992 4229 1167 4301 susceperat
1189 4222 1370 4303 aegrotavit,
1393 4229 1425 4285 et
1438 4223 1514 4286 febri
1537 4239 1724 4308 correptus

340 4317 488 4393 quartana
513 4316 545 4371 et
566 4310 645 4372 tussi
667 4309 838 4390 periculosa
858 4328 965 4392 parum
986 4310 1115 4393 proiecit
1137 4309 1169 4374 in
1191 4311 1229 4374 iis
1251 4331 1327 4393 quae
1353 4311 1412 4392 ipsi
1437 4311 1541 4395 Tyoho
1565 4321 1723 4385 manda.

342 4408 443 4476 verat,
473 4399 568 4461 donec
594 4399 679 4461 coelo
703 4399 869 4462 salubriore
893 4399 1011 4463 Grastii
1033 4402 1171 4482 quaesito
1195 4400 1310 4482 (Aprili
1334 4433 1375 4444 -
1399 4401 1502 4483 Sept.)
1523 4401 1725 4482 Septembri

344 4487 462 4551 demum
494 4487 563 4550 anni
602 4482 694 4551 1601.
729 4487 891 4552 convaluit
946 4489 1038 4552 Brevi
1069 4499 1140 4570 post
1171 4487 1238 4563 (21.
1272 4490 1357 4566 Oct)
1393 4491 1535 4574 lychone
1566 4507 1725 4581 mortuo,

345 4578 461 4640 tradita
481 4577 541 4658 ipsi
565 4577 809 4641 observationum
833 4578 985 4662 ‘tychonis
1009 4579 1202 4656 collectione,
1229 4582 1403 4644 mandatum
1426 4588 1474 4644 est
1495 4579 1651 4662 Keplero,
1684 4604 1730 4658 ut,

343 4667 501 4730 conficeret
524 4686 572 4742 ea,
596 4682 671 4749 quae
691 4667 794 4750 Tycho
818 4666 995 4748 imperfecta
1017 4669 1190 4751 reliquerat,
1209 4670 1343 4734 Tabulas
1366 4678 1397 4734 et
1419 4691 1495 4753 quae
1518 4670 1581 4733 alia
1606 4673 1729 4758 digna

343 4753 515 4818 viderentur
534 4764 579 4836 vut
609 4757 721 4838 publici
748 4757 826 4838 juris
858 4759 973 4821 fierent.
1020 4759 1106 4830 Quae
1137 4760 1205 4822 dum
1237 4762 1365 4841 suscipit
1394 4760 1508 4833 (editus
1538 4767 1589 4822 est
1621 4785 1729 4838 anno

348 4837 442 4915 1602.
466 4843 617 4929 Tychonis
640 4841 941 4930 Progymnasmatum
965 4857 1064 4912 tomus
1087 4849 1112 4925 I,
1138 4847 1253 4929 „pridie
1278 4849 1344 4916 Gal.
1368 4847 1537 4930 Augusti“)
1560 4859 1731 4926 astrolo-
