3604 5534
618 255 821 311 Ρ5555555515.
858 257 939 327 05555
955 259 1021 314 m.
1053 209 1055 213 Ι

141 435 282 527 mou»
303 445 410 504 mm
431 435 497 503 55
541 437 729 522 ananan
754 439 854 524 prae
875 438 936 502 55
962 431 1089 505 roarao
1111 437 1160 504 aer
1184 417 1313 504 roreso

825 537 855 593 55
876 528 934 592 ΑΕ
961 526 1091 594 139000
1112 529 1160 592 551
1185 526 1314 596 137080

648 633 731 696 Tota
753 635 854 716 151555·
875 633 932 699 DE
957 634 1089 700 302150
1111 636 1159 700 551
1181 633 1313 700 304430

645 723 803 786 Dimidia
873 724 934 788 DK
960 721 1087 789 151075
1110 725 1158 788 aet
1184 722 1312 789 152215
1433 787 1437 798 ,

526 809 615 894 11555
638 809 699 874 ΑΚ
724 814 935 881 eooentricitas
984 813 1089 878 12075
1112 813 1160 878 551
1207 809 1323 877 15135.

141 899 428 986 massmannum
446 897 481 961 ti
500 900 674 963 55555515
689 899 856 984 pristimo,
880 905 936 969 551
952 903 1069 968 rudius
1086 904 1249 968 5555515151
1263 898 1487 988 5515100000.

142 993 309 1074 05151555
335 984 465 1053 151075
489 988 535 1051 od
559 985 689 1052 100000
711 991 758 1053 515
784 987 890 1056 12075
914 993 960 1055 od
981 990 1079 1069 8000,

136 1079 184 1146 set
205 1073 399 1152 55152215
423 1077 469 1141 od
494 1073 623 1142 100000
645 1079 692 1141 sic
718 1075 823 1144 15135
847 1082 893 1146 od
915 1077 1011 1146 9943.
1029 1075 1072 1156 ⁶⁸)

224 1167 448 1232 Eccentrioitas
479 1167 572 1247 igitur
603 1167 763 1231 eccentrioi
795 1171 952 1234 verissime
984 1171 1146 1247 (15(1151555
1170 1167 1378 1231 latitudinibus
1402 1186 1491 1230 aoro-

135 1257 273 1342 nychiis)
305 1264 445 1319 versatur
474 1255 552 1318 inter
582 1252 669 1320 8000
692 1263 723 1320 55
746 1252 851 1334 9943,
877 1260 1008 1342 qualium
1031 1261 1134 1324 radius
1157 1259 1239 1321 orbis
1262 1256 1422 1320 eooentriei
1445 1264 1493 1320 est
1612 1296 1616 1304 ·

137 1345 281 1414 100000.
328 1347 373 1409 At
394 1344 572 1430 hypothesis
595 1353 701 1408 555555
724 1365 762 1408 ex
785 1348 1046 1414 observationibus
1069 1347 1258 1432 acronyohiis
1274 1345 1493 1427 longitudinum

135 1444 296 1500 exstructa
316 1435 465 1518 prodebat
488 1434 745 1498 eooentricitatem
768 1439 927 1502 eooentrici
954 1437 1070 1516 11332,
1096 1439 1247 1502 diversam
1270 1436 1359 1516 longe
1383 1436 1420 1497 ab
1444 1453 1490 1511 eo,

133 1526 214 1610 quod
242 1531 291 1588 est
313 1525 391 1586 inter
413 1520 501 1588 8000
525 1530 557 1585 55
579 1519 665 1588 9943
690 1525 757 1588 1555
780 1525 843 1590 fere
866 1528 973 1592 medio.
1027 1530 1109 1610 Ergo
1139 1527 1250 1589 falsum
1280 1531 1400 1606 oportet
1422 1543 1490 1587 esse

133 1614 252 1698 aliquid
271 1633 382 1690 eorum,
407 1612 746 1696 quodassumseramus.
778 1617 1069 1683 Assumtumautem
1092 1625 1168 1689 erat,
1187 1613 1325 1690 orbitarn,
1349 1634 1408 1696 qua
1421 1614 1490 1694 pla-

131 1713 204 1769 neta
231 1701 388 1778 transiret,
413 1721 481 1764 esse
503 1703 669 1784 perlectum
693 1703 851 1768 circulum:
877 1725 945 1770 esse
969 1707 998 1771 in
1022 1707 1102 1770 linea
1118 1705 1258 1786 apsidum
1270 1710 1413 1786 punctum
1431 1703 1490 1766 ali-

133 1794 213 1878 quod
238 1793 370 1867 unicum,
394 1791 425 1854 in
449 1799 531 1854 certo
555 1799 587 1854 et
609 1787 767 1855 constante
791 1791 951 1860 intervallo
966 1818 985 1858 a
1001 1805 1104 1860 oentro
1124 1795 1294 1870 eooentrici,
1317 1794 1398 1856 circa
1412 1791 1491 1874 quod

132 1890 279 1967 punctum
309 1881 486 1965 aequalibus
513 1881 699 1962 temporibus
726 1883 813 1946 Mars
845 1887 987 1970 aequales
1016 1887 1144 1968 angulos
1175 1883 1321 1948 conficiat.
1374 1884 1491 1946 Horum

134 1973 225 2054 igitur
250 1973 431 2035 alterutrum
455 1977 508 2032 aut
531 1970 609 2034 sorte
632 1977 789 2054 utrumque
812 1974 923 2037 falsum
946 1983 1003 2040 555.
1041 1977 1128 2040 ,Nam
1151 1973 1378 2038 observationes
1400 1992 1491 2035 usur-

133 2071 222 2146 patae
248 2055 349 2125 falsae
371 2075 432 2123 non
456 2066 535 2122 5555.

221 2151 323 2216 Valet
344 2157 446 2213 autem
469 2149 575 2212 eadem
598 2147 816 2216 demonstratio
840 2151 932 2214 etiam
956 2161 1061 2216 contra
1082 2151 1265 2235 hypothesin
1282 2149 1377 2223 illam,
1403 2169 1491 2231 quam

133 2241 326 2305 constituunt
354 2238 582 2303 observationes
609 2237 649 2304 ad
679 2239 850 2319 oppositum
879 2241 971 2304 medii
998 2249 1098 2306 motus
1122 2241 1204 2305 Solis
1226 2237 1386 2304 reductae:
1421 2239 1492 2319 5515

134 2329 313 2394 latitudines
345 2335 481 2409 tempore
513 2325 593 2389 iuter
623 2332 780 2410 utrumque
812 2329 972 2392 articulum
1001 2331 1176 2394 intermedio
1205 2335 1329 2392 manent
1354 2329 1489 2408 proxime

136 2420 273 2486 eaedem.
329 2417 431 2490 Quare
463 2416 502 2479 iis
534 2414 744 2478 eooentricitas
780 2418 940 2482 eooentrici
964 2421 1132 2483 ostenditur
1156 2415 1258 2493 9943,
1291 2436 1366 2500 5555
1389 2423 1490 2478 tamen

136 2529 225 2591 supra
261 2509 343 2588 (cap.
368 2507 425 2580 V.)
456 2525 493 2572 ex
522 2503 714 2569 restitutione
744 2507 906 2570 Braheana
941 2517 1078 2572 assumta
1115 2509 1172 2572 fuit
1211 2503 1335 2581 12600,
1374 2506 1423 2568 vel
1458 2505 1490 2567 in
1620 2541 1623 2552 ι

134 2604 286 2682 aequante
308 2596 497 2660 Ptolemaico
532 2578 654 2671 12352,
693 2595 826 2677 qualium
853 2604 919 2660 tota
948 2599 1115 2681 aequatorii
1144 2595 1248 2680 puncti
1278 2595 1488 2659 eooentricitas

134 2683 244 2753 20160
269 2685 320 2748 vel
345 2680 460 2749 19763.

219 2777 286 2841 Pro
317 2773 481 2838 schematis
510 2769 608 2834 nostri
639 2773 905 2837 transformatione
934 2775 973 2837 ad
1000 2777 1127 2838 formam
1151 2773 1424 2837 Ptolemaicam
1448 2772 1490 2834 515

132 2865 186 2928 DE
215 2865 303 2929 linea
332 2863 487 2944 apsidum,
516 2862 547 2925 A
569 2862 678 2935 Terra,
700 2859 745 2936 D,
770 2861 797 2922 n*
830 2871 965 2927 centrum
998 2865 1124 2948 epioycli
1155 2863 1187 2925 in
1219 2883 1335 2926 summa
1365 2869 1397 2924 et
1427 2861 1489 2923 ima

133 2955 260 3036 apside:
295 2961 327 3015 et
360 2970 398 3014 ex
427 2951 456 3014 D
487 2947 626 3033 atqueE
658 2948 779 3030 punctis
811 2952 977 3016 educantur
1009 2974 1116 3017 versus
1145 2952 1176 3015 A
1205 2953 1359 3015 Tellurem
1387 2958 1488 3013 rectae

133 3043 273 3125 paralleli
289 3033 294 3043 ’
309 3043 349 3104 ad
379 3039 434 3104 Bo
465 3039 589 3123 planum
625 3038 804 3120 eclipticae:
836 3039 866 3102 in
896 3042 1003 3123 quibus
1034 3048 1189 3106 sumantur
1217 3039 1291 3118 DF,
1321 3041 1381 3104 EG
1410 3039 1488 3102 radii

134 3133 262 3216 epioyoli
284 3129 429 3214 aequales
442 3128 528 3211 'ipsis
550 3129 619 3205 BA,
642 3127 720 3192 Ac:
749 3134 780 3189 et
806 3130 931 3210 planeta
953 3131 984 3193 in
1006 3131 1033 3195 F
1056 3139 1087 3194 55
1111 3129 1150 3193 G.
1196 3128 1266 3192 Erit
1287 3130 1379 3212 igitur
1402 3126 1488 3190 ΕΒΑ

133 3221 290 3286 inclinatio
314 3219 449 3302 aequalis
471 3214 661 3281 inclinationi
683 3217 780 3292 BAD‚
805 3226 837 3280 55
859 3219 940 3296 11555
962 3220 1090 3283 visionis
1113 3219 1170 3282 AF
1192 3236 1260 3280 cum
1280 3217 1411 3300 pristina
1430 3217 1486 3278 BD

132 3312 311 3393 parallelos.
359 3307 461 3380 Quare
492 3316 524 3370 55
546 3307 632 3372 DAF
655 3313 687 3368 55
708 3306 796 3369 HBD
827 3307 896 3370 visa
924 3309 1052 3374 latitudo
1084 3309 1199 3372 eadem.
1245 3307 1328 3371 Idem
1356 3306 1394 3368 de
1424 3306 1485 3368 tri-

103 3401 252 3487 ·'rgulis
276 3396 364 3465 AOE
387 3405 419 3460 et
440 3395 532 3461 ΕΘΛ
555 3394 695 3478 congruis
719 3396 887 3460 dicendum.
934 3399 1040 3482 Itaque
1063 3397 1282 3461 demonstratio
1306 3404 1338 3459 et
1360 3393 1483 3479 quanti-

134 3498 213 3554 tates
235 3489 387 3553 liuearum
410 3485 709 3568 correspondentiam
732 3485 867 3550 eaedem.
1012 3509 1041 3526 ··

219 3577 370 3643 Occurrat
392 3575 499 3639 lectori
522 3573 680 3648 dubitatio,
704 3594 796 3657 quare
822 3575 1074 3658 551555111155511
1098 3573 1352 3640 semidiametrum
1374 3567 1487 3638 faciani

134 3668 325 3753 inaequalem
349 3665 498 3747 sibiipsi,
522 3684 628 3746 nempe
643 3664 700 3726 DF
722 3664 852 3745 longiori
874 3666 941 3742 ΒΑ,
965 3673 997 3727 55
1010 3664 1070 3728 EG
1091 3665 1223 3728 breviori
1238 3664 1296 3729 CA
1318 3665 1482 3748 aequalem.
1606 3729 1610 3734 ,

134 3758 318 3840 Respondeo
342 3775 380 3818 ex
401 3763 488 3838 parte
511 3755 618 3835 prima,
641 3752 706 3816 fieri
727 3753 784 3816 hoc
805 3761 930 3837 propter
952 3754 1219 3836 transpositionem
1242 3755 1485 3818 observationum

134 3845 170 3910 ab
202 3845 396 3930 oppositione
427 3863 494 3908 cum
523 3843 622 3906 medio
655 3842 738 3906 Solis
772 3843 811 3905 ad
843 3844 1063 3925 oppositionem
1093 3864 1159 3907 cum
1193 3851 1356 3924 apparente
1389 3843 1482 3907 Solis.

135 3935 251 4012 Quodsi
293 3947 468 3998 maneamus
506 3933 585 4014 apud
627 3932 756 3995 medium
794 3943 907 3996 motum
939 3933 1022 3997 Solis
1064 3934 1194 4015 (pugnat
1228 3933 1307 3994 enim
1338 3952 1483 4014 praesens

136 4025 359 4108 argumentatio
382 4023 593 4098 etiamtunc),
615 4022 779 4085 manebunt
800 4022 856 4086 DF
879 4031 910 4087 et
931 4021 991 4086 EG
1014 4024 1157 4106 aequales
1179 4022 1331 4106 hucusque
1363 4023 1480 4085 saltem.

139 4115 198 4179 Sed
219 4117 293 4178 vide
317 4114 353 4175 de
375 4113 434 4176 hoc
456 4121 574 4194 partem
596 4113 723 4193 primam
746 4130 811 4192 cap.
835 4111 891 4176 VI.

217 4207 282 4270 Pro
311 4205 408 4266 forma
436 4201 671 4278 Brabeana‚
703 4199 809 4264 relicto
841 4201 989 4265 alterutro
1015 4201 1183 4282 triangulo,
1215 4205 1288 4281 puta
1309 4199 1410 4277 DBA,
1448 4209 1484 4264 ut

137 4291 175 4356 515
194 4296 222 4360 Β
246 4295 345 4358 Terra
367 4291 539 4366 immobilis,
562 4291 593 4355 A
615 4289 670 4354 Sol
692 4310 770 4353 anno
796 4287 896 4366 1585,
920 4289 1108 4354 continuetur
1129 4291 1202 4366 AB,
1225 4296 1259 4351 ut
1280 4289 1338 4353 BH
1360 4290 1482 4372 5151551

136 4381 190 4447 AG
213 4382 370 4474 aequalis:
396 4381 495 4463 sitque
518 4377 548 4444 H
570 4380 626 4470 Sol
649 4399 727 4442 anno
753 4375 836 4444 1593
859 4380 890 4442 15
917 4378 975 4444 12⁰
995 4389 1043 4468 lp:
1068 4387 1100 4443 55
1120 4379 1180 4460 1551
1197 4379 1255 4442 ΑΕ
1276 4379 1330 4442 1155
1344 4380 1480 4461 55555115
1556 4425 1564 4434 .

137 4479 166 4533 55
194 4472 362 4554 parallelos
384 4471 431 4533 HI
461 4470 492 4532 in
523 4477 627 4552 partes
651 4470 790 4542 easdem,
811 4475 844 4532 ut
867 4470 908 4533 sit
929 4471 1015 4533 Mars
1037 4471 1195 4551 perigaeus
1217 4468 1249 4529 15
1272 4468 1304 4544 Ι,
1327 4487 1479 4551 apogaeus

136 4557 230 4638 inD3
258 4559 401 4642 ecliptica
422 4559 527 4636 HBA3
558 4559 713 4623 inclinatio
735 4559 818 4634 BHI,
841 4559 943 4622 BAD:
971 4558 1101 4622 latitudo
1123 4557 1267 4640 perigaea
1289 4558 1379 4634 IRA,
1404 4579 1480 4640 apo·

138 4667 211 4728 gaes
238 4651 337 4716 DBH.
391 4649 523 4713 Rursum
552 4647 644 4730 igitur
673 4667 789 4712 summa
809 4648 870 4711 DA
898 4656 930 4710 et
950 4650 996 4714 111
1017 4647 1151 4730 prodibit
1171 4647 1290 4724 eadem,
1314 4647 1398 4729 cujus
1419 4651 1479 4712 ΒΚ

139 4738 293 4804 dimidium
324 4745 356 4801 et
375 4738 437 4801 ΚΑ
460 4738 678 4803 eooentricitas.
736 4736 811 4804 Sola
837 4737 1007 4802 differentia
1034 4737 1130 4813 haec,
1165 4737 1245 4820 quod
1267 4738 1477 4810 Ptolemaeo

212 4843 393 4904 5555555555.
406 4845 443 4886 ru.
1236 4840 1268 4894 17
