3604 5534
324 248 387 320 m
801 217 1259 304 mmmm'

322 440 355 498 st
384 432 475 498 aliter
497 431 616 514 quidem
640 429 848 512 explicandum
872 449 910 494 ex
932 429 1100 494 Pnrbachio
1126 428 1288 494 secundum
1311 425 1490 492 Aristotelis
1513 425 1668 510 principia,

322 523 412 590 aliter
437 522 528 586 etiam
552 541 590 584 ex
612 521 763 604 Tychone.
1425 591 1430 597 ι

411 612 606 676 Ptolemaeus
632 609 728 672 nudos
756 607 841 670 nobis
870 608 962 672 hosce
993 607 1120 672 circulos
1149 607 1323 690 descripsit,
1367 607 1472 688 quales
1502 606 1672 694 geometria

217 689 219 692 ⁵
324 700 497 764 observatis
527 700 680 782 applicata
711 697 834 761 indicat.
885 697 1072 761 Pnrbacbins
1105 697 1223 760 modum
1247 696 1418 772 constituit,
1443 717 1500 778 quo
1524 696 1670 760 decurre-

323 797 435 866 rentnr,
459 797 581 854 secutus
603 787 813 862 Aristotelem,
837 787 886 868 qui
910 787 966 848 hoo
989 787 1068 850 idem
1092 787 1121 848 in
1145 786 1263 852 Eudoxi
1287 785 1453 866 ethlippi
1467 785 1671 868 geometricas

283 901 288 914 ·
321 879 560 962 suppositiones,
596 877 702 960 quibus
735 876 948 940 astronomiam
980 877 1186 949 tradiderant,
1220 875 1395 938 attentavit.
1418 871 1460 950 ²²)
1492 875 1568 941 Cum
1591 876 1672 939 euim

322 979 461 1032 auctores
494 967 539 1031 illi
576 967 663 1030 orbes
692 963 734 1030 25
768 965 946 1028 adhiberent
975 967 1014 1028 ad
1043 966 1307 1029 demonstrandam
1341 984 1458 1028 omnem
1481 967 1673 1046 planetarum

320 1057 578 1141 inaequalitatem,
603 1048 856 1130 Aristoteles,
881 1053 986 1117 solidis
1010 1055 1132 1118 orbibus
1146 1055 1261 1118 coelum
1276 1055 1417 1118 refertum
1432 1054 1568 1129 credens,
1592 1054 1672 1118 alios

321 1143 364 1211 24
395 1147 585 1210 revolventes
614 1144 731 1208 consuit
753 1143 1005 1224 interponendos;
1035 1153 1070 1208 nt
1092 1144 1209 1207 scilicet
1231 1144 1353 1207 inferior
1376 1142 1500 1224 quisque
1524 1143 1607 1205 orbis
1631 1163 1669 1205 eo

322 1245 429 1320 raptu,
455 1253 541 1318 quem
564 1242 688 1316 propter
710 1233 938 1314 contiguitatem
962 1234 1182 1314 superficierum
1207 1241 1273 1295 erat
1296 1254 1314 1294 a
1337 1233 1490 1314 superiore
1512 1249 1671 1312 pessuma,

321 1325 511 1389 liberaretur.
556 1323 670 1404 Igitur,
702 1343 767 1386 cum
792 1323 822 1384 in
847 1323 1016 1385 universum
1040 1323 1128 1386 orbes
1152 1317 1195 1386 49
1218 1321 1298 1397 (sive
1321 1323 1483 1384 secundum
1507 1319 1672 1405 Calippnm

320 1411 363 1478 53
388 1421 441 1476 aut
464 1412 523 1490 55)
546 1412 775 1488 accumulasset,
801 1411 926 1492 singulis
950 1412 1085 1494 singulos
1109 1421 1241 1474 motores
1265 1411 1382 1474 addidit
1390 1430 1400 1486 ς
1431 1407 1554 1492 qnorn'm
1579 1411 1670 1491 quili-

320 1503 374 1566 bet
409 1501 475 1565 orbi
506 1520 560 1564 auo
599 1509 631 1565 et
654 1503 791 1565 omnibns
813 1501 1019 1572 inferioribus,
1053 1521 1127 1582 quos
1151 1502 1202 1564 iile
1225 1509 1309 1564 esset
1330 1501 1518 1582 complexae,
1556 1507 1673 1564 motum

322 1591 598 1674 aequabilinsimnm
621 1591 746 1654 inorbo
770 1592 922 1673 superiore
946 1592 1049 1654 orbem
1072 1611 1158 1654 suum
1180 1591 1314 1673 proxime
1330 1590 1500 1662 ambeunte,
1525 1597 1673 1670 tanquam

320 1682 351 1744 in
376 1681 441 1743 loco
466 1681 603 1760 quodam,
627 1689 808 1762 praestaret,
828 1688 860 1742 et
883 1699 902 1742 a
924 1699 981 1760 qno
1001 1689 1033 1742 et
1047 1681 1167 1763 plagae,
1191 1681 1221 1742 in
1244 1699 1333 1761 qnam
1355 1691 1455 1742 motor
1479 1678 1551 1742 ferri
1575 1678 1673 1742 debe-

320 1771 383 1846 bat,
407 1777 441 1832 et
463 1769 647 1846 celeritatis,
677 1789 736 1852 qna
758 1778 841 1832 esset
865 1769 946 1832 orbis
970 1771 1009 1833 ad
1032 1789 1118 1832 snum
1140 1769 1315 1852 principium
1337 1767 1558 1845 restituendus,
1596 1787 1674 1832 con-

209 1869 212 1876 '
322 1867 408 1922 stans
430 1859 508 1922 ratio
531 1860 718 1940 procederet.
763 1862 811 1925 Ao
834 1877 900 1922 oum
924 1859 1089 1940 placuisset
1111 1859 1154 1922 illi
1173 1859 1360 1940 philosopho,
1385 1865 1497 1923 motum
1513 1865 1673 1921 aeternnm

321 1968 403 2022 ease,
436 1957 567 2012 motores
591 1945 707 2032 quoqne
732 1959 873 2012 aeternos
897 1949 1024 2012 statuit:
1059 1947 1108 2030 qui
1132 1967 1199 2011 oum
1222 1949 1337 2011 infinito
1361 1957 1495 2028 tempore
1517 1955 1673 2022 moveant,

321 2037 478 2100 infinitatis
509 2057 580 2100 vero
604 2039 716 2102 nullum
741 2039 932 2102 materiatum
955 2056 1053 2117 capax
1076 2055 1145 2102 esse
1168 2038 1276 2112 sciret,
1304 2037 1523 2101 immateriatos
1554 2053 1673 2118 qnoque

197 2173 201 2184 .
321 2136 354 2188 et
382 2126 531 2209 principia
563 2136 724 2209 separata,
758 2147 850 2210 quare
878 2127 1042 2190 immobilia
1069 2146 1137 2190 esse
1165 2128 1269 2192 voluit.
1324 2125 1370 2190 Ac
1402 2145 1469 2190 cnm
1501 2145 1540 2188 ex
1572 2133 1674 2190 motos

321 2215 501 2280 aeternitate
524 2216 666 2280 mnndum
688 2217 889 2280 exstruxisset
912 2225 1076 2293 aeternnm,
1102 2225 1240 2298 essetque
1264 2217 1341 2279 baec
1364 2215 1483 2278 duratio
1507 2214 1672 2290 essentiae,

323 2305 416 2369 totins
439 2306 540 2368 mundi
558 2306 679 2368 bonitas
703 2316 735 2368 et
756 2306 910 2387 perfectio,
936 2306 1077 2388 opposita
1099 2305 1241 2383 interitui,
1264 2305 1315 2386 qui
1338 2306 1436 2367 malus
1459 2311 1562 2378 esset;
1586 2303 1675 2384 prin-

323 2394 410 2475 cipiis
439 2393 498 2456 illis
522 2395 735 2475 perlectionem
765 2415 912 2458 summam
940 2395 1060 2472 tribuit,
1094 2395 1217 2477 ejusque
1247 2394 1484 2458 intellectionem
1506 2401 1539 2455 et
1561 2412 1599 2456 ex
1622 2393 1674 2454 in-

322 2483 450 2547 tellectu
474 2483 550 2544 bono
574 2484 761 2547 voluntatem
785 2485 814 2548 id
838 2484 1051 2566 prosequendi,
1081 2505 1118 2548 ue
1146 2486 1255 2548 bonnm
1278 2503 1335 2546 non
1359 2484 1435 2546 bene
1460 2483 1589 2556 faceret;
1613 2502 1675 2563 qno

322 2578 416 2654 pacto
439 2577 555 2634 mentes
579 2581 747 2654 separatas,
770 2575 897 2656 denique
915 2575 987 2636 deos
1003 2575 1089 2636 nobis
1112 2573 1287 2650 introduxit,
1312 2572 1585 2644 motus-coelomm
1598 2591 1675 2652 per-

322 2660 409 2724 ennis
441 2659 644 2728 administros.
690 2663 883 2726 Addiderunt
910 2671 942 2726 et
965 2663 1098 2726 animam
1120 2655 1289 2738 motricem',
1319 2661 1440 2725 orbibus
1460 2661 1576 2724 arctim
1600 2660 1675 2724 alli-

322 2757 428 2832 gatam
451 2769 561 2832 eosque
585 2750 810 2828 informantem,
834 2761 869 2816 nt
892 2773 976 2815 meus
999 2760 1117 2816 tantum
1141 2752 1294 2816 adstaret:
1317 2753 1367 2814 vel
1391 2751 1469 2832 qnod
1491 2767 1617 2813 movens
1643 2760 1677 2813 et

322 2839 434 2904 mobile
463 2839 621 2903 convenire
649 2841 679 2903 in
711 2841 809 2923 aliquo
837 2861 961 2906 necesse
991 2842 1156 2914 videretur,
1186 2842 1247 2903 rel
1279 2841 1357 2922 quod
1386 2839 1525 2921 potentia
1552 2838 1674 2902 ratione

324 2927 416 3010 spatii
444 2927 614 3009 trajiciendi
637 2950 696 2993 uon
719 2930 835 2994 infinita
858 2940 956 3007 esset,
980 2933 1024 2994 uti
1047 2951 1142 3014 neque
1165 2938 1264 2994 motos
1288 2931 1365 2992 ullos
1388 2929 1520 2991 infinitus
1535 2937 1594 2997 est,
1617 2931 1674 2992 sed

323 3017 456 3082 dimenso
489 3025 623 3100 tempore
654 3039 708 3102 per
731 3020 897 3084 dimensum
920 3019 1061 3103 spatium.
1107 3021 1194 3084 Hanc
1218 3021 1319 3100 itaque
1341 3017 1511 3100 potentiam
1533 3019 1675 3082 morendi

323 3106 596 3188 transscripserunt
618 3109 746 3186 animae,
770 3129 864 3191 eoque
886 3111 1005 3190 nomine
1028 3109 1178 3190 tantisper
1196 3111 1387 3173 materiatam
1405 3127 1474 3170 esse
1488 3105 1573 3187 passi
1591 3116 1675 3184 sunt,

322 3207 356 3260 ut
377 3196 408 3259 in
433 3197 582 3260 coelorum
606 3199 728 3261 orbrbus
750 3199 931 3263 inhaereret.
1228 3263 1233 3272 ,

413 3287 513 3369 Atque
541 3287 617 3350 baec
639 3287 748 3350 mentis
773 3297 805 3350 et
827 3289 944 3352 animae
967 3288 1118 3374 copulatio
1142 3306 1215 3352 sane
1237 3305 1381 3368 perquam
1406 3289 1609 3348 consentanea
1626 3293 1678 3368 est

322 3373 553 3458 particularibus
577 3383 814 3442 astronomorum
838 3378 1162 3441 animadversionibus:
1196 3377 1331 3458 quamvis
1355 3373 1599 3458 philosophorum
1620 3393 1677 3438 ar-

323 3463 507 3545 gumentatio
541 3465 640 3546 potius
672 3466 882 3549 metaphysica
914 3469 964 3530 sit.
1015 3467 1095 3540 Nam
1124 3476 1157 3529 ut
1183 3467 1213 3529 in
1242 3466 1359 3531 homine
1383 3465 1444 3528 alia
1466 3471 1515 3524 est
1537 3463 1675 3526 facultas

322 3571 460 3630 morans,
485 3551 546 3616 alia
567 3563 706 3624 movente
731 3556 876 3618 facultate
899 3568 998 3631 utens,
1021 3556 1170 3632 voluntas,
1194 3555 1357 3617 secundnm
1380 3552 1490 3616 indicia
1518 3571 1676 3629 sensuum,

324 3641 374 3726 qui
410 3648 442 3705 et
471 3641 677 3707 instrumentis
707 3665 727 3706 a
759 3644 904 3708 facultate
934 3653 1072 3708 movente
1103 3644 1242 3708 differunt
1265 3651 1296 3706 et
1319 3644 1451 3708 fabricae
1473 3642 1677 3724 praestantia,

322 3749 398 3814 quae
430 3730 459 3793 in
493 3751 632 3796 sensuum
661 3733 783 3814 organis
807 3741 855 3798 est
878 3734 1082 3797 admirabilior
1104 3755 1194 3818 quam
1223 3735 1253 3796 in
1278 3733 1434 3797 facultatis
1457 3730 1591 3794 metricis
1616 3749 1678 3794 re-

323 3819 445 3884 hicnlis:
470 3819 532 3898 ita,
548 3821 574 3884 si
596 3823 652 3885 hos
676 3823 758 3904 ipsos
781 3824 870 3887 orbes
892 3823 1106 3888 Aristotelicos
1118 3825 1163 3886 ad
1179 3823 1442 3903 contemplandum
1459 3837 1678 3902 proponamus,

324 3911 382 3973 duo
405 3909 492 3972 nobis
516 3921 690 3976 occurrent:
721 3913 778 3975 vis
808 3913 948 3977 motrix
970 3913 1034 3976 orbi
1058 3913 1184 3976 rotundo
1209 3913 1375 3988 sufficiens,
1398 3929 1437 3973 ex
1459 3909 1544 3990 cujus
1568 3909 1678 3990 vigore

323 3999 528 4062 etconstanti
552 4000 725 4065 fortitudine
753 4009 870 4082 tempus
902 4003 1114 4066 revolutorium
1145 4002 1253 4078 oritur,
1288 4009 1320 4064 et
1348 4001 1488 4082 plaga,
1522 3997 1552 4060 in
1583 4017 1679 4080 qnam

323 4088 470 4152 eundum:
495 4109 617 4173 quarum
638 4091 692 4153 illa
704 4090 825 4154 animali
841 4092 979 4154 facultati
993 4091 1104 4154 rectius
1119 4091 1354 4166 nansscribitnr,
1369 4091 1444 4152 haec
1458 4106 1529 4150 vero
1544 4095 1678 4152 naturae

286 4189 288 4200 '
322 4177 503 4260 intelligenti
541 4186 595 4242 ant
629 4179 762 4244 memori.
818 4181 899 4245 Nam
928 4181 988 4244 etsi
1021 4181 1140 4262 quidem
1171 4200 1225 4263 per
1248 4181 1324 4243 hanc
1348 4178 1534 4242 soliditatem
1556 4176 1680 4242 orbium

322 4267 457 4331 omnibus
481 4267 599 4332 omnino
622 4269 753 4331 motibus
775 4288 828 4333 seu
852 4270 1039 4353 appetentiis
1062 4270 1243 4334 coelestibus
1266 4269 1310 4332 ita
1332 4274 1524 4352 prospectmu
1546 4274 1614 4341 est,
1639 4276 1680 4330 nt

322 4357 528 4439 providentiae
559 4357 731 4438 praesidum
755 4359 947 4423 motoriornm
970 4359 1155 4442 relinquatur
1183 4359 1272 4427 nihil,
1305 4357 1401 4420 omnis
1432 4374 1503 4419 vero
1537 4356 1678 4419 varietas

322 4456 454 4510 motuum
487 4467 525 4512 ex
556 4445 753 4527 dispositione
787 4455 819 4509 et
846 4449 1018 4528 pluralitate
1047 4447 1160 4513 orbium
1184 4447 1404 4530 proficiscatur,
1433 4444 1680 4527 necquicquam
1738 4513 1752 4526 ,

264 4577 268 4584 ·
323 4535 405 4599 alind
426 4535 605 4617 requiratur,
632 4555 722 4618 quam
745 4544 779 4598 ut
801 4537 919 4600 animae
942 4537 1082 4602 motrices
1106 4537 1258 4618 accipiant
1271 4545 1303 4599 et
1316 4535 1467 4599 retineant
1482 4554 1571 4598 sunm
1584 4533 1679 4617 vigo-

322 4643 403 4702 rem,
436 4634 468 4691 et
497 4625 633 4707 aprimo
666 4623 828 4689 creationis
860 4626 944 4689 initio
974 4629 1004 4690 in
1027 4627 1148 4709 plagam
1172 4626 1335 4709 quaelibet
1347 4645 1431 4688 suam
1455 4623 1620 4688 incitentur
1643 4635 1682 4690 et

323 4715 410 4796 qnasi
440 4719 459 4777 e
490 4714 660 4778 carceribus
690 4715 719 4776 in
750 4715 851 4794 spatia
880 4715 1085 4779 dimittantur:
1114 4725 1216 4778 tamen
1248 4715 1496 4778 considerandum
1521 4723 1585 4790 est,
1615 4715 1679 4780 hoc

322 4802 419 4883 ipsum
440 4803 550 4866 mentis
573 4803 652 4868 illius
676 4823 832 4890 supremae
855 4824 930 4885 opus
953 4825 1030 4876 esse,
1054 4804 1208 4894 planetam
1223 4804 1384 4892 quemlibet
1399 4804 1427 4866 iu
1442 4803 1677 4886 plagamsuam,
