3606 5562
302 349 366 418 700
840 347 951 406 tama
968 343 997 404 Τ.
1017 345 1106 404 Brrhsl

301 549 395 594 maen.
442 529 520 592 Nam
544 529 684 610 aequatio
707 529 858 612 Tychonis
882 527 1075 593 tumaxime
1102 530 1225 594 minutis
1253 531 1349 592 minor
1379 539 1428 606 est
1449 531 1656 595 Ptolemaica.

300 621 343 682 Et
372 628 472 680 motus
499 619 624 698 apogaei
651 619 813 700 Tychonici
837 619 1018 697 diminutus,
1051 621 1125 683 adeo
1157 629 1191 683 ut
1222 622 1393 682 retrocedat
1425 622 1480 684 sub
1504 622 1575 684 fixis
1599 641 1656 702 per

302 705 510 772 bannuatim.
898 750 901 756 ·
1299 727 1306 737 “

389 799 429 858 ll.
462 797 577 858 Locum
600 797 703 858 Lunae
727 815 829 859 vemm
852 805 1024 877 computare
1049 817 1107 859 non
1130 805 1233 878 potest
1254 798 1426 879 quisquam,
1456 799 1515 859 nisi
1540 797 1590 878 qui
1614 797 1654 858 de

270 945 275 958 ,
301 885 432 948 maxima
455 885 537 950 Solis
567 885 743 966 aequatione
773 887 820 946 vel
851 887 916 948 loco
949 886 1074 966 apogaei
1103 898 1204 948 certus
1233 894 1289 948 est.
1337 887 1424 959 Quod
1454 889 1558 967 accipe
1584 904 1653 948 curn

302 977 356 1036 hac
381 973 592 1036 distinctione:
616 973 675 1035 tria
693 975 900 1056 requimntur,
925 984 1023 1037 motus
1048 975 1223 1056 simplex)
1250 983 1281 1036 et
1305 972 1356 1052 Θ,
1380 977 1597 1048 anomalia),
1620 985 1654 1036 et

301 1063 405 1126 tabula
428 1063 646 1144 aequationum.
692 1062 780 1134 Quod
805 1063 969 1144 simplicem
992 1065 1018 1136 §a
1045 1065 1163 1138 attinet,
1187 1083 1253 1126 eum
1277 1057 1379 1146 Tyoho
1404 1065 1579 1146 expiscatus
1604 1075 1655 1126 est

301 1172 338 1214 ex
361 1152 555 1214 Ptolemaicis
578 1161 609 1212 et
632 1151 695 1214 suis
711 1151 902 1238 eclipsibus,
937 1161 1109 1233 comparato
1142 1153 1298 1233 interiecto
1328 1154 1436 1233 spatio.
1482 1153 1652 1216 Methodus

302 1244 375 1304 haec
398 1251 460 1303 est:
498 1241 528 1302 in
551 1249 661 1321 puncto
685 1241 807 1322 eclipsis
829 1241 977 1303 maximae
1001 1243 1087 1304 Luna
1110 1235 1209 1303 estin
1234 1241 1372 1322 opposito
1395 1235 1461 1304 loco
1481 1241 1575 1318 Solis,
1600 1243 1654 1323 qui

195 1401 197 1406 ,
302 1337 376 1412 quot
396 1330 549 1392 contiueat
571 1331 683 1409 gradus
706 1330 756 1392 vel
779 1329 893 1392 minuta
915 1331 979 1410 ejus
1003 1331 1092 1411 sigui,
1117 1332 1156 1392 ad
1170 1332 1273 1393 Lunae
1298 1331 1430 1393 rationes
1454 1332 1529 1394 nihil
1551 1331 1653 1394 ineer-

303 1427 368 1482 est·
408 1417 548 1482 Ceterum
570 1419 627 1480 hoc
651 1419 777 1481 interest
800 1419 838 1482 ad
862 1421 994 1482 rationes
1018 1420 1136 1494 Lunae,
1167 1421 1246 1503 quod
1274 1421 1303 1481 in
1331 1419 1450 1482 tabulas
1474 1421 1653 1483 referendus

107 1559 111 1567 ,
195 1575 199 1582 ,
304 1517 351 1575 est
373 1509 554 1611 motuqejns
577 1507 692 1570 medius
715 1529 735 1570 a
758 1509 855 1572 medio
879 1508 1051 1572 locoSolis.
1075 1511 1133 1572 ·At
1156 1509 1270 1571 medius
1294 1517 1325 1570 et
1347 1529 1436 1572 verus
1459 1510 1543 1572 locus
1567 1508 1654 1572 Solis

302 1619 361 1660 non
385 1599 565 1660 coincidunt.
607 1599 689 1677 Ergo
713 1599 743 1686 si
760 1599 953 1660 Ptolemaeus
978 1607 1009 1660 et
1032 1615 1069 1659 ex
1092 1617 1127 1659 eo
1151 1589 1253 1680 Tyolro
1277 1597 1305 1659 in
1330 1597 1422 1678 priori
1445 1599 1552 1679 eclipsi
1575 1599 1654 1661 hora

305 1683 401 1766 tlt„
425 1705 481 1768 quo
506 1694 655 1748 momento
680 1687 736 1747 fuit
752 1687 881 1748 medium
901 1686 1033 1768 deliquii,
1058 1686 1160 1749 dicant
1177 1687 1383 1768 aequationem
1399 1687 1490 1750 Solis*
1504 1707 1572 1750 esse
1597 1687 1654 1752 55⁴

303 1795 341 1838 ex
363 1777 469 1838 tabula
484 1776 692 1856 aequationum
708 1776 904 1851 Ptolemaios,
928 1775 981 1838 illa
1002 1795 1072 1837 vero
1097 1776 1138 1837 sit
1159 1776 1254 1838 minor
1276 1795 1329 1858 per
1358 1773 1394 1838 12
1419 1796 1472 1852 sc.,
1496 1777 1655 1856 putabitur

303 1865 403 1947 utique
427 1884 515 1932 verus
538 1873 637 1926 motus
661 1865 764 1927 Lunae
789 1885 823 1926 eo
847 1874 996 1927 momento
1020 1885 1038 1926 a
1062 1864 1144 1927 Solis
1166 1865 1264 1926 medio
1288 1885 1329 1927 sc.
1355 1863 1412 1940 55,
1436 1867 1484 1947 qui
1508 1873 1555 1928 est
1578 1875 1652 1928 tan·

305 1962 369 2018 tum
393 1975 435 2016 sc.
460 1949 524 2017 43‘.
560 1955 666 2035 Itaque
691 1955 748 2015 etsi
773 1955 850 2016 alter
873 1953 1132 2034 terminus'penes
1156 1973 1210 2016 nos
1233 1953 1289 2015 rite
1313 1955 1521 2030 constituatur,
1546 1962 1654 2021 tamen

304 2045 342 2106 ad
357 2043 524 2107 Ptolemaei
547 2051 683 2124 tempora
705 2042 858 2126 quantitas
876 2043 989 2105 mensis
1002 2042 1131 2106 Lunaris
1156 2043 1274 2104 falleret
1296 2061 1350 2122 per
1377 2041 1425 2114 12,
1449 2053 1480 2105 et
1503 2043 1533 2108 iu
1557 2045 1653 2124 duplo

303 2143 435 2214 tempore
460 2133 514 2194 sub
539 2133 660 2215 Trojam
690 2143 808 2214 captam
836 2151 890 2214 per
919 2127 962 2194 24
992 2140 1023 2193 et
1053 2133 1096 2194 sic
1119 2137 1345 2212 consequenter.
1394 2131 1654 2213 compensaretur

303 2223 333 2284 id
357 2223 474 2304 quidem
497 2227 557 2302 per'
573 2221 779 2302 aequationem
803 2222 925 2296 Lunae,
959 2221 1074 2304 quoties
1098 2223 1201 2283 eadem
1224 2221 1373 2282 anomalia
1399 2221 1531 2299 rediret,
1562 2231 1596 2286 at
1618 2223 1652 2285 in

305 2301 414 2374 ceteris
438 2310 574 2373 omnibus
597 2310 764 2372 anomaliae
788 2311 861 2372 locis
885 2319 970 2372 tanto
991 2309 1113 2390 gravius
1136 2318 1319 2390 peccaretur.

390 2397 460 2460 Jam
483 2399 561 2479 quod
583 2399 762 2461 anomaliam
779 2401 897 2473 attinet,
921 2399 1051 2461 indidem
1074 2399 1129 2460 illa
1150 2400 1269 2480 petitur,
1297 2399 1372 2460 urrde
1397 2406 1428 2462 et
1449 2409 1548 2463 motus
1572 2401 1651 2462 sim-

200 2525 202 2530 ·
302 2489 381 2571 pler.
419 2487 468 2550 Ad
492 2495 629 2567 tempora
642 2487 808 2549 Ptolemaei
830 2507 867 2549 ex
890 2487 985 2552 tribus
1009 2488 1169 2568 eclipsibus
1186 2488 1377 2551 constituitur
1396 2489 1565 2552 anomaliae
1582 2509 1652 2552 mo-

303 2592 362 2641 tus.
400 2579 532 2656 itemque
557 2576 595 2637 ad
619 2584 722 2638 nostra
742 2586 877 2655 tempora
895 2575 938 2637 ita
952 2578 1175 2656 comparatione
1189 2577 1332 2656 temporis
1348 2577 1463 2640 medius
1478 2580 1652 2642 anomaliae

304 2677 403 2730 motus
427 2664 554 2725 elicitur.
591 2663 722 2728 Rursum
745 2665 856 2746 itaque,
881 2665 906 2727 si
923 2665 976 2728 Sol
995 2667 1051 2728 sub
1075 2666 1253 2729 momentum
1277 2665 1473 2747 oppositionis
1496 2676 1653 2732 statuatur

308 2751 366 2819 13⁰
391 2751 441 2817 15‘
464 2753 492 2829 ὅ
518 2771 572 2833 per
596 2753 849 2815 eccentricitatem
873 2755 1063 2830 diminutam,
1094 2765 1163 2817 tunc
1187 2776 1259 2818 saue
1285 2753 1336 2818 12‘
1359 2755 1429 2829 illa,
1459 2757 1566 2838 quibus
1592 2759 1651 2820 ab·

305 2841 399 2908 errari
415 2841 584 2916 statuimus,
608 2841 849 2905 adscriberentur
864 2844 1162 2928 aequationiqLunae.
1200 2845 1242 2906 Et
1264 2843 1333 2924 quia
1356 2845 1537 2910 alteraretur
1558 2867 1652 2910 verns

305 2935 371 3014 ejus
398 2939 498 2994 motus
529 2950 728 3012 excessusque
758 2933 823 3012 ejus
856 2952 946 3014 supra
978 2932 1126 3006 medinm,
1157 2951 1280 2996 necesse
1314 2941 1396 2996 esset
1427 2935 1524 3014 ipsam
1557 2936 1653 2999 etiam

306 3021 558 3085 eccentricitatem
582 3020 630 3081 vel
654 3040 819 3101 apogaeum
843 3022 975 3083 alterari.
1013 3024 1114 3104 Atque
1138 3023 1193 3084 hoc
1218 3039 1289 3084 saue
1313 3023 1429 3086 nomine
1452 3026 1569 3104 gratias
1593 3027 1652 3090 tibi

306 3131 380 3192 ago,
411 3110 489 3192 quod
516 3129 563 3171 me
588 3109 615 3171 in
639 3110 715 3171 hanc
738 3110 1006 3172 considerationem
1030 3110 1155 3173 inducis.
1201 3109 1321 3173 Etenim
1349 3131 1404 3193 per
1427 3115 1516 3176 otium
1541 3113 1652 3202 explo-

307 3202 390 3274 rabo,
413 3219 451 3261 an
476 3199 606 3260 notabile
623 3199 734 3280 aliquid
758 3208 897 3279 peccetur
916 3198 945 3260 in
962 3201 1138 3282 aequatione
1153 3201 1255 3264 Lunae
1275 3200 1404 3262 maxima
1427 3203 1652 3280 constituenda,
1672 3213 1680 3224 “

307 3289 331 3352 si
356 3287 465 3350 alicubi
492 3284 542 3350 12¹
565 3295 683 3368 praeter
702 3289 817 3368 justum
845 3289 978 3351 accedat.
1025 3289 1061 3350 Id
1084 3289 1135 3352 ubi
1164 3289 1207 3352 sio
1237 3289 1347 3351 habere
1371 3290 1595 3372 deprehendero
1619 3303 1653 3354 et

306 3377 357 3441 ubi
372 3377 464 3439 nihilo
482 3377 579 3438 minus
595 3395 630 3438 ex
645 3377 810 3438 Ptolemaei
826 3377 987 3458 eclipsibus
1009 3379 1133 3440 eandem
1157 3369 1346 3461 hypothesin*
1358 3389 1535 3443 exstruxere
1558 3401 1651 3464 quam

306 3487 343 3530 ex
365 3465 535 3528 recentibus
559 3465 652 3546 (quod
676 3465 777 3548 Tycha
801 3486 873 3528 sane
897 3457 1071 3547 fecit),'pro
1095 3476 1178 3529 certo
1203 3468 1369 3538 affirmabo,
1393 3469 1650 3532 eccentricitatem

306 3565 337 3618 et
360 3555 429 3618 anni
453 3553 686 3634 magnitudinem
711 3563 742 3616 et
764 3554 983 3634 aequinoctium
1006 3555 1035 3617 id
1059 3555 1152 3618 fuisse
1174 3565 1306 3638 tempore
1320 3557 1496 3634 Ptolemaei,
1520 3560 1600 3640 quod
1623 3561 1651 3621 is

306 3644 391 3707 nobis
414 3642 602 3722 assignatum
626 3643 756 3726 reliquit.
801 3644 884 3706 Nihil
907 3653 959 3706 aut
981 3663 1085 3723 pamm
1108 3645 1156 3706 hie
1179 3646 1303 3728 impedit
1329 3665 1404 3722 nos,
1438 3649 1465 3709 si
1495 3649 1523 3709 in
1554 3650 1650 3710 horae

196 3790 197 3801 ,
306 3735 405 3816 aliqua
427 3739 514 3812 parte
536 3732 727 3794 aberremus:
758 3739 897 3812 quantum
922 3732 999 3794 enim
1023 3731 1128 3796 in'illo
1153 3735 1282 3814 spatiolo
1305 3736 1399 3797 motui
1422 3738 1525 3799 Lunae
1548 3738 1649 3799 medio

305 3821 431 3898 accedit,
455 3821 631 3883 tantundem
648 3823 708 3884 fere
725 3821 843 3883 accedit
866 3828 896 3883 et
918 3840 998 3882 vero.
1037 3822 1098 3885 Sed
1121 3823 1197 3886 haec
1219 3823 1378 3904 interjioio.
1416 3827 1512 3888 Vides
1535 3835 1648 3903 autem,

179 3893 200 3918 ⁹
305 3912 383 3995 quod
405 3918 504 3974 motus
534 3911 699 3974 anomaliae
731 3931 790 3974 nna
813 3918 878 3975 cum
906 3917 988 3972 motu
1011 3909 1114 3974 Lunae
1143 3911 1271 3994 simplici
1298 3915 1336 3976 ad
1360 3923 1496 3996 tempora
1517 3938 1546 3980 a.
1573 3916 1646 3980 Chr.

304 4021 379 4084 pene
402 4009 483 4064 totus
507 4000 538 4062 in
560 4001 727 4062 Ptolemaei
750 4000 873 4063 arbitrio
897 3999 1053 4062 consistat.

346 4127 352 4142 ·
391 4091 447 4154 111.
482 4089 570 4162 Quod
594 4090 682 4152 tertio
705 4089 837 4151 tabulam
862 4088 1072 4171 aequationum
1095 4089 1214 4167 attinet,
1239 4091 1433 4174 aequationes
1456 4093 1647 4174 Tychonicae

304 4181 452 4244 maximae
476 4178 651 4240 Prutenicas
673 4185 791 4240 tautum
818 4176 850 4240 2¹
878 4185 1034 4260 superant,
1067 4185 1108 4240 s'c.
1136 4179 1166 4240 in
1191 4175 1251 4244 90ο
1274 4189 1305 4242 et
1326 4175 1417 4245 270⁰.
1463 4182 1560 4244 Atia
1585 4179 1648 4245 45⁰

306 4267 474 4334 differentia
496 4275 544 4329 est
570 4264 635 4342 10‘,
661 4267 748 4348 idque
771 4275 894 4348 propter
917 4266 1124 4344 differentiam,
1139 4268 1348 4350 hypotheseos.
1372 4269 1470 4334 .Gum
1493 4271 1587 4352 igitur
1610 4291 1647 4334 ex

304 4357 555 4442 disputationibus
578 4356 653 4418 meis
683 4358 719 4417 de
747 4357 847 4417 causis
879 4357 1085 4438 aequationum
1114 4356 1262 4439 physicis·
1280 4358 1482 4438 appariturum
1514 4361 1574 4434 sit,
1608 4379 1646 4422 ne

304 4447 505 4531 Tychonicam
529 4445 645 4526 quidem
675 4444 889 4506 ordinationem
916 4445 1119 4526 hypotheseos
1147 4465 1199 4508 seu
1227 4448 1459 4526 applicationem
1486 4449 1647 4531 sequentis

251 4587 252 4594 ,
305 4557 343 4600 ex
366 4537 444 4600 omni
465 4542 552 4616 parte
575 4541 656 4596 recte
679 4533 808 4596 habere:
842 4533 899 4595 erit
931 4542 962 4595 et
991 4535 1065 4596 haec
1093 4536 1271 4612 recidenda,
1305 4557 1358 4599 neo
1389 4537 1432 4600 illi
1459 4537 1488 4600 in
1513 4539 1647 4621 antiquis

305 4625 468 4707 eclipsibus
490 4623 684 4705 pertinaciter
706 4623 863 4686 fidendum.

392 4717 469 4778 Puto
479 4721 578 4773 autem
590 4714 681 4785 (nunc
692 4712 755 4776 sine
766 4711 889 4785 calculo,
906 4729 943 4772 ex
955 4711 1189 4788 aestimatione),
1201 4714 1329 4777 medium
1339 4703 1556 4793 quodammodo
1567 4716 1647 4779 inter
1734 4767 1740 4774 .

304 4803 481 4866 Prutenicas
503 4800 735 4883 etTychonicas
757 4800 951 4882 aequationes
975 4819 1041 4862 esse
1065 4803 1255 4882 sequendum.
1290 4804 1324 4864 In
1347 4805 1517 4868 uniuersum
1543 4805 1647 4868 videor

305 4891 377 4956 mihi
399 4893 463 4960 sine
478 4890 617 4964 auctoris
640 4889 758 4970 injurie,
781 4890 839 4954 imo
857 4889 988 4952 secunda
1011 4890 1076 4970 ejus
1093 4891 1245 4954 uoluntate
1268 4893 1426 4974 (quantum
1445 4913 1483 4957 ex
1502 4893 1575 4958 lolio
1590 4891 1644 4960 54.
