3604 5534
301 203 366 268 210
579 255 583 266 .
784 205 824 256 De
842 203 949 255 Motibus
968 201 1061 255 Stellae
1077 201 1166 254 1101111

305 383 399 464 coepi.
431 380 563 465 Cumque
579 403 656 446 anno
675 381 758 449 1597
775 384 814 446 ad
831 384 1042 468 Tychouem
1065 381 1189 445 Brahe
1213 378 1400 460 scripsissem
1414 387 1446 451 (1,
1460 385 1517 457 41),
1533 399 1644 462 rogans

304 481 339 537 ut
361 493 446 534 suam
474 474 510 534 de
533 493 600 536 meo
624 473 726 536 libello
750 474 931 536 seutentiam
948 473 1070 547 diceret,
1095 472 1214 553 ipseque
1237 469 1418 550 respondens
1441 470 1521 532 iuter
1544 478 1646 532 cetera

304 581 424 626 suarum
444 564 535 626 etiam
558 564 800 630 observationum
823 563 1018 636 meminisset,
1041 561 1155 641 ingenti
1178 579 1224 620 me
1248 557 1410 639 cupiditate
1426 560 1645 622 earumviden-

300 655 405 716 darum
438 652 645 714 inflammavit.
700 653 745 714 At
776 672 847 714 vero
871 653 971 734 Tycho
994 651 1109 726 Brahe,
1137 651 1203 729 ipse
1227 667 1340 729 quoque
1364 667 1472 730 magna
1493 669 1566 730 pars
1590 649 1647 711 sati

300 741 373 817 mei,
406 761 443 804 ex
476 762 511 804 eo
539 761 598 804 non
628 741 749 803 destitit
771 761 817 802 me
841 741 919 804 ultro
943 740 1056 802 hortari
1079 747 1112 802 ut
1135 738 1229 800 adse
1252 738 1393 801 venirem.
1417 770 1420 782 =
1441 735 1574 820 Cumque
1598 757 1646 800 me

221 827 222 832 ’
301 829 506 910 longinquitas
521 831 578 893 loci
595 838 677 893 esset
692 832 900 906 absterritura,
925 830 1043 892 divinae
1059 848 1174 892 rursum
1191 826 1378 907 dispositioni
1394 827 1542 902 adscribo,
1568 828 1647 908 quod

301 921 330 984 in
359 920 537 983 Bohemianr
569 921 595 981 is
618 921 711 982 veuit.
757 919 803 982 Eo
826 920 918 1001 igitur
940 919 1009 980 veni
1033 919 1087 980 sub
1111 917 1225 980 initium
1250 915 1319 978 anni
1345 910 1438 986 1600,
1462 937 1514 996 spe
1538 918 1647 998 plane-

301 1019 399 1072 tarum
432 1017 583 1072 correctus
613 1009 851 1072 ecceutricitates
880 1007 1065 1070 addiscendi.
1113 1005 1188 1070 Cum
1212 1014 1312 1075 autern
1335 1005 1429 1088 primo
1453 1007 1573 1068 octiduo
1598 1006 1646 1066 di-

303 1100 462 1174 dicissem,
480 1100 576 1178 ipsum
600 1098 742 1160 adhibere
766 1119 831 1161 curu
854 1099 1029 1162 Ptolemaeo
1052 1105 1085 1158 et
1105 1095 1270 1174 Cepernico
1294 1095 1420 1158 medium
1430 1104 1542 1157 motum
1553 1094 1647 1172 Solis,

301 1197 385 1250 esset
414 1208 484 1250 vero
516 1207 664 1267 apparens
693 1195 792 1250 motus
816 1206 881 1250 ureo
906 1187 1007 1250 libello
1031 1185 1282 1248 accommodatior
1305 1185 1397 1265 (quod
1421 1205 1458 1245 ex
1482 1186 1546 1264 ipso
1570 1185 1647 1246 libro

302 1279 414 1360 patet),
445 1277 483 1338 ab
507 1285 628 1338 anctore
652 1277 819 1356 impetravi,
843 1284 877 1338 ut
900 1277 971 1338 mihi
994 1277 1098 1338 liceret
1120 1275 1260 1336 observta
1262 1274 1377 1335 ionibus
1401 1293 1466 1334 meo
1489 1274 1577 1335 ruodo
1591 1273 1647 1338 uti.

301 1368 379 1429 Erat
412 1374 474 1428 turn
498 1367 561 1446 ejus
586 1366 711 1428 domes
690 1375 749 1428 rco
775 1365 1004 1428 Christiano
1034 1359 1263 1436 Severini³¹)
1293 1363 1347 1424 sub
1371 1362 1506 1424 manibus
1530 1363 1649 1425 theoria

302 1454 461 1529 Martis,
497 1473 585 1535 quam
614 1455 763 1536 tempus
754 1455 814 1535 ipsi
838 1455 966 1518 dabat'
959 1476 989 1516 ru
1012 1473 1133 1527 manus,
1163 1473 1198 1514 eo
1223 1453 1300 1532 quod
1323 1453 1545 1513 versarentur
1537 1473 1566 1512 ru
1591 1452 1648 1513 ob-

304 1543 477 1606 servatione
502 1545 671 1626 aerouychii
695 1545 771 1606 situs
796 1565 848 1606 seu
872 1543 1071 1625 oppositionis
1093 1541 1204 1604 Martis
1228 1561 1293 1602 curn
1316 1539 1423 1603 Sole'
1416 1562 1444 1602 ru
1469 1537 1507 1606 9⁰
1531 1545 1565 1616 n
1614 1540 1649 1603 Si

305 1631 552 1696 Christianus
576 1635 666 1696 alium
689 1636 842 1714 planetam
866 1641 1040 1708 tractasset,
1065 1633 1094 1693 111
1120 1631 1245 1693 eundern
1268 1639 1299 1692 et
1323 1645 1379 1710 ego
1402 1629 1584 1692 incidissem.
1663 1701 1667 1714 ,

391 1722 507 1784 Rursus
540 1741 612 1803 ergo
642 1723 744 1784 divina
771 1723 967 1803 dispositione
996 1681 1153 1782 acbidisse
1165 1729 1253 1800 puto,
1283 1721 1359 1802 qnod
1384 1719 1488 1782 eodem
1512 1728 1649 1800 tempore

304 1829 359 1890 ego
396 1811 582 1887 advenerim,
615 1831 672 1892 quo
705 1819 837 1892 tempore
870 1812 965 1873 Marti
997 1811 1047 1872 ille
1071 1818 1138 1872 erat
1160 1809 1311 1883 intentus,
1350 1829 1387 1870 ex
1409 1810 1492 1888 eujus
1516 1809 1651 1871 motibus

302 1901 420 1962 omuino
454 1919 578 1962 necesse
610 1907 658 1962 est
686 1902 794 1966 nos-in
817 1901 1019 1984 cognitionem
1043 1898 1246 1960 astronomiae
1272 1917 1446 1960 arcanorum
1470 1897 1572 1960 venire
1597 1907 1651 1960 aut

306 2009 343 2051 ea
365 1998 510 2070 perpetuo
534 1990 659 2052 nescire.
706 1990 920 2052 Recudebatur
942 1989 1049 2050 tabula
1069 1989 1234 2050 mediarum
1263 1986 1481 2068 oppositionum
1506 1988 1543 2049 ab
1569 2005 1649 2050 anuo

307 2077 401 2154 1580,
419 2087 485 2140 erat
506 2079 881 2162 excogitatahypothesis,
907 2097 982 2158 quae
1002 2097 1055 2139 eas
1075 2095 1178 2139 ornnes
1192 2085 1419 2157 repraesentare
1433 2077 1651 2158 perhibebatur

303 2169 383 2230 intra
406 2170 529 2230 duorum
553 2171 758 2249 scrupulorum
780 2167 1035 2249 propinquitatem
1057 2167 1088 2228 in
1112 2166 1307 2248 longitndine,
1332 2167 1416 2245 cujus
1436 2185 1576 2229 numeros
1599 2165 1651 2228 rel

304 2258 394 2362 paulo
419 2259 590 2319 differentes
614 2258 713 2338 capite
738 2259 778 2321 V.
802 2257 953 2358 usurpavi.
1000 2257 1179 2336 Apogaeum
1200 2256 1284 2318 initio
1299 2257 1369 2317 anui
1384 2252 1467 2318 1585
1482 2255 1651 2336 ponebatur

302 2347 333 2410 in
356 2343 417 2409 23⁰
439 2344 545 2422 ten,
570 2348 779 2409 ecceutricitas
803 2347 943 2420 maxima,
969 2365 1044 2427 quae
1068 2365 1106 2407 ex
1130 2345 1352 2408 semidiametro
1366 2345 1519 2426 utriusque
1534 2344 1648 2405 crrcellr

306 2434 501 2536 componitur,
527 2443 594 2497 erat
617 2432 736 2512 20160,
759 2437 890 2518 qualium
913 2435 1134 2497 semidiameter
1153 2429 1647 2524 epicyclinrajorisesset16380.

303 2526 401 2605 Igitur
433 2524 462 2584 in
493 2525 589 2586 forma
616 2526 730 2605 primae
761 2525 985 2628 inaequalitatis
1015 2523 1203 2587 Ptolemaios
1233 2525 1441 2586 ecceutricitas
1479 2523 1649 2604 aequaturii

303 2614 409 2696 puncti
437 2620 503 2675 erat
533 2611 643 2678 20160
675 2616 723 2676 vel
747 2635 783 2676 eo
805 2615 894 2695 paulo
919 2615 1023 2676 minus.
1070 2615 1119 2676 Ex
1141 2613 1198 2676 hac
1221 2612 1380 2712 hypothesi
1404 2620 1558 2675 exstructa
1581 2621 1650 2676 erat

307 2713 339 2765 et
361 2703 467 2763 tabula
490 2704 700 2782 aequationurn
724 2705 855 2766 ecceutri
878 2704 917 2764 ad
940 2704 1051 2783 gradus
1075 2703 1209 2782 singulos
1233 2711 1265 2764 et
1287 2695 1414 2766 00110011
1428 2710 1527 2764 motus
1546 2701 1649 2777 medii,

299 2792 460 2854 'additione
485 2793 567 2854 facta
590 2794 629 2854 ad
650 2793 878 2856 Pruteuicarum
902 2802 1013 2854 motum
1036 2792 1165 2854 medium
1180 2792 1267 2854 unius
1285 2792 1415 2874 scrupuli
1435 2799 1467 2854 et
1480 2791 1648 2853 dodrantis.

192 2924 197 2945 .
300 2883 346 2944 Et
369 2881 481 2942 diducti
505 2890 593 2944 eraut
614 2883 645 2944 hi
668 2891 767 2945 motus
791 2882 895 2958 medii,
920 2881 1062 2963 apogaei,
1087 2882 1217 2961 itemque
1237 2889 1269 2942 01
1285 2881 1353 2944 nodi
1377 2900 1431 2962 per
1445 2899 1549 2944 annos
1571 2875 1650 2956 400,

307 2969 430 3052 perinde
463 2978 497 3032 ut
529 2971 558 3032 in
592 2969 748 3034 Solaribus
781 2980 813 3033 et
845 2971 1014 3033 Lunaribus
1044 2969 1179 3032 motibus·
1196 2977 1277 3032 torno
1300 2973 1325 3033 Ι.
1349 2971 1651 3053 Progymnasmatum

299 3063 420 3122 ¹facturn
450 3069 508 3122 est.
559 3061 595 3122 In
626 3062 692 3122 sola
715 3060 873 3124 latitudine
897 3061 952 3122 sub
976 3060 1170 3143 acronychios
1194 3061 1270 3122 situs
1285 3059 1415 3140 itemque
1439 3068 1471 3122 et
1492 3059 1523 3122 in
1545 3059 1652 3140 paral-

306 3150 424 3212 laxibus
458 3149 539 3211 orbis
572 3151 664 3212 annui
684 3149 873 3212 Christianus
905 3150 1060 3212 haerebat.
1113 3149 1231 3211 Aderat
1263 3149 1383 3229 quidem
1414 3149 1592 3232 hypothesis
1619 3159 1653 3210 et

305 3239 421 3301 tabella
444 3257 497 3318 pro
522 3239 745 3314 latitudinibus3
769 3240 823 3300 sed
847 3258 904 3300 uon
929 3239 1087 3301 eruebatur
1108 3239 1178 3301 iude
1202 3239 1332 3301 latitudo
1356 3239 1527 3300 observata.
1562 3237 1651 3309 Quae

307 3348 356 3390 res
379 3328 437 3406 ipsi
460 3328 489 3388 in
514 3329 650 3389 Lunares
673 3337 771 3391 motus
794 3328 962 3390 incubituro
986 3327 1196 3408 impedimento
1221 3336 1295 3390 erat.
1344 3325 1420 3390 Cum
1442 3328 1533 3407 igitur
1548 3327 1653 3408 suspi-

308 3435 393 3478 carer
417 3416 448 3476 id
473 3417 552 3494 quod
574 3437 622 3478 res
647 3425 733 3494 erat,
767 3417 946 3499 hypothesin
970 3437 1027 3479 non
1052 3418 1126 3479 bene
1151 3415 1277 3490 habere,
1309 3417 1424 3479 accinxi
1454 3436 1502 3478 rue
1525 3415 1592 3496 ipse
1610 3418 1653 3479 ad

309 3524 383 3585 opus
406 3505 567 3567 secundnm
590 3515 825 3587 praeconceptas
848 3507 923 3568 etin
946 3507 1134 3588 Mysterio
1157 3526 1223 3568 meo
1248 3503 1569 3587 Cosmographico
1594 3525 1652 3569 ex·

306 3613 430 3674 pressas
453 3594 617 3674 opiniones.
664 3597 797 3658 Plurima
820 3597 874 3658 snb
898 3596 1014 3659 initium
1030 3605 1096 3658 erat
1115 3595 1192 3658 iuter
1203 3614 1258 3656 nos
1273 3595 1468 3676 concertatio,
1494 3615 1531 3656 au
1546 3605 1655 3676 posset

218 3721 222 3732 ·
247 3674 250 3685 ¹
308 3684 370 3745 alia
391 3683 508 3744 institui
532 3684 609 3746 ratio
633 3685 845 3768 hypotheseos,
871 3705 946 3766 quae
970 3693 1018 3747 tot
1041 3687 1108 3747 loca
1125 3686 1267 3765 planetae
1290 3684 1459 3746 ecceutrica
1473 3685 1511 3746 ad
1521 3701 1654 3763 unguem

309 3772 509 3852 exprimeret?
533 3781 565 3834 et
588 3793 624 3835 au
649 3776 728 3836 salsa
751 3795 819 3836 esse
842 3783 949 3856 posset
970 3775 1032 3849 illa,
1058 3795 1133 3856 quae
1158 3775 1188 3836 id
1211 3775 1356 3837 hacteuus
1380 3793 1434 3855 per
1457 3793 1574 3836 omnem
1596 3794 1652 3837 ao-

309 3863 387 3923 diaci
411 3862 553 3923 ambitum
576 3860 805 3941 praestitisset?

398 3949 527 4012 Ostendi
557 3952 649 4030 igitur
677 3973 714 4016 ex
742 3954 794 4028 iis,
823 3971 901 4036 quae
928 3951 1025 4031 prima
1047 3959 1134 4032 parte
1157 3951 1327 4032 praemissa
1349 3958 1435 4028 sunt,
1468 3944 1561 4032 posse
1584 3971 1654 4014 esse

309 4041 417 4103 falsum
445 4042 643 4103 ecceutricum
674 4051 705 4104 et
727 4051 828 4104 tamen
853 4041 1112 4104 observationibus
1139 4042 1220 4104 intra
1250 4039 1281 4104 5¹
1312 4049 1344 4104 01
1372 4042 1495 4122 propius
1525 4059 1654 4121 respon-

227 4159 235 4178 ι
312 4132 397 4204 dere,
431 4130 588 4192 dummodo
619 4152 722 4194 rernm
742 4133 794 4194 'sit
820 4139 963 4212 punctum
991 4132 1206 4213 aequaturiurn.
1260 4129 1350 4210 Quod
1381 4149 1452 4192 vero
1480 4131 1655 4210 parallaxes

310 4219 392 4282 orbis
415 4220 505 4280 annui
529 4221 673 4284 attineret
695 4230 727 4283 et
749 4221 935 4295 latitudines,
959 4241 1025 4283 eam
1040 4221 1180 4301 palmam
1203 4221 1300 4284 adhuc
1323 4220 1354 4282 in
1376 4219 1474 4282 medio
1494 4220 1585 4282 sitam
1599 4240 1655 4282 nec

312 4311 379 4370 dum
411 4309 566 4370 obtentam
594 4311 632 4372 ab
660 4312 778 4374 illorum
810 4310 987 4392 hypothesi:
1015 4311 1160 4390 reliquum
1188 4311 1280 4390 igitur
1303 4327 1386 4383 esse,
1419 4308 1654 4389 obloquuntur,

312 4419 350 4458 au
373 4417 431 4459 noo
456 4399 566 4460 alicubi
587 4417 641 4480 per
663 4399 695 4462 5¹
717 4400 761 4461 illi
785 4418 850 4460 curn
875 4419 928 4463 suo
952 4401 1066 4462 calculo
1091 4400 1129 4462 ab
1153 4399 1412 4462 observationibus
1431 4397 1609 4462 dissideant

400 4487 508 4566 Coepi*
524 4487 579 4567 igit
579 4509 615 4550 nr
642 4489 798 4570 explorare
823 4489 1004 4568 operationis
1033 4490 1166 4571 ipsorum
1189 4488 1410 4551 certitudinem.
1455 4487 1503 4550 Ex
1527 4507 1562 4550 eo
1587 4490 1655 4570 qni-

312 4595 382 4638 nam
414 4576 560 4637 luerint'
552 4597 583 4638 ru
614 4578 670 4640 hoc
703 4577 804 4639 labere
837 4597 1014 4653 successus,
1048 4581 1215 4643 taediosum
1248 4586 1279 4640 et
1306 4577 1411 4640 inutile
1435 4585 1483 4639 011
1505 4587 1651 4659 repetere.

312 4667 480 4743 Persequar
502 4673 603 4728 autem
626 4687 663 4730 ex
686 4669 742 4730 1100
766 4666 971 4745 quadriennali
996 4669 1097 4731 labore
1122 4669 1175 4732 illa
1197 4676 1327 4744 tanturn,
1352 4687 1427 4749 quae
1447 4667 1653 4750 0000101110-

307 4773 381 4815 uem
405 4761 528 4816 nostrae
542 4757 683 4820 methodi
704 4755 905 4838 pertinebant.

894 4883 1077 4892 ————-—
