3552 5562
695 353 857 422 immitunt.
1426 353 1446 438 5

104 542 221 626 picisque
247 542 383 609 inservit
409 545 687 629 disquisitionibus,
720 570 795 634 quas
821 551 989 629 Imperator
1019 545 1198 630 Rudolphus
1229 548 1290 630 ipsi
1317 549 1446 614 manda-

106 643 194 708 verat,
225 633 339 698 iterum
363 635 444 698 adiit
465 637 613 714 Martem,
646 657 722 720 quae
752 639 843 702 dubia
864 637 924 718 ipsi
952 645 1143 700 occurrerant
1164 637 1195 698 in
1217 638 1336 702 theoria
1357 639 1447 720 hujus

107 724 229 804 planetae
255 743 274 784 1
297 725 444 808 Tycbone
469 731 500 788 et
521 727 770 808 Longomontauo
798 727 956 800 instituta,
988 725 1142 808 inquirens
1169 725 1259 810 atque
1289 727 1447 792 immutare

108 821 227 888 11111111,
254 821 402 894 quantum
426 815 605 879 1111111111
629 817 842 900 occupationes
864 813 929 877 11111
950 813 1058 895 potuit.
1259 813 1266 823 “

179 902 314 984 Pr0pius
337 913 439 966 autem
462 903 625 986 Keplerum
644 906 710 987 janu
734 927 769 969 eo
792 915 937 986 ternpore,
962 923 1019 986 quo
1044 903 1123 985 apud
1146 903 1318 986 Tycbonem
1340 921 1448 969 versa-

104 990 190 1066 batur,
211 991 256 1057 ad
278 1011 343 1055 rem
367 991 465 1073 ipsam
489 996 665 1072 accessisse,
689 1003 775 1078 patet
792 1015 809 1057 e
827 993 925 1057 literis
945 993 983 1054 ad
1002 994 1157 1073 Meginum
1177 993 1244 1057 Gal:
1265 996 1335 1058 Jun.
1352 993 1447 1063 1601.

101 1079 183 1154 datis,
202 1100 295 1162 quum
309 1082 493 1145 valetudinis
512 1092 543 1145 et
556 1103 656 1147 rerum
676 1085 907 1149 domesticarum
921 1101 1014 1144 causa
1031 1083 1189 1148 Graetiur'n
1202 1102 1342 1146 reversus
1357 1091 1449 1159 esset,

102 1167 278 1251 quamquam
301 1170 450 1234 calculum
472 1173 602 1236 nondum
620 1174 677 1238 sibi
700 1175 926 1237 convenientem
950 1172 1198 1253 deprehenderat,
1222 1191 1310 1254 qnam
1331 1172 1449 1236 obrem

98 1259 252 1338 blaginum
276 1260 369 1337 adiit,
396 1269 431 1324 ut
454 1279 488 1324 sc
511 1263 541 1324 in
565 1263 618 1325 illo
647 1263 820 1327 adornando
853 1261 1026 1324 sublevaret
1049 1260 1133 1334 (vide
1156 1261 1258 1335 infra).
1305 1260 1450 1342 Proponit

96 1347 218 1428 hlsgino
251 1349 427 1413 methodum
458 1369 559 1428 snam,
591 1373 681 1434 qnam
712 1351 836 1415 exbibet
862 1353 925 1413 fere
956 1340 1083 1412 ea'n‘dem
1105 1349 1136 1412 in
1160 1348 1450 1414 Commentariorum

97 1435 203 1517 Capite
230 1433 282 1512 16,
307 1445 338 1500 et
361 1440 479 1521 quaerit
503 1461 561 1514 ,an
585 1450 617 1503 et
637 1444 687 1504 hic
711 1461 757 1505 me
781 1439 1036 1502 demonstratione
1055 1439 1164 1519 juvare
1186 1439 1335 1519 possis?“
1365 1441 1449 1502 Fun-

97 1524 237 1588 damenta
261 1545 358 1589 novae
376 1527 775 1596 condendae-astronomiae
790 1530 914 1610 Magino
929 1529 1004 1591 haec
1022 1529 1192 1610 proponitr‘
1210 1528 1243 1598 1)
1257 1527 1451 1592 Planetarum

97 1623 196 1676 motus
217 1616 371 1678 referendi
394 1625 473 1694 sunt,
506 1637 565 1694 non
588 1629 623 1683 ut
648 1621 795 1684 hactenus
827 1618 974 1681 creditum
998 1625 1048 1679 est
1070 1619 1108 1679 ad
1130 1615 1305 1692 medium,
1333 1617 1388 1680 sed
1410 1617 1450 1679 ad

96 1721 219 1766 rerum
243 1704 328 1768 Solis
350 1707 459 1770 locum.
506 1705 541 1782 2)
573 1711 809 1794 Inaequalitates
839 1707 1013 1770 inferiorum
1041 1707 1230 1787 planetarum
1260 1707 1449 1786 prodeunte

98 1805 179 1854 motu
195 1795 320 1856 Terrae.
360 1793 396 1870 3)
412 1795 628 1861 Inclinationes
645 1798 881 1881 planetariorum
900 1796 1065 1858 orbitarum
1088 1794 1352 1859 constantissimae
1371 1802 1450 1862 sunt.

96 1877 130 1950 t)
154 1882 299 1945 Omnium
323 1883 342 1946 7
367 1885 556 1966 planetarum
584 1889 769 1952 theoriarum
796 1887 969 1947 1111111111
996 1885 1120 1960 eadem,
1153 1883 1278 1966 quilibet
1309 1884 1452 1947 circulum

95 1971 227 2034 decurrit
251 1991 337 2035 sunm
361 1973 512 2057 inaequali
536 1977 701 2040 celeritate.
750 1975 785 2050 5)
808 1976 899 2037 Datis
921 1973 1020 2036 tribus
1046 1972 1235 2056 scronychiis
1260 1973 1451 2036 obseruatio·

95 2059 185 2122 ninus
209 2061 395 2143 deprehendi
417 2071 520 2145 potest
542 2067 690 2130 distantia
703 2066 786 2130 Solis
809 2071 841 2125 et
858 2065 971 2126 Terrae
994 2071 1026 2124 et
1048 2062 1116 2124 inde
1140 2062 1287 2124 distantia
1309 2064 1450 2144 planetae

95 2149 217 2230 ejusque
241 2149 334 2214 orbis.
382 2149 418 2228 6)
442 2154 535 2217 Datis
564 2163 692 2238 quatuor
724 2153 833 2218 sitibus
863 2153 1004 2234 planetae
1035 2151 1240 2235 acronycbiis.
1257 2150 1450 2214 determinari

95 2245 198 2318 potest
220 2239 334 2320 aphelii
358 2241 423 2323 ejus
446 2242 541 2306 locus.

183 2328 271 2402 Quae
296 2331 398 2392 omnia
420 2333 551 2395 nondum
574 2331 706 2396 numeris
727 2331 856 2412 probata
879 2328 933 2391 sed
948 2327 1117 2410 probabilia
1139 2335 1255 2392 tantum
1279 2335 1312 2391 et
1324 2335 1449 2392 1111111

97 2415 322 2502 rationibusque
344 2421 480 2503 physicis
504 2431 707 2485 consentanea
725 2421 754 2482 in
773 2417 873 2481 literis
888 2418 950 2480 illis
965 2417 1004 2480 ad
1018 2417 1175 2498 Maginum
1191 2417 1273 2480 datis
1287 2435 1354 2480 eam
1370 2417 1448 2478 11111

98 2506 132 2567 ob
148 2525 271 2570 causam
287 2509 443 2572 Gractio
466 2529 504 2572 ex
521 2512 593 2575 urbe
613 2510 745 2584 exhibet,
769 2527 807 2570 ne
823 2507 936 2590 Tycho,
963 2507 1071 2580 ,nimis
1087 2525 1185 2570 rernm
1204 2527 1325 2570 suarum
1339 2521 1449 2590 parcns

98 2603 126 2654 et
139 2605 243 2660 custos
267 2598 440 2679 suspicione
462 2601 589 2682 ple'nus“
616 2599 731 2662 sinistri
755 2598 825 2680 quid
843 2603 994 2676 argueret,
1019 2595 1045 2658 si
1061 2596 1141 2677 spud
1162 2597 1260 2678 ipsum
1276 2597 1394 2677 Progne
1410 2595 1450 2657 ad

100 2685 243 2748 aemulum
262 2687 487 2751 Bononiensem
510 2689 693 2771 scripsisset,
713 2688 809 2769 adque
825 2685 1012 2766 Maginum
1035 2685 1167 2766 scripsit,
1191 2686 1262 2766 quia
1276 2703 1295 2745 a
1309 2683 1451 2768 Tycbone

104 2777 200 2854 (qoem
224 2775 256 2837 in
273 2775 378 2840 literis
390 2779 428 2839 ad
442 2779 692 2842 Maestlinum·et
707 2791 745 2838 ex
766 2783 854 2858 parte
878 2775 970 2838 etiam
991 2773 1030 2835 ad
1045 2775 1199 2854 Maginurn
1223 2774 1453 2838 1111111111-

103 2863 210 2941 pinxit)
236 2883 273 2926 11
297 2885 374 2948 qnae
399 2869 573 2950 quaerebat,
592 2866 713 2930 minime
730 2884 763 2928 se
778 2871 1007 2926 consecuturum
1023 2881 1090 2926 esse
1106 2863 1186 2926 haud
1200 2862 1367 2944 ignorabat
1392 2863 1455 2926 Sed

100 2952 237 3032 llaginus
254 2971 372 3038 qnoque
388 2957 513 3039 Kepleri
530 2957 786 3038 exspectationem
802 2953 956 3028 destituit3
980 2952 1080 3033 plane,
1097 2953 1184 3035 quasi
1198 2953 1272 3015 nibil
1287 2973 1305 3014 a
1320 2952 1452 3034 Keplero

105 3043 278 3124 accepisset,
296 3044 454 3121 obmutuit,
471 3047 565 3109 donec
584 3065 662 3108 anno
677 3046 796 3106 domurn
815 3041 909 3118 1610,
925 3049 1085 3124 postquam
1102 3041 1326 3105 commentaria
1340 3041 1451 3106 Martis

105 3127 246 3211 impressa
269 3133 406 3210 lucrant,
438 3153 502 3198 rem
534 3154 659 3198 movens
681 3133 768 3214 parvi
798 3131 941 3194 momenti
973 3130 1050 3194 adiit
1070 3131 1233 3212 Keplerurn
1256 3149 1311 3213 per
1332 3132 1448 3194 literas.

104 3217 181 3289 Quae
203 3221 237 3283 in
260 3223 450 3303 praelatione
475 3226 512 3287 ad
539 3224 804 3305 „supplementum
824 3219 1077 3302 Ephemeridum“
1103 3219 1188 3296 dixit,
1213 3237 1362 3282 excusans
1380 3219 1449 3281 diu-

101 3319 211 3373 turnum
246 3331 334 3374 suum
367 3313 537 3390 silentium,
570 3314 650 3376 infra
677 3312 831 3392 legentum
864 3310 913 3373 bic
941 3309 1023 3371 dubii
1051 3309 1186 3390 quidem,
1219 3309 1276 3371 nisi
1307 3309 1449 3385 fallimur,

100 3397 172 3460 banc
194 3401 322 3483 insuper
350 3403 464 3466 silentii
491 3403 618 3466 dicimus
647 3401 742 3464 luisse
772 3418 910 3475 causam,
943 3398 1022 3480 qnod
1054 3399 1132 3460 11111
1155 3399 1298 3480 Moginus
1320 3405 1451 3460 mentem

98 3487 220 3569 llepleri
245 3510 306 3554 uon
324 3493 445 3571 penitus
466 3492 647 3574 perceperit,
670 3509 725 3553 nec
743 3489 883 3552 babuerit
896 3488 966 3570 qnid
989 3488 1196 3569 responderet,
1208 3507 1308 3570 quam
1324 3487 1450 3550 eandem

31 3658 33 3670 ,
97 3595 219 3646 11111111
253 3579 370 3642 silentii
394 3582 439 3644 sni
462 3581 557 3646 fuisse
586 3580 814 3644 Maestlinus
847 3577 974 3658 ingenue
1005 3577 1161 3658 profltetnr
1185 3574 1450 3658 (1111110111,

31 3675 32 3698 *
95 3675 125 3727 tu
149 3687 368 3750 nonuunquam
397 3671 585 3746 sublimiora,
618 3688 706 3752 quam
738 3668 844 3751 quibus
873 3667 1024 3747 ingenium
1049 3673 1080 3729 et
1101 3667 1324 3730 eruditiones
1355 3665 1450 3728 satis-

96 3755 197 3820 facere
219 3757 337 3834 ualent,
362 3761 573 3840 quaerebas“).
613 3759 663 3820 Ad
686 3757 764 3820 111111
786 3758 865 3820 enim
885 3758 939 3820 sub
961 3757 1049 3818 tinem
1073 3753 1254 3820 1111111601.
1275 3753 1450 3830 (20.1)11.)

91 3847 201 3909 eadem
234 3847 317 3923 fere,
351 3868 427 3930 quae
462 3851 501 3912 ad
534 3847 709 3929 Maginum,
733 3843 932 3928 ¹scripserat,
970 3845 1171 3920 contendens,
1212 3843 1379 3920 ,theoriam
1415 3863 1448 3906 se
1534 3895 1538 3914 ,

41 4020 42 4024 Ἰ
91 3937 285 4000 exstruxisse
304 3937 425 4014 Martis,
448 3947 486 4000 nt
504 3957 612 4001 sensus
637 3935 835 4002 subtilitatem
867 3935 957 3997 facile
987 3934 1209 4016 adaequatums
1234 3933 1275 3996 sit
1292 3933 1446 3996 calculus“

89 4028 172 4096 (uide
197 4025 307 4100 infra).
1040 4079 1043 4084 .

38 4138 40 4188 J
176 4115 275 4179 Initio
299 4116 369 4178 anni
396 4113 490 4192 1602,
519 4121 683 4197 occupatus
707 4114 737 4175 in
766 4113 882 4176 e'dendo
904 4111 1056 4195 Tychouis
1086 4129 1175 4192 opere
1199 4119 1232 4173 11
1255 4109 1448 4174 emendandis

38 4199 39 4202 '
84 4206 194 4269 Lunae
221 4205 486 4268 observationibus
514 4206 641 4288 indeque
673 4203 810 4265 deductis
838 4201 950 4264 tabulis
982 4200 1149 4284 Tychonis,
1178 4201 1307 4264 Martem
1330 4199 1447 4281 quidem

85 4295 272 4358 observavit
299 4293 450 4374 Kepleins
483 4295 559 4368 (vid.
592 4295 666 4375 Cap.
691 4294 799 4366 XV.),
830 4310 935 4372 parurn
968 4299 1067 4352 autem
1099 4289 1130 4350 in
1161 4291 1282 4353 theoria
1310 4288 1447 4370 profecit,-

83 4401 272 4468 quamqnam
297 4383 328 4445 in
352 4381 450 4446 literis
474 4383 513 4444 ad
535 4385 815 4464 Longomontanum
839 4375 1150 4454 1111111605111111
1174 4386 1287 4453 1111111,
1310 4377 1447 4458 coepisse

84 4493 118 4537 se
144 4494 228 4537 anno
255 4470 349 4537 1602.
376 4473 539 4536 observare
558 4481 590 4535 11
607 4472 646 4534 ad
661 4475 790 4534 Martem
813 4470 941 4533 rediisse
964 4486 1000 4530 11
1023 4468 1226 4544 iuvenisse,
1249 4469 1342 4530 viam
1365 4467 1446 4546 ejus

85 4585 172 4626 esse
198 4583 269 4628 non
291 4563 500 4645 perfectum
523 4562 786 4634 eccentricum,
811 4560 873 4622 sed
895 4558 1046 4622 nvalem.

176 4655 228 4718 Ex
251 4653 360 4716 iisdem
387 4649 489 4713 literis
511 4659 654 4734 apparet,
675 4649 839 4732 Keplerurn
862 4648 900 4711 ab
928 4666 1007 4734 anno
1034 4641 1127 4712 1602.
1152 4663 1245 4726 usque
1268 4643 1306 4706 ad
1329 4643 1448 4708 initium

94 4745 160 4807 anni
188 4739 281 4810 1604.
309 4759 445 4826 „parum
475 4741 644 4822 respexisse
675 4740 713 4802 ad
736 4737 897 4814 Martem,“
923 4756 1007 4812 cum,
1039 4734 1218 4818 praesertim
1248 4753 1326 4799 auno
1352 4727 1447 4809 1603,

94 4833 254 4916 Opticam
283 4833 480 4901 adornaret,
503 4849 588 4910 quarn
621 4829 790 4892 absolutam
815 4825 945 4904 ,obtulit
968 4814 1114 4889 Caesari“
1146 4822 1232 4884 initio
1256 4822 1326 4886 anni
1353 4817 1446 4898 1604,

93 4926 220 5014 typisque
230 4918 483 4993 exscribendam
491 4920 605 4982 curavit
613 4925 731 4982 aestate
741 4917 828 4997 hujus
840 4917 920 4980 anni.
942 4915 1081 4980 Ceterum
1092 4912 1447 4996 apparetesequentibus
