3678 5532
644 327 705 384 Pan
724 327 828 394 Quane„
866 331 947 398 oque
964 329 1043 384 nvn.
1450 321 1514 397 389

175 505 352 572 retentionis
384 525 452 572 esse
484 506 587 572 multis
621 508 758 589 partibus
788 509 941 574 fortiorem
973 527 1062 590 quam
1085 515 1227 572 annulum
1253 509 1322 572 axis
1344 509 1383 572 ad
1406 508 1517 582 Solem,

176 607 265 680 atque
294 596 337 660 ita
364 596 450 660 illam
479 597 517 660 ab
541 598 715 660 adversario
741 606 805 661 tam
828 597 970 661 imbecilli
992 598 1041 661 vel
1063 597 1139 661 nihil
1162 598 1210 661 vel
1231 618 1336 681 parum
1352 600 1518 661 admodum

176 685 319 766 fatigari?
363 686 542 766 Exemplum
569 705 687 750 rursum
716 688 869 768 capiamus
899 708 938 751 ex
959 697 1109 767 magnete.
1155 689 1190 750 In
1214 707 1249 750 ec
1272 689 1517 750 manifestissime

174 775 339 856 permixtae
370 783 440 838 sunt
462 775 538 837 duae
562 775 707 858 virtutes,
732 777 828 840 altera
851 775 1026 840 directionis
1049 777 1088 838 ad
1110 776 1222 858 polum,
1246 778 1343 840 altera
1367 777 1438 839 ferri
1461 797 1517 856 ap-

174 871 289 946 petens.
335 865 442 945 Itaque
471 864 498 926 si
529 863 644 945 lingula
676 885 729 928 seu
752 885 824 928 acus
847 866 969 928 nautica
992 866 1139 946 dirigatur
1161 884 1266 928 versus
1289 867 1403 948 polum,
1428 885 1517 928 acce-

175 953 229 1016 dat
259 971 330 1016 vero
352 953 463 1016 ferrum
485 973 504 1014 a
526 952 635 1030 latere,
668 973 740 1016 acus
763 975 782 1016 a
804 955 872 1036 polo
887 954 1018 1018 declinat
1039 974 1199 1036 parumper
1221 955 1313 1017 etad
1336 956 1446 1019 ferrum
1469 955 1517 1017 in-

174 1041 278 1117 clinat,
303 1050 393 1122 atquc
416 1042 460 1104 ita
478 1042 611 1104 nonnihil
625 1043 762 1124 indulget
779 1044 978 1108 familiaritati
996 1044 1081 1119 ferri,
1107 1045 1150 1106 sic
1170 1051 1280 1118 tamen,
1303 1052 1339 1107 ut
1359 1045 1516 1126 plurimum

173 1129 244 1212 polo
267 1130 390 1194 tribnat.
436 1130 515 1194 Hine
538 1131 613 1194 adeo
636 1133 700 1195 fleri
721 1140 811 1214 putat
834 1133 1046 1207 Gilbertus,
1072 1138 1105 1194 ut
1127 1132 1239 1213 lingula
1255 1153 1273 1194 a
1287 1133 1356 1214 polo
1373 1134 1412 1195 ad
1426 1152 1517 1212 prae-

173 1219 279 1300 cipuae
302 1219 515 1300 magnitudinis
538 1221 726 1284 continentes
749 1220 894 1298 declinet,
920 1231 1009 1304 atque
1033 1221 1076 1284 ita
1099 1240 1191 1284 causa
1207 1222 1416 1284 declinationis
1430 1222 1518 1302 hujus

173 1309 250 1372 insit
279 1309 308 1372 in
331 1310 491 1371 Terrarum
514 1309 675 1384 tractibus,
700 1320 790 1392 prout
812 1331 832 1371 a
855 1311 969 1373 dextris
992 1312 1039 1373 vel
1063 1311 1234 1373 asinistris
1258 1311 1396 1388 altiores,
1420 1312 1518 1392 majo-

172 1417 224 1460 res
247 1407 279 1459 et
300 1397 411 1460 virtute
434 1397 627 1478 pollentiores
650 1398 680 1461 in
702 1400 867 1482 propinquo
891 1401 961 1464 sint.
1109 1417 1111 1424 ·

262 1487 408 1569 Adeoque
440 1486 545 1550 eadem
577 1507 669 1569 opera
700 1496 731 1550 et
762 1489 950 1570 aequabilem
981 1488 1097 1570 utrique
1127 1489 1264 1552 facultati
1288 1489 1418 1552 naturali
1441 1509 1516 1571 ope-

171 1577 321 1640 rationem
343 1575 517 1659 permittere
540 1597 716 1656 possumus,
739 1586 771 1641 et
792 1577 1065 1660 contemperatione
1088 1577 1240 1660 utriusque
1257 1598 1328 1640 .non
1361 1578 1516 1642 obscuram

172 1683 269 1748 neque
299 1664 467 1728 mehercule
496 1685 604 1730 vanam
641 1668 799 1730 ostendere
823 1687 944 1730 causam
968 1667 1176 1730 translationis
1199 1668 1393 1748 apheliorum.
1438 1669 1516 1733 Esto

173 1756 263 1830 euim,
286 1762 321 1818 ut
342 1755 416 1816 haec
439 1753 486 1816 vis
509 1753 656 1835 dirigendi
679 1757 745 1818 axis
768 1757 799 1818 in
823 1757 926 1837 Solem
949 1757 1075 1836 deroget
1088 1754 1220 1819 nonnihil
1241 1757 1344 1818 virtuti
1363 1757 1516 1820 retenirici

171 1863 228 1926 pro
255 1844 375 1907 modulo
407 1861 478 1905 suae
510 1843 550 1906 ad
578 1844 660 1908 illam
683 1846 895 1928 proportionis.
941 1847 976 1908 In
1000 1845 1186 1908 semicirculo
1209 1845 1299 1925 igitur
1322 1846 1446 1926 aphelii,
1483 1855 1518 1908 ut

172 1934 205 1996 in
230 1930 426 2009 (imant),
449 1951 550 1995 mucro
573 1951 678 1997 versus
700 1935 731 1996 H
753 1942 865 1998 annuet
886 1953 1059 2019 parumper,
1091 1934 1148 1996 hoc
1175 1942 1222 1996 est
1244 1935 1275 1997 iu
1299 1937 1516 2011 antecedentia,

173 2023 273 2086 cauda
295 2041 366 2084 vero
390 2022 501 2085 abnuet
523 2041 542 2082 a
564 2021 646 2098 Sole,
669 2023 791 2086 vincens
813 2043 973 2106 parumper
990 2023 1051 2086 vim
1065 2023 1266 2086 retentrieem.
1304 2024 1517 2107 Itaqueaphe-

172 2113 247 2176 lium
269 2113 321 2174 fiet
342 2110 559 2191 retrogradum.
604 2112 650 2175 At
671 2111 701 2174 in
724 2112 910 2176 semicirculo
933 2112 1084 2194 perihclii,
1122 2119 1156 2174 ut
1177 2111 1207 2174 in
1230 2113 1272 2188 F,
1306 2121 1418 2198 annuet
1438 2113 1519 2176 idem

172 2221 276 2264 mucro
298 2219 403 2263 versus
429 2197 468 2276 G,
492 2199 549 2262 hoc
572 2208 621 2263 est
637 2201 668 2264 in
690 2204 913 2284 consequentia,
936 2220 1037 2265 rusum
1060 2202 1182 2264 vincens
1205 2202 1266 2264 vim
1283 2204 1474 2265 reteutricem
1487 2202 1518 2264 in

173 2289 364 2354 contrarium.
411 2290 494 2352 'lunc
517 2288 608 2369 igitur
632 2291 782 2372 aphelium
798 2293 850 2354 fiet
868 2292 1013 2354 directum
1028 2299 1060 2353 et
1076 2289 1175 2353 velox.
1217 2288 1296 2363 Quia
1314 2311 1385 2354 vero
1400 2293 1518 2354 brevior

172 2389 223 2445 est
244 2381 302 2444 AF
324 2396 413 2460 quam
434 2374 512 2453 Ac,
546 2387 578 2441 et
600 2377 655 2442 Sol
677 2380 799 2462 propior
820 2381 881 2463 ipsi
903 2383 928 2442 F
951 2401 1039 2462 quam
1062 2379 1121 2460 ipsi
1144 2377 1188 2456 G,
1221 2379 1289 2444 ideo
1319 2387 1350 2441 et
1371 2381 1419 2443 vis
1443 2401 1517 2444 con-

173 2467 324 2533 versionis
356 2467 423 2530 axis
453 2469 616 2548 magnetici
647 2469 688 2532 ad
710 2469 813 2534 Solem
844 2471 952 2533 fortior
982 2470 1013 2533 iu
1035 2470 1061 2532 F
1083 2487 1171 2551 quam
1194 2468 1224 2529 in
1249 2467 1284 2532 C.
1329 2469 1403 2532 Plus
1426 2469 1519 2551 igitur

173 2557 369 2642 derogabitur
390 2555 545 2620 retentrici
567 2557 598 2620 in
620 2559 645 2620 F
668 2578 756 2641 quam
778 2560 810 2621 iu
833 2559 868 2624 G.
907 2559 977 2622 Non
994 2566 1111 2622 tautum
1130 2557 1221 2638 igitur
1237 2567 1412 2640 compensat
1429 2567 1518 2623 nutus

171 2645 339 2730 perihelius
366 2647 396 2708 in
427 2647 641 2728 consequentia
669 2656 773 2711 nutum
795 2647 947 2729 aphelinm
969 2648 999 2709 iu
1022 2647 1249 2723 antecedentia,
1273 2649 1327 2711 sed
1350 2649 1441 2712 etiam
1465 2667 1518 2712 su-

171 2743 264 2820 perat
284 2755 361 2800 eum
406 2736 508 2818 Atque
530 2737 575 2798 ita
589 2755 689 2800 causa
710 2745 804 2819 patet,
828 2756 880 2800 cur
903 2737 1025 2817 apsides
1046 2737 1285 2818 progrediantur,
1308 2758 1367 2800 non
1384 2746 1518 2801 retroce-

125 2875 133 2896 .
173 2828 258 2890 daut
303 2827 409 2907 ltaque
433 2825 584 2905 aphelium
607 2845 626 2886 a
647 2827 734 2890 nobis
757 2827 910 2890 inventum
932 2818 1048 2889 valebit
1068 2833 1185 2888 tautum
1207 2825 1238 2887 in
1262 2827 1413 2890 anomalia
1427 2847 1517 2890 coae-

173 2923 267 2998 quata
290 2911 350 2980 90ο
372 2921 404 2976 et
426 2910 524 2989 270⁰,
552 2915 671 2996 quaudo
698 2915 764 2978 axis
787 2917 939 2978 virtuosus
962 2915 993 2976 in
1016 2915 1119 2978 Solem
1141 2915 1239 2995 ipsum
1261 2914 1438 2997 porrigitur,
1466 2917 1517 2998 qui

173 3013 222 3068 est
241 3005 344 3086 justus
367 3003 432 3084 ejus
455 3002 551 3077 situs,
589 2995 704 3086 eritqire
727 3012 826 3066 motus
849 3003 960 3085 aphelii
986 3002 1118 3084 spiralis,
1140 3011 1175 3065 ut
1192 3003 1270 3065 infra
1288 3024 1352 3084 cap.
1369 3005 1516 3069 LXVHL

174 3095 269 3157 etiam
296 3094 335 3156 de
365 3099 448 3156 motu
478 3092 700 3174 praecessionis
730 3093 985 3174 aequinoctiorum
1017 3091 1054 3154 ob
1084 3109 1206 3153 causam
1237 3091 1329 3154 aliam
1356 3093 1516 3155 existentis

173 3182 301 3265 patebit.
346 3180 482 3244 Directic
511 3183 603 3262 igitur
625 3181 692 3244 axis
715 3181 876 3262 magnetici
899 3181 1039 3244 insitum
1060 3179 1253 3262 parallelum,
1277 3199 1330 3242 seu
1353 3180 1410 3256 vis,
1433 3181 1516 3244 illius

174 3279 289 3346 custos,
311 3291 370 3334 non
392 3270 534 3351 respiciet
555 3271 632 3335 lixas
654 3272 710 3334 has
732 3271 782 3332 vel
804 3270 888 3345 illas,
912 3271 967 3332 sed
988 3276 1105 3332 tantum
1128 3269 1218 3332 situm
1242 3269 1289 3332 sui
1311 3270 1458 3350 corporis,
1482 3278 1516 3333 nt

172 3363 202 3425 is
229 3367 281 3423 est
306 3360 438 3442 quolibet
465 3368 608 3442 tempore.
659 3360 701 3422 lto
726 3379 758 3421 re
776 3351 962 3439 'simpliciter
988 3376 1153 3441 perpensa,
1192 3358 1260 3439 quia
1289 3358 1415 3421 directio
1439 3359 1514 3422 haec

173 3449 270 3532 quieti
292 3448 415 3512 similior
438 3457 487 3511 est
507 3469 597 3532 quam
618 3449 722 3526 motui,
745 3451 777 3512 in
793 3449 920 3512 materia
942 3448 1029 3530 inque
1046 3446 1179 3526 corporis
1194 3445 1389 3527 dispositione
1403 3448 1515 3530 potiori

168 3540 239 3620 jure
263 3539 425 3620 quaeritm‚
449 3557 537 3619 quam
559 3539 590 3602 in
612 3539 714 3620 aliqua
735 3545 844 3600 mente.

264 3628 332 3708 Age
355 3645 436 3699 vero,
458 3628 635 3691 arctioribus
664 3627 803 3707 vestigiis
833 3643 1047 3707 persequamur
1069 3625 1145 3687 hanc
1172 3623 1396 3688 similitudinem
1418 3625 1513 3690 libra-

174 3718 269 3782 tionis
300 3716 488 3798 plauetariae
511 3735 577 3780 cum
606 3725 688 3780 motu
717 3715 884 3796 magnetis,
914 3715 1002 3796 idque
1033 3715 1285 3776 demomtratione
1316 3714 1515 3796 pulcherrima

173 3805 375 3888 geometrica:
398 3813 432 3869 ut
454 3811 608 3887 appareat,
631 3815 788 3887 magnetes
810 3805 902 3868 talem
924 3804 1033 3866 habere
1055 3810 1177 3878 motum,
1200 3803 1318 3886 qualem
1341 3804 1370 3866 in
1392 3797 1515 3885 planeta

173 3895 433 3978 deprehendimus.
480 3895 529 3960 Sit
550 3895 636 3960 ΒΕΑ
658 3901 723 3972 (lig.
743 3899 806 3966 114)
829 3895 878 3956 vel
900 3911 1022 3973 magnes
1050 3891 1194 3956 rotundus
1216 3893 1266 3954 vel
1288 3893 1385 3976 ipsum
1407 3913 1513 3976 corpus

173 3986 307 4052 Martis:
339 3986 398 4048 DA
421 3985 516 4060 linea,
540 3985 700 4048 secuudum
724 4003 811 4066 quam
833 3982 993 4064 porrigitur
1022 3981 1118 4045 virtus
1149 3982 1334 4062 magnetica:
1370 3983 1399 4045 D
1424 3983 1512 4064 polus

174 4073 258 4140 Solis
281 4082 446 4154 appetens,
476 4075 507 4137 A
528 4074 615 4155 polus
642 4095 662 4136 a
683 4073 756 4140 Sole
785 4074 911 4154 fugiens.
961 4069 1093 4134 Ριίιιιιιιιι
1122 4070 1255 4145 notabis,
1290 4070 1370 4133 idem
1391 4091 1459 4135 esse
1482 4071 1514 4134 in

174 4165 232 4228 hac
262 4163 483 4245 speculatione,
517 4163 581 4226 sive
613 4163 834 4226 consideremus
865 4162 1014 4240 integrum
1035 4161 1157 4240 globum
1183 4158 1318 4240 corporis
1341 4161 1512 4242 magnetici,

174 4253 238 4317 sire
262 4271 352 4316 unam
376 4251 472 4315 sclam
494 4252 559 4333 ejus
582 4251 690 4315 lineam
714 4251 869 4334 physicam
892 4248 1014 4312 virtutis
1037 4249 1095 4329 ipsi
1116 4249 1177 4314 DA
1197 4249 1375 4330 parallelon.

265 4341 342 4408 cnm
368 4340 448 4404 enim
478 4341 575 4404 virtus
604 4341 679 4404 haec
700 4340 872 4421 magnetica
894 4337 935 4400 sit
957 4339 1121 4417 corporalis
1144 4345 1264 4400 etcum
1286 4356 1409 4418 corpore
1433 4337 1512 4401 divi-

176 4432 244 4508 dua,
268 4439 303 4495 ut
316 4429 459 4512 probavit
472 4429 678 4494 Gilbertus
691 4430 820 4510 Auglus,
844 4430 880 4492 B.
896 4423 1063 4502 Porta'')
1086 4433 1118 4488 et
1130 4425 1183 4490 alii
1190 4447 1200 4504 3
1222 4433 1303 4488 certe
1322 4425 1391 4508 quia
1405 4427 1513 4508 globus

175 4529 300 4586 constat
331 4539 369 4582 ex
395 4519 520 4584 infinitis
543 4519 629 4602 qnasi
650 4518 739 4581 lineis
759 4517 894 4599 physicis
915 4514 974 4596 ipsi
994 4516 1061 4579 DA
1077 4515 1249 4597 parallelis,
1272 4535 1397 4597 quarum
1418 4517 1514 4580 virtus

175 4611 207 4673 iu
227 4620 344 4674 rectum
367 4617 400 4672 et
420 4628 510 4672 unam
531 4609 633 4672 mundi
653 4607 776 4690 plagam
798 4604 977 4680 extenditur,
1001 4605 1038 4666 de
1062 4603 1189 4685 singulis
1211 4605 1338 4668 seorsim
1359 4605 1440 4670 idem
1455 4607 1515 4668 erit

171 4699 318 4778 judicium
348 4697 430 4760 circa
460 4696 637 4780 qualitatem
658 4703 775 4772 motus,
808 4695 886 4778 qnod
908 4700 956 4756 est
978 4693 1015 4756 de
1038 4693 1187 4757 universis
1209 4693 1389 4773 conjunctim
1412 4703 1444 4758 et
1465 4695 1514 4756 ri-

175 4787 272 4852 cisim.
324 4786 373 4851 Sit
404 4804 476 4866 ergo
502 4787 569 4848 loco
591 4785 685 4848 totius
707 4784 842 4865 corporis
865 4782 1050 4865 omniumque
1074 4783 1139 4863 cJus
1161 4781 1378 4847 ilementorum
1399 4785 1515 4848 medius

176 4877 244 4941 axis
267 4877 327 4940 DA
349 4874 390 4938 ad
412 4875 623 4956 speculandum
645 4873 826 4956 propositus.
872 4874 1029 4936 Bisecetur
1051 4871 1111 4934 DA
1134 4870 1165 4934 iu
1186 4871 1212 4934 B
1237 4880 1269 4934 et
1290 4873 1349 4954 ipsi
1363 4875 1422 4939 DA
1444 4891 1516 4957 per·
1577 4895 1581 4910 ¹
