<?xml version="1.0" encoding="UTF-8"?>
<!DOCTYPE html PUBLIC "-//W3C//DTD XHTML 1.0 Transitional//EN"
    "http://www.w3.org/TR/xhtml1/DTD/xhtml1-transitional.dtd">
<html xmlns="http://www.w3.org/1999/xhtml" xml:lang="en" lang="en">
 <head>
  <title>
</title>
<meta http-equiv="Content-Type" content="text/html;charset=utf-8" />
  <meta name='ocr-system' content='tesseract 3.04.00' />
  <meta name='ocr-capabilities' content='ocr_page ocr_carea ocr_par ocr_line ocrx_word'/>
</head>
<body>
  <div class='ocr_page' id='page_1' title='image "./joanniskepleria28frisgoog_0343.png"; bbox 0 0 3674 5532; ppageno 0'>
   <div class='ocr_carea' id='block_1_1' title="bbox 319 309 1187 406">
    <p class='ocr_par' dir='ltr' id='par_1_1' title="bbox 319 309 1187 406">
     <span class='ocr_line' id='line_1_1' title="bbox 319 309 1187 406; baseline -0.023 -23"><span class='ocrx_word' id='word_1_1' title='bbox 319 313 384 383; x_wconf 78' lang='grc'><strong>324</strong></span> <span class='ocrx_word' id='word_1_2' title='bbox 801 315 842 368; x_wconf 82' lang='lat' dir='ltr'><strong>De</strong></span> <span class='ocrx_word' id='word_1_3' title='bbox 858 315 970 368; x_wconf 85' lang='lat' dir='ltr'>Motibus</span> <span class='ocrx_word' id='word_1_4' title='bbox 988 313 1082 366; x_wconf 83' lang='lat' dir='ltr'>Stellas</span> <span class='ocrx_word' id='word_1_5' title='bbox 1098 309 1187 406; x_wconf 75' lang='lat' dir='ltr'>Martis</span> 
     </span>
    </p>
   </div>
   <div class='ocr_carea' id='block_1_2' title="bbox 319 489 1674 843">
    <p class='ocr_par' dir='ltr' id='par_1_2' title="bbox 319 489 1674 843">
     <span class='ocr_line' id='line_1_2' title="bbox 406 489 1671 570; baseline -0.005 -11"><span class='ocrx_word' id='word_1_6' title='bbox 406 497 503 559; x_wconf 85' lang='lat' dir='ltr'>Porro</span> <span class='ocrx_word' id='word_1_7' title='bbox 526 493 631 556; x_wconf 87' lang='lat' dir='ltr'>eadem</span> <span class='ocrx_word' id='word_1_8' title='bbox 655 493 770 558; x_wconf 85' lang='grc'><strong>6661666</strong></span> <span class='ocrx_word' id='word_1_9' title='bbox 786 495 1016 570; x_wconf 88' lang='lat' dir='ltr'>demonstratur,</span> <span class='ocrx_word' id='word_1_10' title='bbox 1037 494 1128 556; x_wconf 85' lang='lat' dir='ltr'>etiam</span> <span class='ocrx_word' id='word_1_11' title='bbox 1144 493 1192 566; x_wconf 88' lang='grc'><strong>(66</strong></span> <span class='ocrx_word' id='word_1_12' title='bbox 1214 491 1270 556; x_wconf 91' lang='lat' dir='ltr'>lroc</span> <span class='ocrx_word' id='word_1_13' title='bbox 1293 491 1390 556; x_wconf 86' lang='lat' dir='ltr'>obiter</span> <span class='ocrx_word' id='word_1_14' title='bbox 1413 491 1536 566; x_wconf 86' lang='lat' dir='ltr'>addam)</span> <span class='ocrx_word' id='word_1_15' title='bbox 1551 489 1671 555; x_wconf 83' lang='lat' dir='ltr'>distan-</span> 
     </span>
     <span class='ocr_line' id='line_1_3' title="bbox 319 579 1674 664; baseline -0.004 -17"><span class='ocrx_word' id='word_1_16' title='bbox 319 584 380 649; x_wconf 87' lang='lat' dir='ltr'>tias</span> <span class='ocrx_word' id='word_1_17' title='bbox 403 584 442 647; x_wconf 90' lang='lat' dir='ltr'><strong>ab</strong></span> <span class='ocrx_word' id='word_1_18' title='bbox 464 585 506 656; x_wconf 86' lang='lat' dir='ltr'><strong>A,</strong></span> <span class='ocrx_word' id='word_1_19' title='bbox 529 585 747 664; x_wconf 74' lang='lat' dir='ltr'>respondentes</span> <span class='ocrx_word' id='word_1_20' title='bbox 770 585 905 648; x_wconf 86' lang='lat' dir='ltr'>omnibus</span> <span class='ocrx_word' id='word_1_21' title='bbox 929 581 994 648; x_wconf 90' lang='grc'><strong>360</strong></span> <span class='ocrx_word' id='word_1_22' title='bbox 1017 582 1161 664; x_wconf 81' lang='lat' dir='ltr'>gradibus</span> <span class='ocrx_word' id='word_1_23' title='bbox 1190 582 1318 662; x_wconf 74' lang='lat' dir='ltr'><strong>integris</strong></span> <span class='ocrx_word' id='word_1_24' title='bbox 1339 581 1440 662; x_wconf 86' lang='lat' dir='ltr'>anguli</span> <span class='ocrx_word' id='word_1_25' title='bbox 1463 579 1502 642; x_wconf 89' lang='grc'><strong>66</strong></span> <span class='ocrx_word' id='word_1_26' title='bbox 1525 579 1556 642; x_wconf 90' lang='lat' dir='ltr'><strong>A</strong></span> <span class='ocrx_word' id='word_1_27' title='bbox 1579 583 1674 661; x_wconf 87' lang='grc'><strong>(6666</strong></span> 
     </span>
     <span class='ocr_line' id='line_1_4' title="bbox 320 671 1673 752; baseline -0.006 -15"><span class='ocrx_word' id='word_1_28' title='bbox 320 683 390 737; x_wconf 87' lang='lat' dir='ltr'>sunt</span> <span class='ocrx_word' id='word_1_29' title='bbox 412 673 443 736; x_wconf 92' lang='lat' dir='ltr'><strong>in</strong></span> <span class='ocrx_word' id='word_1_30' title='bbox 474 673 620 752; x_wconf 76' lang='lat' dir='ltr'>superiori</span> <span class='ocrx_word' id='word_1_31' title='bbox 645 671 754 752; x_wconf 90' lang='lat' dir='ltr'>capitis</span> <span class='ocrx_word' id='word_1_32' title='bbox 776 673 883 736; x_wconf 89' lang='lat' dir='ltr'>XXX.</span> <span class='ocrx_word' id='word_1_33' title='bbox 907 673 1046 746; x_wconf 88' lang='lat' dir='ltr'>tabula),</span> <span class='ocrx_word' id='word_1_34' title='bbox 1078 672 1222 735; x_wconf 87' lang='lat' dir='ltr'>collectas</span> <span class='ocrx_word' id='word_1_35' title='bbox 1248 672 1282 734; x_wconf 94' lang='lat' dir='ltr'><strong>in</strong></span> <span class='ocrx_word' id='word_1_36' title='bbox 1308 689 1398 732; x_wconf 88' lang='grc'><strong>6666</strong></span> <span class='ocrx_word' id='word_1_37' title='bbox 1427 687 1573 734; x_wconf 88' lang='lat' dir='ltr'>sommam</span> <span class='ocrx_word' id='word_1_38' title='bbox 1603 685 1673 732; x_wconf 89' lang='lat' dir='ltr'>esse</span> 
     </span>
     <span class='ocr_line' id='line_1_5' title="bbox 319 757 1673 843; baseline -0.003 -18"><span class='ocrx_word' id='word_1_39' title='bbox 319 763 449 825; x_wconf 89' lang='lat' dir='ltr'>minores</span> <span class='ocrx_word' id='word_1_40' title='bbox 473 780 567 843; x_wconf 83' lang='lat' dir='ltr'>quam</span> <span class='ocrx_word' id='word_1_41' title='bbox 587 757 772 826; x_wconf 88' lang='grc'><strong>36000000.</strong></span> <span class='ocrx_word' id='word_1_42' title='bbox 812 761 995 838; x_wconf 78' lang='lat' dir='ltr'>Traiiciatur</span> <span class='ocrx_word' id='word_1_43' title='bbox 1018 761 1097 824; x_wconf 88' lang='lat' dir='ltr'>enim</span> <span class='ocrx_word' id='word_1_44' title='bbox 1119 779 1173 840; x_wconf 89' lang='lat' dir='ltr'><strong>per</strong></span> <span class='ocrx_word' id='word_1_45' title='bbox 1195 761 1224 823; x_wconf 90' lang='lat' dir='ltr'><strong>A</strong></span> <span class='ocrx_word' id='word_1_46' title='bbox 1247 769 1390 842; x_wconf 92' lang='lat' dir='ltr'>punctum</span> <span class='ocrx_word' id='word_1_47' title='bbox 1413 767 1496 822; x_wconf 90' lang='lat' dir='ltr'>recta</span> <span class='ocrx_word' id='word_1_48' title='bbox 1518 777 1673 840; x_wconf 85' lang='grc'><strong>6666666-</strong></span> 
     </span>
    </p>
   </div>
   <div class='ocr_carea' id='block_1_3' title="bbox 186 847 1674 934">
    <p class='ocr_par' dir='ltr' id='par_1_3' title="bbox 186 847 1674 934">
     <span class='ocr_line' id='line_1_6' title="bbox 186 847 1674 934; baseline -0.005 -19"><span class='ocrx_word' id='word_1_49' title='bbox 186 897 189 904; x_wconf 66' lang='grc'><strong>.</strong></span> <span class='ocrx_word' id='word_1_50' title='bbox 320 871 386 934; x_wconf 90' lang='grc'><strong>666,</strong></span> <span class='ocrx_word' id='word_1_51' title='bbox 410 859 533 930; x_wconf 89' lang='lat' dir='ltr'>praeter</span> <span class='ocrx_word' id='word_1_52' title='bbox 555 848 632 926; x_wconf 80' lang='lat' dir='ltr'>Dc,</span> <span class='ocrx_word' id='word_1_53' title='bbox 658 868 734 932; x_wconf 91' lang='lat' dir='ltr'>quae</span> <span class='ocrx_word' id='word_1_54' title='bbox 758 851 799 912; x_wconf 90' lang='lat' dir='ltr'><strong>sit</strong></span> <span class='ocrx_word' id='word_1_55' title='bbox 820 849 899 926; x_wconf 67' lang='grc' dir='ltr'><strong>ΕΒ,</strong></span> <span class='ocrx_word' id='word_1_56' title='bbox 931 858 963 912; x_wconf 90' lang='grc'><strong>66</strong></span> <span class='ocrx_word' id='word_1_57' title='bbox 985 857 1202 913; x_wconf 90' lang='lat' dir='ltr'>connectantur</span> <span class='ocrx_word' id='word_1_58' title='bbox 1222 850 1264 925; x_wconf 87' lang='grc' dir='ltr'><strong>Ε,</strong></span> <span class='ocrx_word' id='word_1_59' title='bbox 1288 850 1318 912; x_wconf 88' lang='lat' dir='ltr'><strong>V</strong></span> <span class='ocrx_word' id='word_1_60' title='bbox 1341 869 1408 911; x_wconf 91' lang='lat' dir='ltr'>curu</span> <span class='ocrx_word' id='word_1_61' title='bbox 1431 849 1466 910; x_wconf 91' lang='grc' dir='ltr'><strong>Β.</strong></span> <span class='ocrx_word' id='word_1_62' title='bbox 1512 849 1611 910; x_wconf 79' lang='lat' dir='ltr'>Erunt</span> <span class='ocrx_word' id='word_1_63' title='bbox 1642 847 1674 909; x_wconf 95' lang='lat' dir='ltr'><strong>ln</strong></span> 
     </span>
    </p>
   </div>
   <div class='ocr_carea' id='block_1_4' title="bbox 320 936 1675 1108">
    <p class='ocr_par' dir='ltr' id='par_1_4' title="bbox 320 936 1675 1108">
     <span class='ocr_line' id='line_1_7' title="bbox 320 936 1674 1020; baseline -0.004 -18"><span class='ocrx_word' id='word_1_64' title='bbox 320 941 471 1020; x_wconf 81' lang='lat' dir='ltr'>triangulo</span> <span class='ocrx_word' id='word_1_65' title='bbox 494 937 591 1001; x_wconf 83' lang='lat' dir='ltr'><strong>ERV</strong></span> <span class='ocrx_word' id='word_1_66' title='bbox 622 947 726 1000; x_wconf 83' lang='lat' dir='ltr'>rectae</span> <span class='ocrx_word' id='word_1_67' title='bbox 756 941 828 1014; x_wconf 92' lang='grc' dir='ltr'><strong>ΕΒ,</strong></span> <span class='ocrx_word' id='word_1_68' title='bbox 859 939 924 1002; x_wconf 81' lang='lat' dir='ltr'><strong>BV</strong></span> <span class='ocrx_word' id='word_1_69' title='bbox 952 939 1077 1018; x_wconf 88' lang='lat' dir='ltr'>junctae</span> <span class='ocrx_word' id='word_1_70' title='bbox 1112 938 1263 1018; x_wconf 75' lang='lat' dir='ltr'>longiores</span> <span class='ocrx_word' id='word_1_71' title='bbox 1296 957 1384 1020; x_wconf 91' lang='lat' dir='ltr'>qnam</span> <span class='ocrx_word' id='word_1_72' title='bbox 1407 937 1481 1013; x_wconf 80' lang='lat' dir='ltr'><strong>EA,</strong></span> <span class='ocrx_word' id='word_1_73' title='bbox 1505 936 1573 998; x_wconf 86' lang='lat' dir='ltr'><strong>AV</strong></span> <span class='ocrx_word' id='word_1_74' title='bbox 1595 937 1674 998; x_wconf 87' lang='lat' dir='ltr'>dnae</span> 
     </span>
     <span class='ocr_line' id='line_1_8' title="bbox 322 1019 1675 1108; baseline -0.003 -16"><span class='ocrx_word' id='word_1_75' title='bbox 322 1028 486 1092; x_wconf 74' lang='lat' dir='ltr'>distantiae</span> <span class='ocrx_word' id='word_1_76' title='bbox 506 1027 674 1108; x_wconf 86' lang='lat' dir='ltr'>oppositae.</span> <span class='ocrx_word' id='word_1_77' title='bbox 712 1026 774 1090; x_wconf 89' lang='lat' dir='ltr'><strong>Sed</strong></span> <span class='ocrx_word' id='word_1_78' title='bbox 797 1027 866 1102; x_wconf 91' lang='grc' dir='ltr'><strong>ΕΒ,</strong></span> <span class='ocrx_word' id='word_1_79' title='bbox 890 1027 954 1091; x_wconf 89' lang='lat' dir='ltr'><strong>BV</strong></span> <span class='ocrx_word' id='word_1_80' title='bbox 977 1047 1079 1090; x_wconf 89' lang='lat' dir='ltr'>omnes</span> <span class='ocrx_word' id='word_1_81' title='bbox 1094 1023 1159 1092; x_wconf 91' lang='grc'><strong>360</strong></span> <span class='ocrx_word' id='word_1_82' title='bbox 1173 1027 1319 1090; x_wconf 88' lang='grc'><strong>661166666</strong></span> <span class='ocrx_word' id='word_1_83' title='bbox 1343 1027 1458 1089; x_wconf 83' lang='lat' dir='ltr'>iaciunt</span> <span class='ocrx_word' id='word_1_84' title='bbox 1487 1019 1675 1100; x_wconf 87' lang='grc'><strong>36000000,</strong></span> 
     </span>
    </p>
   </div>
   <div class='ocr_carea' id='block_1_5' title="bbox 212 1111 1641 1198">
    <p class='ocr_par' dir='ltr' id='par_1_5' title="bbox 212 1111 1641 1198">
     <span class='ocr_line' id='line_1_9' title="bbox 212 1111 1641 1198; baseline 0 -18"><span class='ocrx_word' id='word_1_85' title='bbox 212 1121 216 1132; x_wconf 88' lang='grc'><em>“</em></span> <span class='ocrx_word' id='word_1_86' title='bbox 323 1135 394 1198; x_wconf 84' lang='lat' dir='ltr'>ergo</span> <span class='ocrx_word' id='word_1_87' title='bbox 417 1117 489 1191; x_wconf 85' lang='lat' dir='ltr'><strong>EA,</strong></span> <span class='ocrx_word' id='word_1_88' title='bbox 513 1117 583 1179; x_wconf 86' lang='lat' dir='ltr'><strong>AV</strong></span> <span class='ocrx_word' id='word_1_89' title='bbox 605 1133 708 1178; x_wconf 87' lang='lat' dir='ltr'>omnes</span> <span class='ocrx_word' id='word_1_90' title='bbox 732 1113 797 1181; x_wconf 89' lang='grc'><strong>360</strong></span> <span class='ocrx_word' id='word_1_91' title='bbox 820 1118 967 1180; x_wconf 81' lang='lat' dir='ltr'>collectae</span> <span class='ocrx_word' id='word_1_92' title='bbox 992 1118 1104 1180; x_wconf 89' lang='lat' dir='ltr'>facient</span> <span class='ocrx_word' id='word_1_93' title='bbox 1126 1117 1223 1179; x_wconf 92' lang='lat' dir='ltr'>minus</span> <span class='ocrx_word' id='word_1_94' title='bbox 1237 1135 1334 1197; x_wconf 77' lang='lat' dir='ltr'>&#39;quam</span> <span class='ocrx_word' id='word_1_95' title='bbox 1358 1111 1545 1180; x_wconf 88' lang='grc'><strong>36000000.</strong></span> <span class='ocrx_word' id='word_1_96' title='bbox 1638 1173 1641 1180; x_wconf 89' lang='grc'><strong>,</strong></span> 
     </span>
    </p>
   </div>
   <div class='ocr_carea' id='block_1_6' title="bbox 322 1201 1708 2923">
    <p class='ocr_par' dir='ltr' id='par_1_6' title="bbox 322 1201 1679 1990">
     <span class='ocr_line' id='line_1_10' title="bbox 409 1201 1677 1288; baseline -0.004 -19"><span class='ocrx_word' id='word_1_97' title='bbox 409 1205 454 1270; x_wconf 90' lang='lat' dir='ltr'><strong>Ut</strong></span> <span class='ocrx_word' id='word_1_98' title='bbox 476 1205 568 1285; x_wconf 85' lang='lat' dir='ltr'>igitur</span> <span class='ocrx_word' id='word_1_99' title='bbox 589 1214 742 1284; x_wconf 78' lang='lat' dir='ltr'>repetam,</span> <span class='ocrx_word' id='word_1_100' title='bbox 775 1207 935 1288; x_wconf 88' lang='lat' dir='ltr'>quaejam</span> <span class='ocrx_word' id='word_1_101' title='bbox 959 1215 1029 1270; x_wconf 90' lang='lat' dir='ltr'>snut</span> <span class='ocrx_word' id='word_1_102' title='bbox 1052 1207 1151 1279; x_wconf 88' lang='lat' dir='ltr'>dicte,</span> <span class='ocrx_word' id='word_1_103' title='bbox 1183 1207 1258 1267; x_wconf 86' lang='lat' dir='ltr'>haec</span> <span class='ocrx_word' id='word_1_104' title='bbox 1282 1206 1489 1286; x_wconf 88' lang='lat' dir='ltr'>aequationem</span> <span class='ocrx_word' id='word_1_105' title='bbox 1516 1201 1677 1265; x_wconf 82' lang='grc'><strong>6666166666</strong></span> 
     </span>
     <span class='ocr_line' id='line_1_11' title="bbox 323 1291 1675 1376; baseline -0.007 -17"><span class='ocrx_word' id='word_1_106' title='bbox 323 1295 622 1376; x_wconf 86' lang='lat' dir='ltr'>compendiosissime</span> <span class='ocrx_word' id='word_1_107' title='bbox 636 1295 754 1375; x_wconf 92' lang='lat' dir='ltr'>quidem</span> <span class='ocrx_word' id='word_1_108' title='bbox 778 1303 835 1366; x_wconf 88' lang='grc'><strong>666,</strong></span> <span class='ocrx_word' id='word_1_109' title='bbox 860 1305 890 1357; x_wconf 86' lang='grc'><strong>66</strong></span> <span class='ocrx_word' id='word_1_110' title='bbox 914 1295 1101 1358; x_wconf 86' lang='lat' dir='ltr'>naturalibus</span> <span class='ocrx_word' id='word_1_111' title='bbox 1125 1305 1257 1357; x_wconf 90' lang='lat' dir='ltr'>motuum</span> <span class='ocrx_word' id='word_1_112' title='bbox 1281 1294 1382 1356; x_wconf 88' lang='lat' dir='ltr'>causis</span> <span class='ocrx_word' id='word_1_113' title='bbox 1405 1295 1550 1357; x_wconf 88' lang='lat' dir='ltr'>hactenus</span> <span class='ocrx_word' id='word_1_114' title='bbox 1574 1291 1675 1372; x_wconf 89' lang='lat' dir='ltr'>expli-</span> 
     </span>
     <span class='ocr_line' id='line_1_12' title="bbox 323 1380 1678 1464; baseline -0.005 -16"><span class='ocrx_word' id='word_1_115' title='bbox 323 1385 400 1448; x_wconf 80' lang='lat' dir='ltr'>catis</span> <span class='ocrx_word' id='word_1_116' title='bbox 422 1383 570 1456; x_wconf 85' lang='lat' dir='ltr'>inuititur,</span> <span class='ocrx_word' id='word_1_117' title='bbox 594 1383 755 1445; x_wconf 89' lang='grc'><strong>6666616</strong></span> <span class='ocrx_word' id='word_1_118' title='bbox 779 1385 899 1446; x_wconf 88' lang='lat' dir='ltr'>theoria</span> <span class='ocrx_word' id='word_1_119' title='bbox 922 1383 1004 1447; x_wconf 88' lang='lat' dir='ltr'>Solis</span> <span class='ocrx_word' id='word_1_120' title='bbox 1027 1384 1075 1445; x_wconf 87' lang='lat' dir='ltr'><strong>rel</strong></span> <span class='ocrx_word' id='word_1_121' title='bbox 1100 1386 1211 1446; x_wconf 80' lang='lat' dir='ltr'><strong>Terrae</strong></span> <span class='ocrx_word' id='word_1_122' title='bbox 1242 1383 1498 1464; x_wconf 83' lang='lat' dir='ltr'>scrupulosissime</span> <span class='ocrx_word' id='word_1_123' title='bbox 1523 1380 1678 1444; x_wconf 84' lang='lat' dir='ltr'>satisfacit</span> 
     </span>
     <span class='ocr_line' id='line_1_13' title="bbox 324 1473 1677 1554; baseline -0.005 -18"><span class='ocrx_word' id='word_1_124' title='bbox 324 1474 506 1549; x_wconf 87' lang='lat' dir='ltr'>observatis,</span> <span class='ocrx_word' id='word_1_125' title='bbox 522 1473 576 1535; x_wconf 91' lang='lat' dir='ltr'><strong>sed</strong></span> <span class='ocrx_word' id='word_1_126' title='bbox 587 1474 728 1535; x_wconf 90' lang='lat' dir='ltr'>tamenin</span> <span class='ocrx_word' id='word_1_127' title='bbox 740 1474 986 1554; x_wconf 89' lang='lat' dir='ltr'>duobuspeccet:</span> <span class='ocrx_word' id='word_1_128' title='bbox 1004 1474 1110 1554; x_wconf 90' lang='lat' dir='ltr'>primo,</span> <span class='ocrx_word' id='word_1_129' title='bbox 1123 1474 1295 1554; x_wconf 88' lang='lat' dir='ltr'>quodpnnit</span> <span class='ocrx_word' id='word_1_130' title='bbox 1311 1473 1439 1534; x_wconf 88' lang='lat' dir='ltr'>orbitam</span> <span class='ocrx_word' id='word_1_131' title='bbox 1454 1473 1594 1551; x_wconf 89' lang='grc'><strong>61666666</strong></span> <span class='ocrx_word' id='word_1_132' title='bbox 1605 1487 1677 1530; x_wconf 82' lang='lat' dir='ltr'>ease</span> 
     </span>
     <span class='ocr_line' id='line_1_14' title="bbox 322 1559 1677 1644; baseline -0.003 -20"><span class='ocrx_word' id='word_1_133' title='bbox 322 1563 489 1644; x_wconf 81' lang='lat' dir='ltr'>perlectum</span> <span class='ocrx_word' id='word_1_134' title='bbox 504 1561 660 1636; x_wconf 84' lang='lat' dir='ltr'>circulum,</span> <span class='ocrx_word' id='word_1_135' title='bbox 687 1563 766 1642; x_wconf 92' lang='grc'><strong>6666</strong></span> <span class='ocrx_word' id='word_1_136' title='bbox 784 1581 886 1626; x_wconf 88' lang='lat' dir='ltr'>verum</span> <span class='ocrx_word' id='word_1_137' title='bbox 910 1583 968 1625; x_wconf 89' lang='grc'><strong>666</strong></span> <span class='ocrx_word' id='word_1_138' title='bbox 987 1570 1055 1623; x_wconf 88' lang='grc'><strong>6666</strong></span> <span class='ocrx_word' id='word_1_139' title='bbox 1081 1563 1158 1624; x_wconf 84' lang='lat' dir='ltr'>infre</span> <span class='ocrx_word' id='word_1_140' title='bbox 1172 1561 1427 1625; x_wconf 74' lang='lat' dir='ltr'>demonstrabitur</span> <span class='ocrx_word' id='word_1_141' title='bbox 1455 1577 1520 1640; x_wconf 89' lang='lat' dir='ltr'>cap.</span> <span class='ocrx_word' id='word_1_142' title='bbox 1550 1559 1677 1633; x_wconf 75' lang='lat' dir='ltr'>XLIV5</span> 
     </span>
     <span class='ocr_line' id='line_1_15' title="bbox 324 1642 1677 1732; baseline -0.002 -25"><span class='ocrx_word' id='word_1_143' title='bbox 324 1651 432 1721; x_wconf 84' lang='lat' dir='ltr'>(Posito</span> <span class='ocrx_word' id='word_1_144' title='bbox 458 1651 584 1724; x_wconf 80' lang='lat' dir='ltr'>elliptica</span> <span class='ocrx_word' id='word_1_145' title='bbox 610 1652 702 1707; x_wconf 81' lang='lat' dir='ltr'>arbita</span> <span class='ocrx_word' id='word_1_146' title='bbox 720 1655 854 1724; x_wconf 88' lang='lat' dir='ltr'>planetae</span> <span class='ocrx_word' id='word_1_147' title='bbox 879 1653 947 1732; x_wconf 81' lang='lat' dir='ltr'>nilril</span> <span class='ocrx_word' id='word_1_148' title='bbox 975 1661 1072 1724; x_wconf 92' lang='grc'><strong>666666</strong></span> <span class='ocrx_word' id='word_1_149' title='bbox 1098 1653 1170 1724; x_wconf 77' lang='grc'><strong>16666</strong></span> <span class='ocrx_word' id='word_1_150' title='bbox 1192 1653 1346 1710; x_wconf 85' lang='lat' dir='ltr'>methodus.</span> <span class='ocrx_word' id='word_1_151' title='bbox 1386 1653 1462 1707; x_wconf 87' lang='lat' dir='ltr'>Nota</span> <span class='ocrx_word' id='word_1_152' title='bbox 1481 1667 1550 1723; x_wconf 75' lang='lat' dir='ltr'>ergo</span> <span class='ocrx_word' id='word_1_153' title='bbox 1574 1642 1677 1716; x_wconf 87' lang='lat' dir='ltr'>iliam.)</span> 
     </span>
     <span class='ocr_line' id='line_1_16' title="bbox 325 1731 1679 1812; baseline -0.001 -18"><span class='ocrx_word' id='word_1_154' title='bbox 325 1731 467 1806; x_wconf 90' lang='grc'><strong>6666666,</strong></span> <span class='ocrx_word' id='word_1_155' title='bbox 490 1731 569 1812; x_wconf 89' lang='grc'><strong>6666</strong></span> <span class='ocrx_word' id='word_1_156' title='bbox 591 1731 683 1810; x_wconf 89' lang='grc'><strong>61666</strong></span> <span class='ocrx_word' id='word_1_157' title='bbox 702 1733 795 1794; x_wconf 87' lang='grc'><strong>661666</strong></span> <span class='ocrx_word' id='word_1_158' title='bbox 818 1751 875 1793; x_wconf 92' lang='grc'><strong>666</strong></span> <span class='ocrx_word' id='word_1_159' title='bbox 892 1741 997 1794; x_wconf 79' lang='lat' dir='ltr'>ennete</span> <span class='ocrx_word' id='word_1_160' title='bbox 1012 1732 1155 1794; x_wconf 78' lang='lat' dir='ltr'>metiente</span> <span class='ocrx_word' id='word_1_161' title='bbox 1170 1731 1332 1794; x_wconf 77' lang='lat' dir='ltr'>distantias</span> <span class='ocrx_word' id='word_1_162' title='bbox 1356 1731 1483 1793; x_wconf 91' lang='lat' dir='ltr'>omnium</span> <span class='ocrx_word' id='word_1_163' title='bbox 1501 1737 1679 1812; x_wconf 84' lang='lat' dir='ltr'>punctorum</span> 
     </span>
     <span class='ocr_line' id='line_1_17' title="bbox 326 1816 1677 1900; baseline -0.004 -17"><span class='ocrx_word' id='word_1_164' title='bbox 326 1819 455 1884; x_wconf 84' lang='lat' dir='ltr'>aSole:</span> <span class='ocrx_word' id='word_1_165' title='bbox 490 1837 613 1899; x_wconf 82' lang='lat' dir='ltr'>quornm</span> <span class='ocrx_word' id='word_1_166' title='bbox 646 1829 745 1882; x_wconf 87' lang='lat' dir='ltr'>tamen</span> <span class='ocrx_word' id='word_1_167' title='bbox 769 1839 928 1883; x_wconf 89' lang='lat' dir='ltr'>causarum</span> <span class='ocrx_word' id='word_1_168' title='bbox 961 1822 1058 1884; x_wconf 87' lang='lat' dir='ltr'>altera</span> <span class='ocrx_word' id='word_1_169' title='bbox 1087 1822 1228 1896; x_wconf 87' lang='lat' dir='ltr'>alteram,</span> <span class='ocrx_word' id='word_1_170' title='bbox 1261 1822 1340 1900; x_wconf 92' lang='lat' dir='ltr'>quod</span> <span class='ocrx_word' id='word_1_171' title='bbox 1367 1819 1502 1884; x_wconf 89' lang='lat' dir='ltr'>miraculi</span> <span class='ocrx_word' id='word_1_172' title='bbox 1531 1817 1596 1880; x_wconf 89' lang='grc'><strong>1666</strong></span> <span class='ocrx_word' id='word_1_173' title='bbox 1626 1816 1677 1895; x_wconf 73' lang='lat' dir='ltr'><strong>sit</strong></span> 
     </span>
     <span class='ocr_line' id='line_1_18' title="bbox 324 1909 1294 1990; baseline -0.001 -18"><span class='ocrx_word' id='word_1_174' title='bbox 324 1909 517 1972; x_wconf 66' lang='lat' dir='ltr'>exactissime</span> <span class='ocrx_word' id='word_1_175' title='bbox 539 1909 630 1984; x_wconf 91' lang='lat' dir='ltr'>tollit,</span> <span class='ocrx_word' id='word_1_176' title='bbox 654 1916 687 1972; x_wconf 91' lang='grc'><strong>66</strong></span> <span class='ocrx_word' id='word_1_177' title='bbox 709 1910 790 1972; x_wconf 85' lang='lat' dir='ltr'>infra</span> <span class='ocrx_word' id='word_1_178' title='bbox 812 1911 1066 1973; x_wconf 79' lang='lat' dir='ltr'>demonstrabitur</span> <span class='ocrx_word' id='word_1_179' title='bbox 1088 1910 1186 1990; x_wconf 90' lang='lat' dir='ltr'>capite</span> <span class='ocrx_word' id='word_1_180' title='bbox 1211 1909 1294 1976; x_wconf 89' lang='lat' dir='ltr'>LIX.</span> 
     </span>
    </p>

    <p class='ocr_par' dir='ltr' id='par_1_7' title="bbox 325 1996 1708 2615">
     <span class='ocr_line' id='line_1_19' title="bbox 412 1996 1678 2081; baseline -0.003 -19"><span class='ocrx_word' id='word_1_181' title='bbox 412 1998 454 2062; x_wconf 90' lang='grc' dir='ltr'><strong>Ε6</strong></span> <span class='ocrx_word' id='word_1_182' title='bbox 476 1997 547 2080; x_wconf 87' lang='grc'><strong>6616</strong></span> <span class='ocrx_word' id='word_1_183' title='bbox 568 1997 650 2060; x_wconf 86' lang='lat' dir='ltr'>haec</span> <span class='ocrx_word' id='word_1_184' title='bbox 667 2005 754 2062; x_wconf 89' lang='lat' dir='ltr'>aetas</span> <span class='ocrx_word' id='word_1_185' title='bbox 777 1999 1056 2079; x_wconf 88' lang='lat' dir='ltr'>praestantissimos</span> <span class='ocrx_word' id='word_1_186' title='bbox 1079 1999 1172 2062; x_wconf 87' lang='lat' dir='ltr'>habet</span> <span class='ocrx_word' id='word_1_187' title='bbox 1192 2007 1375 2081; x_wconf 81' lang='lat' dir='ltr'>geometras,</span> <span class='ocrx_word' id='word_1_188' title='bbox 1398 1998 1448 2079; x_wconf 91' lang='lat' dir='ltr'>qui</span> <span class='ocrx_word' id='word_1_189' title='bbox 1471 1997 1621 2061; x_wconf 89' lang='lat' dir='ltr'>interdum</span> <span class='ocrx_word' id='word_1_190' title='bbox 1646 1996 1678 2058; x_wconf 92' lang='lat' dir='ltr'><strong>in</strong></span> 
     </span>
     <span class='ocr_line' id='line_1_20' title="bbox 325 2085 1678 2169; baseline -0.003 -17"><span class='ocrx_word' id='word_1_191' title='bbox 325 2089 413 2152; x_wconf 89' lang='lat' dir='ltr'>rebus</span> <span class='ocrx_word' id='word_1_192' title='bbox 436 2105 496 2150; x_wconf 84' lang='lat' dir='ltr'><strong>uon</strong></span> <span class='ocrx_word' id='word_1_193' title='bbox 519 2085 564 2150; x_wconf 79' lang='lat' dir='ltr'><strong>ita</strong></span> <span class='ocrx_word' id='word_1_194' title='bbox 585 2087 740 2150; x_wconf 78' lang='lat' dir='ltr'>manifesti</span> <span class='ocrx_word' id='word_1_195' title='bbox 764 2107 835 2150; x_wconf 89' lang='lat' dir='ltr'>usus</span> <span class='ocrx_word' id='word_1_196' title='bbox 848 2087 1001 2151; x_wconf 85' lang='lat' dir='ltr'>desudant</span> <span class='ocrx_word' id='word_1_197' title='bbox 1024 2089 1201 2164; x_wconf 87' lang='lat' dir='ltr'>diutissime,</span> <span class='ocrx_word' id='word_1_198' title='bbox 1227 2089 1344 2169; x_wconf 89' lang='lat' dir='ltr'>appello</span> <span class='ocrx_word' id='word_1_199' title='bbox 1365 2106 1467 2150; x_wconf 91' lang='lat' dir='ltr'>omnes</span> <span class='ocrx_word' id='word_1_200' title='bbox 1484 2095 1516 2149; x_wconf 91' lang='grc'><strong>66</strong></span> <span class='ocrx_word' id='word_1_201' title='bbox 1529 2085 1678 2166; x_wconf 79' lang='lat' dir='ltr'>singulos,</span> 
     </span>
     <span class='ocr_line' id='line_1_21' title="bbox 325 2173 1680 2259; baseline -0.007 -14"><span class='ocrx_word' id='word_1_202' title='bbox 325 2186 359 2245; x_wconf 91' lang='lat' dir='ltr'><strong>ut</strong></span> <span class='ocrx_word' id='word_1_203' title='bbox 381 2176 430 2239; x_wconf 92' lang='lat' dir='ltr'>hic</span> <span class='ocrx_word' id='word_1_204' title='bbox 454 2195 502 2240; x_wconf 90' lang='lat' dir='ltr'><strong>me</strong></span> <span class='ocrx_word' id='word_1_205' title='bbox 527 2176 637 2255; x_wconf 87' lang='lat' dir='ltr'>juvent</span> <span class='ocrx_word' id='word_1_206' title='bbox 659 2176 690 2238; x_wconf 95' lang='lat' dir='ltr'><strong>in</strong></span> <span class='ocrx_word' id='word_1_207' title='bbox 717 2177 808 2256; x_wconf 92' lang='lat' dir='ltr'>plano</span> <span class='ocrx_word' id='word_1_208' title='bbox 840 2177 940 2258; x_wconf 90' lang='lat' dir='ltr'>aliquo</span> <span class='ocrx_word' id='word_1_209' title='bbox 971 2177 1163 2257; x_wconf 87' lang='lat' dir='ltr'>inquirendo,</span> <span class='ocrx_word' id='word_1_210' title='bbox 1195 2178 1274 2258; x_wconf 92' lang='grc'><strong>6666</strong></span> <span class='ocrx_word' id='word_1_211' title='bbox 1307 2177 1510 2259; x_wconf 85' lang='lat' dir='ltr'>aequipolleat</span> <span class='ocrx_word' id='word_1_212' title='bbox 1540 2173 1680 2236; x_wconf 85' lang='lat' dir='ltr'>collectis</span> 
     </span>
     <span class='ocr_line' id='line_1_22' title="bbox 326 2263 1678 2348; baseline -0.003 -18"><span class='ocrx_word' id='word_1_213' title='bbox 326 2266 476 2330; x_wconf 86' lang='lat' dir='ltr'>universis</span> <span class='ocrx_word' id='word_1_214' title='bbox 498 2264 663 2328; x_wconf 89' lang='lat' dir='ltr'>distantiis.</span> <span class='ocrx_word' id='word_1_215' title='bbox 703 2264 895 2329; x_wconf 89' lang='lat' dir='ltr'>Geometrice</span> <span class='ocrx_word' id='word_1_216' title='bbox 919 2267 1039 2347; x_wconf 91' lang='lat' dir='ltr'>quidem</span> <span class='ocrx_word' id='word_1_217' title='bbox 1062 2268 1139 2340; x_wconf 89' lang='lat' dir='ltr'>(late</span> <span class='ocrx_word' id='word_1_218' title='bbox 1162 2275 1288 2348; x_wconf 87' lang='lat' dir='ltr'>accepta</span> <span class='ocrx_word' id='word_1_219' title='bbox 1309 2271 1399 2341; x_wconf 84' lang='lat' dir='ltr'>voce)</span> <span class='ocrx_word' id='word_1_220' title='bbox 1421 2264 1535 2345; x_wconf 88' lang='grc'><strong>161666</strong></span> <span class='ocrx_word' id='word_1_221' title='bbox 1558 2263 1678 2326; x_wconf 85' lang='lat' dir='ltr'>inveni:</span> 
     </span>
     <span class='ocr_line' id='line_1_23' title="bbox 327 2353 1680 2436; baseline -0.002 -18"><span class='ocrx_word' id='word_1_222' title='bbox 327 2357 382 2418; x_wconf 90' lang='lat' dir='ltr'><strong>sed</strong></span> <span class='ocrx_word' id='word_1_223' title='bbox 412 2355 541 2416; x_wconf 86' lang='lat' dir='ltr'>doceant</span> <span class='ocrx_word' id='word_1_224' title='bbox 571 2373 620 2416; x_wconf 91' lang='lat' dir='ltr'><strong>me</strong></span> <span class='ocrx_word' id='word_1_225' title='bbox 652 2372 826 2428; x_wconf 89' lang='lat' dir='ltr'>numerare,</span> <span class='ocrx_word' id='word_1_226' title='bbox 860 2357 938 2436; x_wconf 91' lang='lat' dir='ltr'>quod</span> <span class='ocrx_word' id='word_1_227' title='bbox 963 2373 1018 2435; x_wconf 81' lang='lat' dir='ltr'><strong>ego</strong></span> <span class='ocrx_word' id='word_1_228' title='bbox 1048 2357 1229 2435; x_wconf 80' lang='lat' dir='ltr'>geometrice</span> <span class='ocrx_word' id='word_1_229' title='bbox 1261 2356 1431 2431; x_wconf 82' lang='lat' dir='ltr'>delineavi3</span> <span class='ocrx_word' id='word_1_230' title='bbox 1461 2354 1521 2416; x_wconf 90' lang='lat' dir='ltr'><strong>imc</strong></span> <span class='ocrx_word' id='word_1_231' title='bbox 1550 2353 1680 2416; x_wconf 83' lang='grc'><strong>6666666</strong></span> 
     </span>
     <span class='ocr_line' id='line_1_24' title="bbox 328 2441 1677 2525; baseline -0.005 -18"><span class='ocrx_word' id='word_1_232' title='bbox 328 2446 453 2524; x_wconf 83' lang='lat' dir='ltr'>liguram</span> <span class='ocrx_word' id='word_1_233' title='bbox 468 2444 622 2504; x_wconf 85' lang='lat' dir='ltr'>inventam</span> <span class='ocrx_word' id='word_1_234' title='bbox 640 2443 798 2521; x_wconf 84' lang='lat' dir='ltr'>quadrare.</span> <span class='ocrx_word' id='word_1_235' title='bbox 832 2443 1009 2525; x_wconf 83' lang='lat' dir='ltr'>Explicetur</span> <span class='ocrx_word' id='word_1_236' title='bbox 1022 2444 1115 2524; x_wconf 73' lang='lat' dir='ltr'>igitur</span> <span class='ocrx_word' id='word_1_237' title='bbox 1128 2445 1444 2508; x_wconf 86' lang='lat' dir='ltr'>semicircnmferentia</span> <span class='ocrx_word' id='word_1_238' title='bbox 1461 2441 1619 2517; x_wconf 72' lang='lat' dir='ltr'>GEDffig.</span> <span class='ocrx_word' id='word_1_239' title='bbox 1631 2447 1677 2512; x_wconf 79' lang='lat' dir='ltr'><strong>tl)</strong></span> 
     </span>
     <span class='ocr_line' id='line_1_25' title="bbox 587 2531 1708 2615; baseline 0.001 -23"><span class='ocrx_word' id='word_1_240' title='bbox 587 2567 590 2572; x_wconf 95' lang='lat'>-</span> <span class='ocrx_word' id='word_1_241' title='bbox 672 2532 702 2615; x_wconf 87' lang='lat' dir='ltr'><strong>in</strong></span> <span class='ocrx_word' id='word_1_242' title='bbox 717 2531 827 2594; x_wconf 89' lang='lat' dir='ltr'>lineam</span> <span class='ocrx_word' id='word_1_243' title='bbox 841 2539 963 2605; x_wconf 84' lang='lat' dir='ltr'>rectam,</span> <span class='ocrx_word' id='word_1_244' title='bbox 983 2541 1014 2594; x_wconf 90' lang='lat' dir='ltr'><strong>et</strong></span> <span class='ocrx_word' id='word_1_245' title='bbox 1028 2534 1179 2596; x_wconf 88' lang='lat' dir='ltr'>dividetur</span> <span class='ocrx_word' id='word_1_246' title='bbox 1193 2535 1223 2596; x_wconf 94' lang='lat' dir='ltr'><strong>in</strong></span> <span class='ocrx_word' id='word_1_247' title='bbox 1237 2541 1341 2614; x_wconf 86' lang='lat' dir='ltr'>partas</span> <span class='ocrx_word' id='word_1_248' title='bbox 1354 2534 1571 2612; x_wconf 75' lang='lat' dir='ltr'>totidemequct</span> <span class='ocrx_word' id='word_1_249' title='bbox 1584 2531 1679 2613; x_wconf 90' lang='lat' dir='ltr'>prius,</span> <span class='ocrx_word' id='word_1_250' title='bbox 1703 2595 1708 2604; x_wconf 77' lang='grc'><strong>,</strong></span> 
     </span>
    </p>

    <p class='ocr_par' dir='ltr' id='par_1_8' title="bbox 382 2620 1679 2923">
     <span class='ocr_line' id='line_1_26' title="bbox 671 2620 1679 2704; baseline 0.003 -23"><span class='ocrx_word' id='word_1_251' title='bbox 671 2621 792 2701; x_wconf 89' lang='lat' dir='ltr'>punctis</span> <span class='ocrx_word' id='word_1_252' title='bbox 813 2621 852 2698; x_wconf 87' lang='lat' dir='ltr'><strong>G,</strong></span> <span class='ocrx_word' id='word_1_253' title='bbox 867 2623 906 2696; x_wconf 91' lang='grc' dir='ltr'><strong>Β,</strong></span> <span class='ocrx_word' id='word_1_254' title='bbox 921 2621 959 2696; x_wconf 89' lang='grc' dir='ltr'><strong>Ε,</strong></span> <span class='ocrx_word' id='word_1_255' title='bbox 975 2623 1001 2696; x_wconf 90' lang='grc' dir='ltr'><strong>Ι,</strong></span> <span class='ocrx_word' id='word_1_256' title='bbox 1017 2623 1065 2684; x_wconf 87' lang='lat' dir='ltr'><strong>K:</strong></span> <span class='ocrx_word' id='word_1_257' title='bbox 1091 2631 1122 2684; x_wconf 92' lang='lat' dir='ltr'><strong>et</strong></span> <span class='ocrx_word' id='word_1_258' title='bbox 1138 2641 1175 2684; x_wconf 90' lang='lat' dir='ltr'><strong>ex</strong></span> <span class='ocrx_word' id='word_1_259' title='bbox 1192 2623 1312 2704; x_wconf 85' lang='lat' dir='ltr'>punctis</span> <span class='ocrx_word' id='word_1_260' title='bbox 1327 2623 1507 2686; x_wconf 86' lang='lat' dir='ltr'>divisionum</span> <span class='ocrx_word' id='word_1_261' title='bbox 1524 2620 1679 2701; x_wconf 74' lang='lat' dir='ltr'>erigantur</span> 
     </span>
     <span class='ocr_line' id='line_1_27' title="bbox 394 2709 1677 2797; baseline 0.002 -27"><span class='ocrx_word' id='word_1_262' title='bbox 394 2790 398 2797; x_wconf 30' lang='grc' dir='ltr'>Ι</span> <span class='ocrx_word' id='word_1_263' title='bbox 672 2710 935 2790; x_wconf 78' lang='lat' dir='ltr'>perpendiculares</span> <span class='ocrx_word' id='word_1_264' title='bbox 949 2711 1090 2792; x_wconf 85' lang='lat' dir='ltr'>aequales</span> <span class='ocrx_word' id='word_1_265' title='bbox 1104 2711 1188 2774; x_wconf 90' lang='lat' dir='ltr'>radio</span> <span class='ocrx_word' id='word_1_266' title='bbox 1204 2711 1272 2776; x_wconf 83' lang='lat' dir='ltr'><strong>OB:</strong></span> <span class='ocrx_word' id='word_1_267' title='bbox 1294 2719 1326 2773; x_wconf 91' lang='grc'><strong>66</strong></span> <span class='ocrx_word' id='word_1_268' title='bbox 1339 2713 1497 2775; x_wconf 87' lang='lat' dir='ltr'>claudatur</span> <span class='ocrx_word' id='word_1_269' title='bbox 1511 2709 1677 2791; x_wconf 81' lang='grc'><strong>666611616-</strong></span> 
     </span>
     <span class='ocr_line' id='line_1_28' title="bbox 382 2776 1677 2923; baseline -0.001 -62"><span class='ocrx_word' id='word_1_270' title='bbox 382 2776 567 2923; x_wconf 73' lang='lat'>¹</span> <span class='ocrx_word' id='word_1_271' title='bbox 673 2817 847 2879; x_wconf 78' lang='lat' dir='ltr'>graminum.</span> <span class='ocrx_word' id='word_1_272' title='bbox 887 2799 954 2862; x_wconf 86' lang='lat' dir='ltr'>Erit</span> <span class='ocrx_word' id='word_1_273' title='bbox 977 2801 1009 2863; x_wconf 92' lang='lat' dir='ltr'><strong>id</strong></span> <span class='ocrx_word' id='word_1_274' title='bbox 1031 2800 1152 2882; x_wconf 93' lang='lat' dir='ltr'>duplum</span> <span class='ocrx_word' id='word_1_275' title='bbox 1176 2802 1214 2864; x_wconf 89' lang='lat' dir='ltr'><strong>ad</strong></span> <span class='ocrx_word' id='word_1_276' title='bbox 1237 2801 1420 2881; x_wconf 81' lang='lat' dir='ltr'>triangulum</span> <span class='ocrx_word' id='word_1_277' title='bbox 1433 2799 1677 2873; x_wconf 89' lang='lat' dir='ltr'>Archimedenm,</span> 
     </span>
    </p>
   </div>
   <div class='ocr_carea' id='block_1_7' title="bbox 381 2882 1679 3081">
    <p class='ocr_par' dir='ltr' id='par_1_9' title="bbox 381 2882 1679 3081">
     <span class='ocr_line' id='line_1_29' title="bbox 381 2882 1679 3081; baseline 0.001 -133"><span class='ocrx_word' id='word_1_278' title='bbox 381 2882 632 3081; x_wconf 44' lang='lat' dir='ltr'><strong>..r</strong></span> <span class='ocrx_word' id='word_1_279' title='bbox 673 2906 731 2969; x_wconf 91' lang='lat' dir='ltr'><strong>quo</strong></span> <span class='ocrx_word' id='word_1_280' title='bbox 755 2887 937 2952; x_wconf 85' lang='lat' dir='ltr'>semicirculi</span> <span class='ocrx_word' id='word_1_281' title='bbox 960 2909 1062 2952; x_wconf 88' lang='lat' dir='ltr'>aream</span> <span class='ocrx_word' id='word_1_282' title='bbox 1090 2889 1116 2950; x_wconf 92' lang='lat' dir='ltr'><strong>is</strong></span> <span class='ocrx_word' id='word_1_283' title='bbox 1144 2890 1276 2953; x_wconf 88' lang='lat' dir='ltr'>metitur.</span> <span class='ocrx_word' id='word_1_284' title='bbox 1316 2889 1432 2962; x_wconf 83' lang='lat' dir='ltr'>Quodsi</span> <span class='ocrx_word' id='word_1_285' title='bbox 1450 2907 1489 2950; x_wconf 81' lang='lat' dir='ltr'><strong>eu</strong></span> <span class='ocrx_word' id='word_1_286' title='bbox 1512 2888 1679 2950; x_wconf 87' lang='lat' dir='ltr'>sectoribus</span> 
     </span>
     <span class='ocr_line' id='line_1_30' title="bbox 382 3044 584 3077; baseline 0 0"><span class='ocrx_word' id='word_1_287' title='bbox 382 3044 387 3077; x_wconf 89' lang='lat' dir='ltr'>i</span> <span class='ocrx_word' id='word_1_288' title='bbox 581 3048 584 3077; x_wconf 84' lang='lat'>:</span> 
     </span>
    </p>
   </div>
   <div class='ocr_carea' id='block_1_8' title="bbox 440 2587 556 2658">
    <p class='ocr_par' dir='ltr' id='par_1_10' title="bbox 440 2587 556 2658">
     <span class='ocr_line' id='line_1_31' title="bbox 440 2587 556 2658; baseline -0.009 -18"><span class='ocrx_word' id='word_1_289' title='bbox 440 2591 494 2658; x_wconf 77' lang='lat' dir='ltr'>rig.</span> <span class='ocrx_word' id='word_1_290' title='bbox 515 2587 556 2639; x_wconf 80' lang='grc'><strong>02.</strong></span> 
     </span>
    </p>
   </div>
   <div class='ocr_carea' id='block_1_9' title="bbox 673 2977 1679 3060">
    <p class='ocr_par' dir='ltr' id='par_1_11' title="bbox 673 2977 1679 3060">
     <span class='ocr_line' id='line_1_32' title="bbox 673 2977 1679 3060; baseline 0.001 -21"><span class='ocrx_word' id='word_1_291' title='bbox 673 2977 800 3058; x_wconf 80' lang='lat' dir='ltr'>singulis</span> <span class='ocrx_word' id='word_1_292' title='bbox 818 2979 849 3039; x_wconf 92' lang='lat' dir='ltr'><strong>in</strong></span> <span class='ocrx_word' id='word_1_293' title='bbox 869 2978 948 3040; x_wconf 89' lang='lat' dir='ltr'>huuc</span> <span class='ocrx_word' id='word_1_294' title='bbox 970 2979 1089 3040; x_wconf 90' lang='lat' dir='ltr'>modum</span> <span class='ocrx_word' id='word_1_295' title='bbox 1113 2979 1233 3060; x_wconf 84' lang='lat' dir='ltr'>singula</span> <span class='ocrx_word' id='word_1_296' title='bbox 1255 2979 1362 3042; x_wconf 84' lang='lat' dir='ltr'>feceris</span> <span class='ocrx_word' id='word_1_297' title='bbox 1384 2977 1679 3060; x_wconf 78' lang='lat' dir='ltr'>parallelogramma,</span> 
     </span>
    </p>
   </div>
   <div class='ocr_carea' id='block_1_10' title="bbox 554 3067 1680 3150">
    <p class='ocr_par' dir='ltr' id='par_1_12' title="bbox 554 3051 1680 3150">
     <span class='ocr_line' id='line_1_33' title="bbox 554 3067 1680 3150; baseline -0.004 -20"><span class='ocrx_word' id='word_1_298' title='bbox 554 3088 556 3097; x_wconf 71' lang='grc'>’</span> <span class='ocrx_word' id='word_1_299' title='bbox 672 3073 744 3130; x_wconf 89' lang='lat' dir='ltr'>tunc</span> <span class='ocrx_word' id='word_1_300' title='bbox 766 3073 863 3129; x_wconf 90' lang='lat' dir='ltr'>totum</span> <span class='ocrx_word' id='word_1_301' title='bbox 887 3068 1353 3148; x_wconf 70' lang='lat' dir='ltr'>parallelogrammum.divisun</span> <span class='ocrx_word' id='word_1_302' title='bbox 1383 3068 1415 3130; x_wconf 92' lang='lat' dir='ltr'><strong>in</strong></span> <span class='ocrx_word' id='word_1_303' title='bbox 1442 3074 1546 3148; x_wconf 88' lang='lat' dir='ltr'>partes</span> <span class='ocrx_word' id='word_1_304' title='bbox 1574 3067 1680 3150; x_wconf 87' lang='lat' dir='ltr'>aequi-</span> 
     </span>
    </p>
   </div>
   <div class='ocr_carea' id='block_1_11' title="bbox 400 2930 557 3261">
    <p class='ocr_par' dir='ltr' id='par_1_13' title="bbox 400 2930 557 3261">
     <span class='ocr_line' id='line_1_34' title="bbox 554 2930 557 2943; baseline 0 0"><span class='ocrx_word' id='word_1_305' title='bbox 554 2930 557 2943; x_wconf 97' lang='grc' dir='ltr'>Ι</span> 
     </span>
     <span class='ocr_line' id='line_1_35' title="bbox 553 3072 555 3079; baseline 0 0"><span class='ocrx_word' id='word_1_306' title='bbox 553 3072 555 3079; x_wconf 69' lang='lat' dir='ltr'><strong>r</strong></span> 
     </span>
     <span class='ocr_line' id='line_1_36' title="bbox 554 3224 557 3231; baseline 0 0"><span class='ocrx_word' id='word_1_307' title='bbox 554 3224 557 3231; x_wconf 68' lang='lat' dir='ltr'><strong>r</strong></span> 
     </span>
     <span class='ocr_line' id='line_1_37' title="bbox 400 3242 557 3261; baseline 0 -10"><span class='ocrx_word' id='word_1_308' title='bbox 400 3250 402 3261; x_wconf 64' lang='lat' dir='ltr'>y</span> <span class='ocrx_word' id='word_1_309' title='bbox 554 3242 557 3251; x_wconf 75' lang='lat' dir='ltr'><strong>r</strong></span> 
     </span>
    </p>
   </div>
   <div class='ocr_carea' id='block_1_12' title="bbox 529 3244 1681 4753">
    <p class='ocr_par' dir='ltr' id='par_1_14' title="bbox 529 3244 1681 4753">
     <span class='ocr_line' id='line_1_38' title="bbox 562 3244 876 3325; baseline 0.003 -18"><span class='ocrx_word' id='word_1_310' title='bbox 562 3262 566 3273; x_wconf 89' lang='grc'><strong>’</strong></span> <span class='ocrx_word' id='word_1_311' title='bbox 673 3244 751 3307; x_wconf 87' lang='lat' dir='ltr'>ratio</span> <span class='ocrx_word' id='word_1_312' title='bbox 775 3244 876 3325; x_wconf 85' lang='lat' dir='ltr'>dupla.</span> 
     </span>
     <span class='ocr_line' id='line_1_39' title="bbox 759 3317 1680 3399; baseline 0.003 -3"><span class='ocrx_word' id='word_1_313' title='bbox 759 3317 971 3396; x_wconf 77' lang='lat' dir='ltr'>Extendantur</span> <span class='ocrx_word' id='word_1_314' title='bbox 1007 3340 1107 3396; x_wconf 79' lang='lat' dir='ltr'>autern</span> <span class='ocrx_word' id='word_1_315' title='bbox 1145 3334 1176 3396; x_wconf 90' lang='lat' dir='ltr'><strong>in</strong></span> <span class='ocrx_word' id='word_1_316' title='bbox 1211 3334 1290 3398; x_wconf 90' lang='lat' dir='ltr'>hunc</span> <span class='ocrx_word' id='word_1_317' title='bbox 1326 3335 1452 3398; x_wconf 86' lang='lat' dir='ltr'>eundem</span> <span class='ocrx_word' id='word_1_318' title='bbox 1489 3334 1610 3398; x_wconf 87' lang='lat' dir='ltr'>modum</span> <span class='ocrx_word' id='word_1_319' title='bbox 1647 3341 1680 3399; x_wconf 89' lang='lat' dir='ltr'><strong>et</strong></span> 
     </span>
     <span class='ocr_line' id='line_1_40' title="bbox 532 3420 1680 3505; baseline 0.002 -21"><span class='ocrx_word' id='word_1_320' title='bbox 532 3488 533 3495; x_wconf 18' lang='lat' dir='ltr'>p</span> <span class='ocrx_word' id='word_1_321' title='bbox 673 3422 837 3486; x_wconf 87' lang='lat' dir='ltr'>distantiae</span> <span class='ocrx_word' id='word_1_322' title='bbox 870 3421 945 3496; x_wconf 84' lang='lat' dir='ltr'><strong>(lA,</strong></span> <span class='ocrx_word' id='word_1_323' title='bbox 982 3420 1042 3485; x_wconf 83' lang='lat' dir='ltr'><strong>GA</strong></span> <span class='ocrx_word' id='word_1_324' title='bbox 1074 3423 1127 3486; x_wconf 83' lang='grc'><strong>366.</strong></span> <span class='ocrx_word' id='word_1_325' title='bbox 1168 3429 1200 3485; x_wconf 90' lang='grc'><strong>66</strong></span> <span class='ocrx_word' id='word_1_326' title='bbox 1238 3431 1351 3505; x_wconf 84' lang='lat' dir='ltr'>puncta</span> <span class='ocrx_word' id='word_1_327' title='bbox 1394 3424 1426 3487; x_wconf 91' lang='lat' dir='ltr'><strong>A</strong></span> <span class='ocrx_word' id='word_1_328' title='bbox 1462 3431 1680 3488; x_wconf 83' lang='lat' dir='ltr'>connectantur</span> 
     </span>
     <span class='ocr_line' id='line_1_41' title="bbox 565 3505 1681 3596; baseline 0.002 -22"><span class='ocrx_word' id='word_1_329' title='bbox 565 3584 566 3587; x_wconf 8' lang='grc' dir='ltr'><strong>Ἴ</strong></span> <span class='ocrx_word' id='word_1_330' title='bbox 674 3505 836 3574; x_wconf 87' lang='grc'><strong>6666166166</strong></span> <span class='ocrx_word' id='word_1_331' title='bbox 847 3508 881 3584; x_wconf 85' lang='grc'><strong>*)</strong></span> <span class='ocrx_word' id='word_1_332' title='bbox 903 3510 1027 3574; x_wconf 85' lang='lat' dir='ltr'><strong>AAAA</strong></span> <span class='ocrx_word' id='word_1_333' title='bbox 1049 3529 1104 3592; x_wconf 83' lang='lat' dir='ltr'><strong>per</strong></span> <span class='ocrx_word' id='word_1_334' title='bbox 1131 3511 1252 3592; x_wconf 78' lang='lat' dir='ltr'>singula</span> <span class='ocrx_word' id='word_1_335' title='bbox 1281 3520 1394 3593; x_wconf 86' lang='lat' dir='ltr'>puncta</span> <span class='ocrx_word' id='word_1_336' title='bbox 1427 3509 1681 3596; x_wconf 81' lang='lat' dir='ltr'>ducta-(qnorum</span> 
     </span>
     <span class='ocr_line' id='line_1_42' title="bbox 536 3599 1680 3686; baseline 0.002 -24"><span class='ocrx_word' id='word_1_337' title='bbox 536 3676 540 3684; x_wconf 23' lang='lat'>⁸</span> <span class='ocrx_word' id='word_1_338' title='bbox 673 3608 744 3662; x_wconf 90' lang='grc'><strong>6666</strong></span> <span class='ocrx_word' id='word_1_339' title='bbox 761 3599 878 3662; x_wconf 84' lang='grc'><strong>16116166</strong></span> <span class='ocrx_word' id='word_1_340' title='bbox 895 3599 1058 3680; x_wconf 87' lang='grc'><strong>66666616),</strong></span> <span class='ocrx_word' id='word_1_341' title='bbox 1077 3603 1171 3680; x_wconf 84' lang='lat' dir='ltr'>ligura</span> <span class='ocrx_word' id='word_1_342' title='bbox 1189 3601 1306 3666; x_wconf 77' lang='lat' dir='ltr'>aaut)</span> <span class='ocrx_word' id='word_1_343' title='bbox 1329 3601 1544 3686; x_wconf 89' lang='lat' dir='ltr'>aequipollebit</span> <span class='ocrx_word' id='word_1_344' title='bbox 1559 3603 1680 3666; x_wconf 91' lang='lat' dir='ltr'>distan-</span> 
     </span>
     <span class='ocr_line' id='line_1_43' title="bbox 529 3688 1676 3772; baseline 0.003 -21"><span class='ocrx_word' id='word_1_345' title='bbox 529 3690 542 3693; x_wconf 68' lang='grc'>”</span> <span class='ocrx_word' id='word_1_346' title='bbox 673 3689 725 3752; x_wconf 89' lang='grc'><strong>6116</strong></span> <span class='ocrx_word' id='word_1_347' title='bbox 749 3688 884 3752; x_wconf 84' lang='lat' dir='ltr'>omnibns</span> <span class='ocrx_word' id='word_1_348' title='bbox 900 3707 939 3749; x_wconf 87' lang='lat' dir='ltr'><strong>ex</strong></span> <span class='ocrx_word' id='word_1_349' title='bbox 956 3689 996 3752; x_wconf 89' lang='lat' dir='ltr'><strong>A.</strong></span> <span class='ocrx_word' id='word_1_350' title='bbox 1033 3689 1114 3752; x_wconf 85' lang='lat' dir='ltr'><strong>Nam</strong></span> <span class='ocrx_word' id='word_1_351' title='bbox 1137 3689 1275 3753; x_wconf 89' lang='lat' dir='ltr'>similiter</span> <span class='ocrx_word' id='word_1_352' title='bbox 1297 3710 1337 3754; x_wconf 84' lang='lat' dir='ltr'><strong>ex</strong></span> <span class='ocrx_word' id='word_1_353' title='bbox 1352 3691 1478 3772; x_wconf 77' lang='lat' dir='ltr'>singolis</span> <span class='ocrx_word' id='word_1_354' title='bbox 1501 3691 1591 3753; x_wconf 90' lang='lat' dir='ltr'>lineis</span> <span class='ocrx_word' id='word_1_355' title='bbox 1604 3689 1676 3766; x_wconf 79' lang='lat' dir='ltr'><strong>AG,</strong></span> 
     </span>
     <span class='ocr_line' id='line_1_44' title="bbox 673 3777 1679 3862; baseline 0.001 -20"><span class='ocrx_word' id='word_1_356' title='bbox 673 3779 734 3842; x_wconf 88' lang='grc' dir='ltr'><strong>ΑΗ</strong></span> <span class='ocrx_word' id='word_1_357' title='bbox 756 3777 869 3839; x_wconf 87' lang='lat' dir='ltr'>lactum</span> <span class='ocrx_word' id='word_1_358' title='bbox 897 3785 948 3838; x_wconf 89' lang='lat' dir='ltr'><strong>est</strong></span> <span class='ocrx_word' id='word_1_359' title='bbox 975 3797 1065 3840; x_wconf 89' lang='lat' dir='ltr'>unum</span> <span class='ocrx_word' id='word_1_360' title='bbox 1088 3779 1401 3860; x_wconf 76' lang='lat' dir='ltr'>parallelogrammum</span> <span class='ocrx_word' id='word_1_361' title='bbox 1423 3780 1679 3862; x_wconf 79' lang='lat' dir='ltr'>quamproxime,</span> 
     </span>
     <span class='ocr_line' id='line_1_45' title="bbox 674 3865 1678 3950; baseline 0.004 -20"><span class='ocrx_word' id='word_1_362' title='bbox 674 3865 834 3948; x_wconf 90' lang='grc'><strong>61616666</strong></span> <span class='ocrx_word' id='word_1_363' title='bbox 865 3866 1005 3929; x_wconf 87' lang='lat' dir='ltr'>conchois</span> <span class='ocrx_word' id='word_1_364' title='bbox 1037 3867 1096 3946; x_wconf 88' lang='grc'><strong>1661</strong></span> <span class='ocrx_word' id='word_1_365' title='bbox 1120 3868 1531 3950; x_wconf 65' lang='lat' dir='ltr'>superstruemus,</span> <span class='ocrx_word' id='word_1_366' title='bbox 1556 3870 1610 3930; x_wconf 88' lang='grc'><strong>666</strong></span> <span class='ocrx_word' id='word_1_367' title='bbox 1634 3870 1678 3934; x_wconf 85' lang='grc'><strong>616</strong></span> 
     </span>
     <span class='ocr_line' id='line_1_46' title="bbox 552 3954 1678 4039; baseline 0.003 -22"><span class='ocrx_word' id='word_1_368' title='bbox 552 4027 554 4031; x_wconf 8' lang='grc' dir='ltr'><strong>Α</strong></span> <span class='ocrx_word' id='word_1_369' title='bbox 674 3955 821 4020; x_wconf 89' lang='lat' dir='ltr'>inclinate</span> <span class='ocrx_word' id='word_1_370' title='bbox 844 3955 882 4017; x_wconf 89' lang='lat' dir='ltr'><strong>ad</strong></span> <span class='ocrx_word' id='word_1_371' title='bbox 905 3954 1007 4018; x_wconf 89' lang='lat' dir='ltr'>radios</span> <span class='ocrx_word' id='word_1_372' title='bbox 1032 3954 1102 4032; x_wconf 87' lang='lat' dir='ltr'><strong>GA,</strong></span> <span class='ocrx_word' id='word_1_373' title='bbox 1122 3957 1192 4032; x_wconf 84' lang='lat' dir='ltr'><strong>HA,</strong></span> <span class='ocrx_word' id='word_1_374' title='bbox 1211 3957 1278 4033; x_wconf 84' lang='grc' dir='ltr'><strong>ΕΔ,</strong></span> <span class='ocrx_word' id='word_1_375' title='bbox 1303 3967 1337 4020; x_wconf 87' lang='grc'><strong>66</strong></span> <span class='ocrx_word' id='word_1_376' title='bbox 1358 3959 1390 4022; x_wconf 87' lang='grc'><strong>16</strong></span> <span class='ocrx_word' id='word_1_377' title='bbox 1412 3959 1478 4039; x_wconf 90' lang='grc'><strong>1666</strong></span> <span class='ocrx_word' id='word_1_378' title='bbox 1502 3958 1593 4022; x_wconf 89' lang='lat' dir='ltr'>etiam</span> <span class='ocrx_word' id='word_1_379' title='bbox 1617 3958 1678 4021; x_wconf 89' lang='lat' dir='ltr'>cir-</span> 
     </span>
     <span class='ocr_line' id='line_1_47' title="bbox 596 4043 1679 4132; baseline 0.003 -24.891"><span class='ocrx_word' id='word_1_380' title='bbox 596 4105 603 4132; x_wconf 64' lang='lat'><em>,</em></span> <span class='ocrx_word' id='word_1_381' title='bbox 674 4045 742 4108; x_wconf 91' lang='lat' dir='ltr'>culc</span> <span class='ocrx_word' id='word_1_382' title='bbox 770 4044 954 4108; x_wconf 89' lang='lat' dir='ltr'>inclinantur</span> <span class='ocrx_word' id='word_1_383' title='bbox 986 4043 1150 4108; x_wconf 85' lang='grc'><strong>6161666166</strong></span> <span class='ocrx_word' id='word_1_384' title='bbox 1182 4047 1221 4108; x_wconf 91' lang='lat' dir='ltr'><strong>ad</strong></span> <span class='ocrx_word' id='word_1_385' title='bbox 1252 4047 1541 4110; x_wconf 79' lang='lat' dir='ltr'>circumferentiam:</span> <span class='ocrx_word' id='word_1_386' title='bbox 1575 4048 1679 4110; x_wconf 88' lang='grc'><strong>66166</strong></span> 
     </span>
     <span class='ocr_line' id='line_1_48' title="bbox 675 4133 1679 4218; baseline 0.004 -21.563"><span class='ocrx_word' id='word_1_387' title='bbox 675 4134 750 4197; x_wconf 89' lang='lat' dir='ltr'>nihil</span> <span class='ocrx_word' id='word_1_388' title='bbox 773 4133 926 4215; x_wconf 85' lang='lat' dir='ltr'>impediat,</span> <span class='ocrx_word' id='word_1_389' title='bbox 951 4133 1030 4214; x_wconf 90' lang='grc'><strong>6666</strong></span> <span class='ocrx_word' id='word_1_390' title='bbox 1048 4134 1266 4212; x_wconf 83' lang='lat' dir='ltr'>conohnisAA</span> <span class='ocrx_word' id='word_1_391' title='bbox 1289 4137 1404 4217; x_wconf 74' lang='lat' dir='ltr'>longior</span> <span class='ocrx_word' id='word_1_392' title='bbox 1427 4145 1476 4199; x_wconf 89' lang='grc'><strong>666</strong></span> <span class='ocrx_word' id='word_1_393' title='bbox 1493 4139 1576 4200; x_wconf 83' lang='lat' dir='ltr'>facta</span> <span class='ocrx_word' id='word_1_394' title='bbox 1589 4155 1679 4218; x_wconf 90' lang='lat' dir='ltr'>quam</span> 
     </span>
     <span class='ocr_line' id='line_1_49' title="bbox 589 4219 1678 4308; baseline 0.004 -22"><span class='ocrx_word' id='word_1_395' title='bbox 589 4250 590 4255; x_wconf 44' lang='lat'>¹</span> <span class='ocrx_word' id='word_1_396' title='bbox 676 4221 878 4288; x_wconf 87' lang='lat' dir='ltr'>semicirculus</span> <span class='ocrx_word' id='word_1_397' title='bbox 896 4219 971 4286; x_wconf 78' lang='lat' dir='ltr'><strong>OD.</strong></span> <span class='ocrx_word' id='word_1_398' title='bbox 1025 4222 1084 4285; x_wconf 88' lang='lat' dir='ltr'><strong>Est</strong></span> <span class='ocrx_word' id='word_1_399' title='bbox 1116 4231 1218 4288; x_wconf 89' lang='lat' dir='ltr'>autem</span> <span class='ocrx_word' id='word_1_400' title='bbox 1247 4224 1305 4288; x_wconf 80' lang='grc' dir='ltr'><strong>ΕΔ</strong></span> <span class='ocrx_word' id='word_1_401' title='bbox 1335 4225 1453 4306; x_wconf 80' lang='lat' dir='ltr'>lc&#39;ngior</span> <span class='ocrx_word' id='word_1_402' title='bbox 1486 4243 1576 4308; x_wconf 83' lang='lat' dir='ltr'>quam</span> <span class='ocrx_word' id='word_1_403' title='bbox 1603 4225 1678 4301; x_wconf 86' lang='grc' dir='ltr'><strong>ΕΒ;</strong></span> 
     </span>
     <span class='ocr_line' id='line_1_50' title="bbox 596 4311 1677 4394; baseline 0.006 -21"><span class='ocrx_word' id='word_1_404' title='bbox 596 4320 600 4355; x_wconf 71' lang='lat'><strong>·.</strong></span> <span class='ocrx_word' id='word_1_405' title='bbox 675 4312 783 4394; x_wconf 90' lang='lat' dir='ltr'>quodsi</span> <span class='ocrx_word' id='word_1_406' title='bbox 814 4318 999 4375; x_wconf 87' lang='lat' dir='ltr'>sumerentur</span> <span class='ocrx_word' id='word_1_407' title='bbox 1032 4311 1098 4386; x_wconf 85' lang='lat' dir='ltr'><strong>cA,</strong></span> <span class='ocrx_word' id='word_1_408' title='bbox 1123 4311 1197 4388; x_wconf 84' lang='lat' dir='ltr'><strong>GQ,</strong></span> <span class='ocrx_word' id='word_1_409' title='bbox 1228 4314 1303 4388; x_wconf 89' lang='lat' dir='ltr'><strong>HR,</strong></span> <span class='ocrx_word' id='word_1_410' title='bbox 1325 4314 1396 4390; x_wconf 87' lang='grc' dir='ltr'><strong>ΕΒ,</strong></span> <span class='ocrx_word' id='word_1_411' title='bbox 1427 4313 1478 4391; x_wconf 89' lang='lat' dir='ltr'><strong>IS,</strong></span> <span class='ocrx_word' id='word_1_412' title='bbox 1510 4315 1577 4390; x_wconf 77' lang='grc' dir='ltr'><strong>ΚΕ,</strong></span> <span class='ocrx_word' id='word_1_413' title='bbox 1606 4313 1677 4390; x_wconf 86' lang='lat' dir='ltr'><strong>DA,</strong></span> 
     </span>
     <span class='ocr_line' id='line_1_51' title="bbox 602 4396 1679 4482; baseline 0.005 -21"><span class='ocrx_word' id='word_1_414' title='bbox 602 4396 604 4407; x_wconf 60' lang='lat'><strong>⁴</strong></span> <span class='ocrx_word' id='word_1_415' title='bbox 677 4407 804 4482; x_wconf 84' lang='grc'><strong>6666666</strong></span> <span class='ocrx_word' id='word_1_416' title='bbox 836 4401 1036 4464; x_wconf 87' lang='lat' dir='ltr'>determinant</span> <span class='ocrx_word' id='word_1_417' title='bbox 1067 4402 1329 4482; x_wconf 85' lang='lat' dir='ltr'>perpendiculares</span> <span class='ocrx_word' id='word_1_418' title='bbox 1358 4404 1508 4468; x_wconf 88' lang='grc'><strong>66616666</strong></span> <span class='ocrx_word' id='word_1_419' title='bbox 1535 4423 1573 4466; x_wconf 86' lang='lat' dir='ltr'><strong>ex</strong></span> <span class='ocrx_word' id='word_1_420' title='bbox 1593 4404 1626 4468; x_wconf 88' lang='lat' dir='ltr'><strong>A</strong></span> <span class='ocrx_word' id='word_1_421' title='bbox 1647 4404 1679 4466; x_wconf 86' lang='lat' dir='ltr'><strong>in</strong></span> 
     </span>
     <span class='ocr_line' id='line_1_52' title="bbox 677 4489 1678 4570; baseline 0.005 -19"><span class='ocrx_word' id='word_1_422' title='bbox 677 4489 839 4552; x_wconf 86' lang='lat' dir='ltr'>distantias</span> <span class='ocrx_word' id='word_1_423' title='bbox 868 4497 1045 4570; x_wconf 87' lang='lat' dir='ltr'>punctomm</span> <span class='ocrx_word' id='word_1_424' title='bbox 1072 4492 1138 4552; x_wconf 89' lang='grc' dir='ltr'><strong>6Β</strong></span> <span class='ocrx_word' id='word_1_425' title='bbox 1163 4492 1212 4563; x_wconf 90' lang='grc'><strong>(66</strong></span> <span class='ocrx_word' id='word_1_426' title='bbox 1241 4491 1269 4554; x_wconf 86' lang='lat' dir='ltr'><strong>si</strong></span> <span class='ocrx_word' id='word_1_427' title='bbox 1296 4493 1325 4556; x_wconf 91' lang='lat' dir='ltr'><strong>in</strong></span> <span class='ocrx_word' id='word_1_428' title='bbox 1352 4494 1506 4558; x_wconf 85' lang='lat' dir='ltr'>schemate</span> <span class='ocrx_word' id='word_1_429' title='bbox 1538 4492 1678 4557; x_wconf 83' lang='lat' dir='ltr'>circulari</span> 
     </span>
     <span class='ocr_line' id='line_1_53' title="bbox 569 4578 1678 4665; baseline 0.004 -24"><span class='ocrx_word' id='word_1_430' title='bbox 569 4623 579 4665; x_wconf 43' lang='grc' dir='ltr'><em>ς</em></span> <span class='ocrx_word' id='word_1_431' title='bbox 625 4611 629 4628; x_wconf 85' lang='grc'><em>·</em></span> <span class='ocrx_word' id='word_1_432' title='bbox 676 4579 708 4642; x_wconf 87' lang='grc'><strong>16</strong></span> <span class='ocrx_word' id='word_1_433' title='bbox 743 4579 799 4640; x_wconf 88' lang='grc' dir='ltr'><strong>ΒΒ</strong></span> <span class='ocrx_word' id='word_1_434' title='bbox 836 4578 1040 4642; x_wconf 83' lang='lat' dir='ltr'>continuatam</span> <span class='ocrx_word' id='word_1_435' title='bbox 1078 4579 1275 4644; x_wconf 86' lang='lat' dir='ltr'>descenderet</span> <span class='ocrx_word' id='word_1_436' title='bbox 1316 4583 1571 4664; x_wconf 88' lang='lat' dir='ltr'>perpendicularis</span> <span class='ocrx_word' id='word_1_437' title='bbox 1606 4581 1678 4658; x_wconf 66' lang='lat' dir='ltr'><strong>AR,</strong></span> 
     </span>
     <span class='ocr_line' id='line_1_54' title="bbox 677 4667 1679 4753; baseline 0.006 -23"><span class='ocrx_word' id='word_1_438' title='bbox 677 4667 878 4730; x_wconf 85' lang='lat' dir='ltr'>determinans</span> <span class='ocrx_word' id='word_1_439' title='bbox 901 4667 961 4730; x_wconf 86' lang='lat' dir='ltr'><strong>HR</strong></span> <span class='ocrx_word' id='word_1_440' title='bbox 981 4668 1151 4732; x_wconf 86' lang='lat' dir='ltr'>breviorem</span> <span class='ocrx_word' id='word_1_441' title='bbox 1181 4687 1269 4751; x_wconf 88' lang='lat' dir='ltr'>quam</span> <span class='ocrx_word' id='word_1_442' title='bbox 1292 4671 1367 4746; x_wconf 89' lang='grc' dir='ltr'><strong>ΗΑ)</strong></span> <span class='ocrx_word' id='word_1_443' title='bbox 1390 4680 1461 4736; x_wconf 91' lang='grc'><strong>6666</strong></span> <span class='ocrx_word' id='word_1_444' title='bbox 1482 4673 1577 4753; x_wconf 71' lang='lat' dir='ltr'>ligura</span> <span class='ocrx_word' id='word_1_445' title='bbox 1598 4671 1679 4736; x_wconf 86' lang='grc'><strong>16666</strong></span> 
     </span>
    </p>
   </div>
   <div class='ocr_carea' id='block_1_13' title="bbox 333 4781 1677 5034">
    <p class='ocr_par' dir='ltr' id='par_1_15' title="bbox 333 4781 1677 5034">
     <span class='ocr_line' id='line_1_55' title="bbox 419 4781 1677 4862; baseline 0.002 -21"><span class='ocrx_word' id='word_1_446' title='bbox 419 4781 448 4856; x_wconf 77' lang='grc'><strong>*)</strong></span> <span class='ocrx_word' id='word_1_447' title='bbox 468 4784 693 4842; x_wconf 79' lang='grc'><strong>0666661666</strong></span> <span class='ocrx_word' id='word_1_448' title='bbox 719 4783 777 4839; x_wconf 86' lang='lat' dir='ltr'>diso</span> <span class='ocrx_word' id='word_1_449' title='bbox 803 4799 857 4838; x_wconf 92' lang='lat' dir='ltr'>non</span> <span class='ocrx_word' id='word_1_450' title='bbox 889 4783 966 4839; x_wconf 84' lang='lat' dir='ltr'>illam</span> <span class='ocrx_word' id='word_1_451' title='bbox 993 4783 1145 4840; x_wconf 84' lang='lat' dir='ltr'>Nicostrati</span> <span class='ocrx_word' id='word_1_452' title='bbox 1177 4790 1359 4858; x_wconf 69' lang='grc'><strong>(16666666),</strong></span> <span class='ocrx_word' id='word_1_453' title='bbox 1393 4805 1463 4862; x_wconf 83' lang='lat' dir='ltr'>quae</span> <span class='ocrx_word' id='word_1_454' title='bbox 1490 4787 1597 4850; x_wconf 76' lang='lat' dir='ltr'>numu</span> <span class='ocrx_word' id='word_1_455' title='bbox 1621 4795 1677 4854; x_wconf 79' lang='grc'><strong>666,</strong></span> 
     </span>
     <span class='ocr_line' id='line_1_56' title="bbox 333 4863 1676 4942; baseline 0.004 -23"><span class='ocrx_word' id='word_1_456' title='bbox 333 4865 372 4920; x_wconf 92' lang='lat' dir='ltr'><strong>sic</strong></span> <span class='ocrx_word' id='word_1_457' title='bbox 391 4865 433 4920; x_wconf 93' lang='lat' dir='ltr'>illi</span> <span class='ocrx_word' id='word_1_458' title='bbox 453 4866 535 4930; x_wconf 81' lang='lat' dir='ltr'>dicta,</span> <span class='ocrx_word' id='word_1_459' title='bbox 557 4867 628 4936; x_wconf 89' lang='lat' dir='ltr'>quod</span> <span class='ocrx_word' id='word_1_460' title='bbox 649 4865 743 4920; x_wconf 85' lang='lat' dir='ltr'>similis</span> <span class='ocrx_word' id='word_1_461' title='bbox 764 4865 901 4920; x_wconf 83' lang='lat' dir='ltr'>conchae:</span> <span class='ocrx_word' id='word_1_462' title='bbox 922 4863 1077 4928; x_wconf 80' lang='grc'><strong>66611166,</strong></span> <span class='ocrx_word' id='word_1_463' title='bbox 1089 4881 1161 4936; x_wconf 79' lang='lat' dir='ltr'>quae</span> <span class='ocrx_word' id='word_1_464' title='bbox 1182 4867 1276 4924; x_wconf 76' lang='lat' dir='ltr'>siur&#39;lis</span> <span class='ocrx_word' id='word_1_465' title='bbox 1291 4875 1335 4924; x_wconf 85' lang='lat' dir='ltr'><strong>est</strong></span> <span class='ocrx_word' id='word_1_466' title='bbox 1352 4869 1493 4936; x_wconf 83' lang='grc'><strong>6666166161</strong></span> <span class='ocrx_word' id='word_1_467' title='bbox 1506 4869 1676 4942; x_wconf 61' lang='lat' dir='ltr'>Nicaeum-3</span> 
     </span>
     <span class='ocr_line' id='line_1_57' title="bbox 333 4943 1390 5034; baseline 0 -33"><span class='ocrx_word' id='word_1_468' title='bbox 333 4950 365 5001; x_wconf 88' lang='lat' dir='ltr'><strong>ut</strong></span> <span class='ocrx_word' id='word_1_469' title='bbox 383 4944 555 5002; x_wconf 85' lang='lat' dir='ltr'>rhomboides</span> <span class='ocrx_word' id='word_1_470' title='bbox 566 4944 687 5012; x_wconf 76' lang='lat' dir='ltr'>dicimus</span> <span class='ocrx_word' id='word_1_471' title='bbox 707 4945 735 5002; x_wconf 92' lang='lat' dir='ltr'><strong>id</strong></span> <span class='ocrx_word' id='word_1_472' title='bbox 755 4947 826 5018; x_wconf 88' lang='lat' dir='ltr'>quod</span> <span class='ocrx_word' id='word_1_473' title='bbox 845 4950 889 5001; x_wconf 88' lang='lat' dir='ltr'><strong>est</strong></span> <span class='ocrx_word' id='word_1_474' title='bbox 908 4943 995 5002; x_wconf 87' lang='lat' dir='ltr'>simila</span> <span class='ocrx_word' id='word_1_475' title='bbox 1015 4945 1139 5005; x_wconf 80' lang='lat' dir='ltr'>rhombo.</span> <span class='ocrx_word' id='word_1_476' title='bbox 1176 4949 1271 5028; x_wconf 67' lang='lat' dir='ltr'>(comp.</span> <span class='ocrx_word' id='word_1_477' title='bbox 1289 4971 1314 5034; x_wconf 64' lang='grc'><strong>6.</strong></span> <span class='ocrx_word' id='word_1_478' title='bbox 1334 4953 1390 5020; x_wconf 68' lang='lat' dir='ltr'>tt.)</span> 
     </span>
    </p>
   </div>
   <div class='ocr_carea' id='block_1_14' title="bbox 0 0 1853 5532">
    <p class='ocr_par' dir='ltr' id='par_1_16' title="bbox 0 0 1853 5532">
     <span class='ocr_line' id='line_1_58' title="bbox 0 0 1853 5532; baseline 0 0"><span class='ocrx_word' id='word_1_479' title='bbox 0 0 1853 5532; x_wconf 95' lang='lat' dir='ltr'><strong> </strong></span> 
     </span>
    </p>
   </div>
   <div class='ocr_carea' id='block_1_15' title="bbox 672 3154 1787 3246">
    <p class='ocr_par' dir='ltr' id='par_1_17' title="bbox 672 3154 1787 3246">
     <span class='ocr_line' id='line_1_59' title="bbox 672 3154 1787 3246; baseline 0.001 -28"><span class='ocrx_word' id='word_1_480' title='bbox 672 3155 799 3238; x_wconf 90' lang='lat' dir='ltr'>pollebit</span> <span class='ocrx_word' id='word_1_481' title='bbox 822 3155 878 3218; x_wconf 91' lang='lat' dir='ltr'>toti</span> <span class='ocrx_word' id='word_1_482' title='bbox 902 3175 991 3220; x_wconf 89' lang='lat' dir='ltr'>areae</span> <span class='ocrx_word' id='word_1_483' title='bbox 1020 3155 1217 3222; x_wconf 88' lang='lat' dir='ltr'>semicirculi:</span> <span class='ocrx_word' id='word_1_484' title='bbox 1251 3157 1360 3239; x_wconf 89' lang='lat' dir='ltr'>ubique</span> <span class='ocrx_word' id='word_1_485' title='bbox 1392 3157 1510 3220; x_wconf 87' lang='lat' dir='ltr'>seilicet</span> <span class='ocrx_word' id='word_1_486' title='bbox 1542 3154 1682 3240; x_wconf 74' lang='lat' dir='ltr'>regnabit</span> <span class='ocrx_word' id='word_1_487' title='bbox 1785 3237 1787 3246; x_wconf 33' lang='grc' dir='ltr'>Ι</span> 
     </span>
    </p>
   </div>
  </div>
 </body>
</html>
