3604 5534
645 327 707 380 Pars
725 327 816 379 Prima.
854 325 972 396 Gapatl.
1264 369 1268 376 .
1400 327 1478 416 '173

125 503 240 569 residua
264 507 409 572 confusio
433 506 524 570 etiam
548 505 629 588 prius
653 512 728 581 erat,
754 505 850 567 miuus
873 510 975 567 tamen
998 505 1230 584 observabatur,
1255 507 1351 572 miuus
1374 511 1477 574 oculos

126 595 313 676 incurrebat,
338 605 502 682 propterea
524 594 603 678 quod
626 602 725 658 motus
749 594 870 658 diurnus
894 593 983 658 valde
1006 595 1085 658 celer
1107 603 1198 672 esset,
1223 605 1313 679 atque
1336 599 1380 662 sic
1403 600 1478 664 baec

122 687 179 767 jam
209 686 341 750 residua
370 686 521 764 confusio,
550 692 621 748 tunc
644 684 674 746 iu
698 683 829 747 minutas
852 691 956 764 partes
981 683 1126 762 dissecta,
1156 705 1209 766 per
1237 685 1381 768 plurimos
1413 689 1478 756 dies

125 773 330 858 plurimasque
355 776 464 860 ¹spiras
500 775 622 838 diuruas
659 771 870 856 spargebatur.
935 771 1006 836 Jam
1033 791 1105 838 vero
1134 776 1256 840 sublata
1286 777 1341 842 illa
1364 777 1480 845 minuta

85 865 258 928 'untione
297 875 331 930 et
362 864 573 930 distributione
602 863 789 946 propriorum
811 862 927 956 'stellae
956 871 1089 928 motuum
1116 865 1145 927 in
1176 864 1240 928 dies
1269 873 1333 933 mm
1355 869 1478 944 multos,
1552 915 1557 926 .

128 954 248 1017 subiato
283 975 391 1036 nempe
424 962 505 1032 motu
538 953 658 1026 diuruo',
684 953 749 1038 ¹toti
772 961 872 1015 motus
895 951 1051 1016 stellarum
1074 954 1197 1034 proprii,
1222 956 1325 1036 quanti
1349 957 1478 1034 luerunt,

63 1105 65 1108 .
127 1051 252 1126 tntaque
275 1044 404 1127 plurium
426 1043 561 1106 confusio
584 1041 773 1106 manifestius
797 1040 916 1104 enituit.
961 1042 1094 1108 Primum
1124 1043 1204 1108 enim
1226 1045 1386 1128 apparuit,
1415 1054 1478 1110 tres

126 1131 297 1216 superiores
320 1133 493 1202 Saturnum,
516 1131 624 1196 Jovem
648 1140 680 1194 et
702 1131 835 1194 Martem
856 1138 955 1194 motus
979 1149 1050 1194 suos
1069 1132 1109 1195 ad
1129 1130 1211 1196 Solis
1225 1134 1480 1216 propinquitatem

126 1231 352 1305 attemperare;
385 1243 456 1286 nam
479 1223 506 1286 si
529 1221 583 1284 Sol
607 1221 646 1284 ad
668 1221 752 1302 ipsos
776 1220 956 1296 accedebat,
987 1220 1096 1284 direnti
1125 1221 1306 1288 incedebant
1332 1233 1366 1288 et
1386 1223 1479 1289 solito

125 1311 310 1388 velociores3
341 1311 391 1376 ubi
422 1311 476 1376 Sol
498 1311 539 1374 ad
568 1310 656 1390 sigua
683 1309 814 1390 planetis
843 1309 985 1390 opposita
1017 1310 1175 1387 veniebat,
1212 1311 1270 1394 ipsi
1303 1293 1384 1382 vibus
1411 1315 1479 1396 jam

125 1421 281 1466 emensam
317 1401 457 1466 cancriuo
488 1419 595 1482 gressu
626 1397 822 1480 relegebaut3
868 1399 1056 1462 intermediis
1089 1400 1275 1484 temporibus
1308 1402 1480 1468 stationarii

125 1491 257 1568 iebant,
288 1499 379 1574 atque
402 1491 458 1554 hoc
489 1498 648 1573 perpetuo,
680 1488 710 1552 iu
740 1489 961 1570 quibuscunque
988 1488 1104 1555 zodiaci
1135 1488 1230 1571 siguis
1258 1491 1398 1572 planetae
1422 1493 1479 1556 de·-

125 1579 395 1664 prebeudenentur.
442 1579 537 1644 Simul
564 1588 667 1642 autem
697 1577 736 1642 ad
759 1578 875 1642 oculum
904 1577 1022 1659 patuit,
1054 1578 1196 1658 planetas
1224 1581 1357 1660 grandes
1383 1581 1480 1648 videri

126 1689 191 1734 cum
216 1670 469 1744 retrocedebant,
499 1669 631 1732 minutos
663 1667 782 1750 quaudo
806 1667 913 1732 directi
937 1675 969 1729 et
991 1668 1111 1732 veloces
1135 1667 1217 1732 Solis
1239 1669 1403 1738 adveutum
1425 1689 1481 1734 ex-

126 1759 320 1842 spectabant.
366 1759 494 1842 Exque
519 1758 607 1822 facile
631 1757 825 1839 patescebat,
859 1756 942 1837 ipsos
980 1755 1051 1820 Sole
1080 1757 1300 1839 propinquante
1328 1759 1359 1824 in
1382 1761 1479 1826 altum

125 1848 227 1914 attolb
260 1855 293 1912 et
315 1869 334 1912 a
355 1849 457 1912 Terris
481 1849 634 1923 recedere,
667 1847 772 1910 ecdem
794 1845 824 1910 in
848 1846 1002 1910 conuade
1024 1846 1113 1927 signa
1135 1847 1327 1926 discedente,
1359 1869 1478 1914 rursum

127 1939 166 2002 ad
189 1937 305 2002 Terras
328 1938 520 2002 descendere.
566 1935 704 2018 Denique
728 1936 920 2000 observatum
945 1945 1002 2013 est,
1026 1936 1102 2002 baec
1120 1936 1187 2016 jaun
1206 1937 1289 2002 dicta
1302 1939 1480 2020 spectacula

125 2037 350 2092 retrocessuum
374 2027 551 2109 luminisque
575 2025 711 2106 ampliati
725 2044 789 2106 per
811 2024 899 2106 sigua
922 2025 1039 2088 zodiaci
1058 2021 1224 2108 transponi
1238 2027 1352 2105 ordine,
1376 2027 1427 2110 qui
1441 2029 1479 2092 ab

127 2117 298 2182 occidentis
329 2117 422 2198 plaga
450 2136 504 2199 per
535 2115 788 2179 meridianamin
817 2115 993 2180 orientalem
1016 2113 1172 2192 tehderet;
1204 2124 1238 2179 ut
1262 2117 1341 2198 quod
1364 2117 1427 2198 jaun
1448 2119 1481 2184 ia

125 2206 266 2270 Piscibus
289 2208 471 2296 contigerat,
494 2224 564 2272 mox
587 2203 725 2268 similiter
747 2203 831 2268 deret
854 2204 885 2268 in
907 2203 1025 2280 Ariete,
1047 2213 1121 2286 post
1141 2204 1280 2270 iaTauro
1295 2214 1328 2270 et
1346 2205 1390 2272 sic
1404 2225 1480 2272 nou-

126 2304 298 2379 sequenter.

213 2403 302 2467 Haec
325 2402 426 2482 omnia
449 2383 565 2484 siquis
588 2399 732 2468 fasciculo
760 2417 819 2462 uno
851 2405 1012 2480 componat
1043 2398 1190 2483 simulque
1222 2402 1347 2476 credat,
1379 2400 1482 2467 Solem

126 2513 158 2556 rc
178 2511 256 2564 vera
278 2491 391 2554 moveri
422 2511 519 2578 annno
550 2490 650 2570 spatio
672 2507 727 2569 per
749 2487 920 2564 andiacum,
953 2489 1033 2570 quod
1056 2490 1210 2553 credidere
1232 2491 1427 2554 Ptolemaeus
1449 2499 1483 2562 at

126 2581 230 2666 'lycbo
251 2580 410 2658 Brabeus,
433 2589 505 2644 tunc
528 2599 653 2644 necesse
677 2586 726 2641 est
749 2579 928 2654 concedere,
960 2577 1049 2642 trium
1082 2581 1266 2662 superiorum
1291 2581 1502 2662 planetarum·

125 2671 271 2734 manius
295 2689 349 2750 per
372 2669 503 2752 spatium
526 2671 710 2742 aethereum,
735 2667 824 2731 sicuti
846 2673 918 2729 snut
940 2669 1099 2748 compositi
1122 2689 1160 2732 ex
1182 2670 1319 2752 pluribus
1341 2669 1482 2746 motibus,

126 2780 193 2824 asse
217 2779 252 2822 re
268 2777 342 2822 nera
359 2759 507 2840 spirales3
531 2779 588 2822 non
603 2766 637 2820 ut
659 2757 742 2838 prius
764 2757 807 2820 tili
830 2757 988 2837 glomerati
1011 2759 1109 2831 modo,
1132 2758 1222 2840 spiris
1241 2760 1331 2839 juxta
1353 2759 1482 2825 invicem

125 2849 292 2924 ordinatis,
321 2849 375 2912 sed
399 2848 499 2911 verius
522 2849 552 2910 in
576 2849 672 2928 figura
694 2846 781 2926 panis
812 2846 1083 2928 quadragesimalis
1105 2848 1136 2916 ia
1160 2848 1237 2914 bunc
1266 2847 1328 2912 lere
1350 2848 1483 2913 modum·

214 2960 299 3016 Haec
319 2965 364 3013 eat
384 2964 518 3014 usuratu
537 2957 688 3014 delineatio

124 3045 249 3098 matum
274 3040 377 3095 stellae
397 3039 516 3105 Martis,
548 3055 616 3112 quos
636 3055 687 3109 per

125 3139 224 3178 auram
254 3120 416 3177 aetheream
435 3120 484 3176 ille
505 3111 626 3176 decurrit
645 3119 682 3173 ab
735 3130 739 3140 ’

125 3220 199 3259 anua
215 3201 293 3258 1580
314 3217 401 3273 usque
421 3204 457 3257 ad
473 3217 573 3258 mum
596 3199 681 3264 leco,
786 3191 792 3202 ’

122 3285 265 3340 siveram
286 3287 346 3347 est,
367 3282 481 3338 ‘lernam
500 3290 589 3348 stare,
611 3282 683 3352 quod

122 3365 304 3422 Ptolemaeus
318 3366 348 3416 et
360 3363 486 3419 Braherm
501 3363 606 3420 volunt.
626 3361 682 3416 Eos

122 3452 213 3504 mom
222 3443 343 3500 ulterius
353 3443 683 3514 continuarqperplexura

122 3533 186 3582 erat
200 3526 341 3580 murrum:
356 3523 566 3590 namqnonuexio
575 3522 683 3578 intuita

122 3613 179 3673 est,
208 3619 352 3677 nunquam
372 3603 401 3662 iu
420 3621 451 3658 se
478 3603 567 3676 ipsam
591 3619 682 3660 recur-

121 3704 197 3744 rens.
239 3685 280 3740 Et
300 3691 382 3750 nom,
414 3687 484 3758 quod
514 3701 574 3739 cum
603 3689 684 3738 tauta

120 3767 285 3842 requiram
304 3763 424 3821 restitas
445 3765 518 3821 orbis
531 3763 635 3828 Martii,
655 3765 684 3817 iu

121 3845 326 3921 angustissimo
350 3851 452 3917 postea
475 3846 586 3901 circelln
612 3844 685 3900 circa

120 3933 147 3984 Δ
166 3929 286 3984 Terram
311 3926 427 3998 ejusque
455 3926 618 3998 spatioloB
644 3926 683 3979 iu-

122 4009 196 4068 cladi
210 4007 356 4086 ‚aptum
370 4005 450 4073 Sciit,
470 4007 596 4071 Veneris,
610 4005 683 4062 Mer·
729 3975 746 4071 i

122 4089 204 4157 narii,
226 4089 338 4154 Lunae,
364 4087 454 4159 ignis,
475 4088 562 4156 aeris,
583 4102 683 4158 aquae,

122 4179 233 4234 «πως
255 4175 342 4241 atque
356 4171 390 4223 de
408 4169 461 4223 boc
480 4167 541 4240 ipso
562 4166 683 4238 spatiolo

124 4251 172 4307 nui
203 4249 309 4306 Venari
343 4249 441 4304 cadere
480 4246 684 4319 portiunculam

126 4332 305 4404 metutam,
319 4329 447 4385 nimirum
455 4330 542 4386 multo
551 4326 684 4398 madorem

127 4413 155 4468 in
182 4410 380 4485 proportione,
410 4425 493 4482 quam
520 4408 606 4464 Marti
638 4408 684 4462 hic

129 4493 320 4550 oeanitdetoto
330 4491 417 4563 nujus
427 4489 573 4546 schematis
583 4489 683 4560 spatio.

130 4573 230 4630 smiles
244 4579 342 4630 antam
355 4571 449 4644 spiras
463 4571 586 4644 cogimur
599 4569 684 4625 etiam

133 4653 363 4727 qnatanrreliquia
372 4651 538 4718 adscribere,
548 4649 684 4707 etVeueri

132 4734 229 4808 quidam
247 4737 341 4795 multo
362 4731 568 4806 perplexiones,
590 4732 613 4786 si
633 4731 721 4788 Terra
741 4737 808 4787 stat.
840 4730 982 4802 Spirannm
1002 4729 1117 4784 istarum
1137 4741 1245 4792 muru,
1268 4723 1397 4791 ordinem,
1419 4743 1482 4782 aon·

128 4819 247 4876 stantiam
269 4825 300 4875 at
321 4811 544 4889 regeneratam
563 4811 686 4883 explicat
708 4813 885 4869 Ptolemaeus
905 4818 936 4866 et
955 4809 1098 4865 Brabeus:
1125 4805 1190 4874 ille,
1212 4804 1344 4880 epiayclis
1365 4805 1481 4884 siugulis

124 4899 330 4960 amatricis
356 4896 541 4969 planetam
570 4891 742 4970 singulorum
770 4891 974 4959 circumductis,
1003 4889 1051 4964 qui
1075 4892 1177 4946 motura
1196 4887 1269 4945 Solis
1290 4886 1482 4946 latitarem:
