3674 5532
604 345 665 400 em
683 347 775 400 nerea
812 345 894 414 capue
912 347 999 402 xxm.
1401 345 1465 417 293

135 521 270 584 bisecans
293 543 336 596 nc
358 522 389 586 in
412 526 446 598 λς
470 533 501 586 et
524 528 736 587 connectantur
758 547 819 602 μ,α
841 543 907 586 cnm
925 526 954 603 β.
988 523 1063 588 Cum
1079 545 1150 607 ergo
1174 529 1243 606 ααβ
1264 529 1306 591 sit
1324 531 1479 610 graduum

135 611 313 690 integrorum
336 614 480 693 angulus,
512 613 569 676 erit
592 622 623 675 et
645 613 780 676 residuus
803 615 891 692 αβα,
923 615 1007 695 eique
1031 615 1164 694 aequalis
1186 623 1265 693 μαδ
1288 618 1468 698 integrorum

136 703 291 780 graduum,
325 708 356 762 et
379 702 408 764 in
432 701 589 780 triangulis
612 695 695 780 βἀα,
718 703 738 778 β
746 703 793 764 λα
818 701 965 766 similibus
989 721 1112 785 aequae
1136 706 1193 767 erit
1215 705 1295 768 latns
1319 731 1358 768 κα
1382 709 1469 770 lateri

134 791 184 866 λβ,
207 796 240 850 et
262 790 304 866 κβ
326 789 384 869 ipsi
407 794 462 852 λα.
507 791 565 854 Est
595 799 693 852 antem
722 792 765 869 λβ
786 791 869 853 sinus
892 792 992 870 anguli
1015 793 1096 869 λμβ,
1120 795 1194 870 λαβ;
1224 803 1254 858 et
1281 796 1374 875 ipsius
1397 799 1469 874 λμβ

135 879 382 959 complementum
405 889 453 942 est
475 882 556 958 λβμ,
581 883 664 960 λβας
689 879 810 961 ejusque
825 879 907 943 sinus
923 881 1003 942 linea
1025 884 1042 942 λ
1049 906 1080 957 μ,
1095 884 1150 956 λη
1174 893 1205 944 et
1219 883 1348 963 ipsarum
1362 909 1416 960 αμ,
1431 909 1471 946 αα

135 967 302 1030 differentia
322 969 375 1030 λα.
420 969 515 1049 Atqui
539 969 722 1050 quantitates
739 972 789 1044 λα,
805 970 925 1049 idjam
941 970 1079 1032 inventae
1094 971 1207 1033 suntin
1225 974 1371 1052 triangulo
1393 976 1468 1050 αβα.

133 1057 210 1135 Ergo
252 1056 338 1119 unius
376 1058 518 1137 trianguli
550 1077 605 1136 ope
638 1066 764 1138 quatuor
794 1058 919 1120 inveniri
949 1067 1075 1138 possunt
1102 1059 1263 1122 distantiae
1300 1062 1473 1142 aequalibus

134 1144 253 1224 angulis
284 1147 323 1207 ad
355 1170 391 1222 α,
423 1156 540 1208 remota
569 1169 588 1208 a
611 1148 690 1208 linea
713 1147 849 1225 apsidum
885 1147 1007 1227 ejusque
1036 1149 1271 1228 perpendiculari
1299 1146 1339 1228 ζη
1365 1170 1418 1230 per
1454 1175 1475 1212 α

132 1235 238 1296 ducta:
272 1244 320 1297 est
351 1235 428 1298 enim
460 1233 530 1312 μαζ
549 1236 682 1316 aequalis
712 1235 769 1316 ipsi
799 1240 875 1298 θαλ
907 1244 939 1297 et
967 1256 1035 1312 req
1065 1237 1123 1317 ipsi
1149 1260 1217 1300 sca.
1276 1239 1334 1300 Est
1370 1241 1470 1320 itaque

132 1323 310 1404 longissima
333 1325 479 1388 distantia
502 1325 530 1386 iu
555 1331 582 1400 d,
604 1325 780 1387 brevissima
803 1325 831 1385 in
855 1348 879 1399 a,
903 1325 1058 1387 mediocris
1073 1344 1143 1387 vero
1159 1335 1190 1390 et
1204 1327 1337 1408 aequalis
1354 1328 1409 1407 ipsi
1425 1324 1474 1406 βζ,

132 1432 188 1474 non
211 1414 243 1476 in
268 1409 322 1492 ζης
345 1415 399 1477 sed
422 1434 516 1496 neque
540 1414 568 1476 in
593 1413 672 1477 linea
693 1432 747 1493 per
768 1415 797 1491 β,
823 1413 879 1493 ipsi
902 1409 943 1488 ζα
965 1415 1120 1494 parallelo,
1143 1436 1218 1498 quae
1239 1416 1280 1478 sit
1303 1413 1351 1490 ξο.
1396 1417 1477 1485 Nam

133 1499 174 1576 αζ
198 1501 298 1566 minor
329 1512 378 1565 est
405 1523 493 1585 quam
519 1500 579 1582 βζ,
609 1522 645 1564 eo
675 1502 754 1584 quod
775 1502 889 1568 minori.
903 1498 922 1574 ζ
927 1503 947 1580 β
956 1526 976 1565 α
999 1503 1196 1568 subtendatur
1219 1524 1305 1586 quam
1330 1495 1388 1566 est'
1400 1502 1473 1584 ῑαβ,

133 1599 234 1674 utpote
259 1601 377 1668 rectns;
402 1600 433 1654 et
455 1590 498 1667 αξ
519 1592 611 1655 ducta
632 1591 750 1670 longior
772 1599 820 1653 est
843 1609 932 1671 quam
954 1589 1012 1669 βξ,
1032 1611 1067 1654 eo
1090 1595 1166 1676 quod
1191 1595 1297 1674 majori
1319 1591 1387 1672 ξβα
1410 1596 1475 1668 (ut-

133 1691 200 1761 pote
224 1684 326 1756 recto)
350 1683 560 1756 subtendatur,
585 1679 626 1760 ξβ
650 1699 718 1743 vero
742 1679 848 1743 minori
870 1678 955 1758 ξαβ.

217 1771 264 1833 Ut
288 1778 388 1834 autem
412 1770 575 1834 distantiae
600 1771 715 1832 mediae
739 1770 823 1832 locus
846 1769 1026 1849 geometrice
1044 1769 1224 1849 designetur,
1256 1772 1405 1834 bisecetur
1427 1774 1477 1851 αβ

133 1859 214 1938 signo
240 1883 271 1936 c,
296 1879 406 1941 perque
428 1860 485 1923 hoc
508 1858 761 1940 perpendicularis
784 1857 842 1938 ipsi
866 1859 913 1934 αβ
935 1867 1043 1937 agatur
1065 1879 1128 1939 αρ,
1151 1877 1258 1922 secans
1282 1861 1423 1923 circulum
1445 1863 1475 1924 in

133 1969 161 2024 a,
176 1972 203 2028 ρ.
241 1949 322 2012 Dico
346 1949 421 2011 haec
444 1969 511 2011 esse
535 1949 623 2028 signa
646 1945 812 2028 aequaliter
836 1946 873 2008 ab
898 1969 917 2007 α
942 1955 972 2008 et
995 1967 1013 2007 a
1035 1949 1056 2026 β
1078 1947 1232 2011 distantia.
1272 1949 1476 2015 Conuectatur

135 2038 208 2100 enim
233 2038 363 2102 alterum
387 2039 540 2118 signorum
562 2059 584 2100 α
607 2057 672 2099 cum
695 2060 715 2098 α
738 2043 770 2098 et
792 2055 858 2097 cnm
880 2036 915 2113 β,
940 2043 1026 2097 erunt
1048 2059 1108 2110 αα,
1127 2038 1176 2115 αβ
1205 2038 1380 2120 aequalibus
1409 2040 1476 2114 (ut-

134 2135 201 2206 pote
224 2129 335 2202 rectis)
359 2127 477 2208 angulis
499 2147 585 2201 ασα,
607 2127 688 2204 ασβ
711 2125 881 2200 suscenses,
906 2133 938 2186 et
960 2127 1071 2201 ασ,σβ
1094 2127 1246 2208 aequales,
1272 2135 1303 2190 et
1324 2149 1369 2190 ασ
1393 2147 1478 2191 com-

135 2217 237 2279 munis.
286 2217 368 2296 Ergo
395 2238 454 2293 αα,
478 2217 524 2294 αβ
557 2217 707 2295 aequales.
754 2215 796 2276 Et
826 2214 869 2274 sic
898 2213 1066 2276 Reinholdo
1094 2223 1240 2295 usurpata
1261 2217 1477 2280 demonstratio

136 2303 170 2366 de
192 2313 261 2369 tota
285 2330 325 2388 ay
346 2315 378 2368 et
401 2306 465 2387 ejus
487 2303 586 2368 medio
609 2312 718 2384 puncto
741 2304 771 2382 β,
795 2321 866 2364 vera
888 2311 990 2364 manet
1003 2303 1049 2390 “de
1072 2311 1181 2382 puncto
1201 2327 1221 2366 σ
1240 2304 1406 2368 etdimidia
1424 2307 1477 2384 αβ.
1556 2377 1561 2388 1

218 2397 327 2459 Possit
350 2395 441 2474 igitur
462 2394 568 2474 aliquis
590 2393 738 2472 cogitare,
763 2410 830 2452 cum
853 2389 881 2451 in
905 2411 926 2452 rr
948 2389 1094 2452 distantia
1116 2415 1166 2454 απ
1188 2393 1242 2456 flat
1265 2395 1399 2476 aequalis
1423 2395 1481 2475 ipsi

135 2483 176 2558 βα
198 2483 443 2559 semidiametro,
467 2483 608 2562 angulum
630 2481 720 2544 etiam
743 2482 815 2558 βαα
838 2479 981 2559 majorem
1005 2499 1072 2542 cese
1097 2480 1163 2561 ipso
1186 2479 1267 2558 βζα,
1293 2492 1325 2544 et
1343 2483 1387 2545 sic
1410 2501 1477 2546 ma-

135 2571 243 2635 ximam
270 2573 477 2653 aequationem
500 2570 530 2634 in
553 2591 574 2632 α
595 2569 783 2650 contingere:
807 2575 981 2649 argumento
1005 2584 1086 2644 usus,
1111 2572 1189 2650 qnod
1204 2578 1288 2634 recta
1311 2571 1360 2648 βα
1382 2571 1440 2652 ipsi
1456 2592 1478 2634 α

138 2659 276 2725 directius
304 2661 463 2742 objiciatur
495 2679 584 2740 quam
611 2659 670 2739 ipsi
697 2655 722 2732 ζ.
777 2657 871 2738 Atqui
900 2675 1002 2718 verum
1025 2677 1083 2720 non
1107 2667 1171 2732 est,
1204 2660 1282 2741 quod
1314 2668 1380 2724 erat·
1407 2680 1479 2742 pro-

137 2751 273 2829 positum.
325 2749 404 2813 Nam
432 2757 543 2832 quanto
576 2747 722 2826 obliquius
749 2747 795 2825 βα
818 2745 940 2826 respicit
961 2741 993 2822 ζ,
1023 2754 1108 2809 tanto
1132 2747 1249 2829 longius
1273 2749 1406 2815 vicissim
1429 2750 1478 2812 di-

138 2847 197 2902 stat
218 2863 240 2902 α
262 2859 354 2922 quam
376 2835 400 2914 ζ’,
424 2858 491 2902 cum
513 2859 560 2900 αα
581 2837 622 2900 sit
645 2835 760 2917 longior
783 2854 870 2916 quam
889 2831 951 2916 ¹lor,
976 2835 1071 2915 major
1094 2836 1172 2898 enim
1194 2839 1268 2916 αβσ
1291 2857 1381 2918 quam
1402 2833 1477 2917 ζβά,

139 2929 180 2990 cui
201 2925 243 3002 ζα
266 2929 466 2992 subtenditur.

219 3019 451 3080 Demonstravit
473 3015 563 3096 igitur
585 3019 666 3077 recte
689 3012 879 3075 Ptolemaeus
904 3018 935 3072 et
957 3030 995 3072 ex
1018 3029 1052 3070 eo
1068 3011 1253 3074 Reinholdus
1271 3014 1302 3074 in
1316 3013 1479 3088 Theoricis,

139 3107 296 3170 maximam
320 3107 526 3187 aequationem
550 3102 695 3178 (eccentri
719 3100 835 3181 quidem
864 3099 1030 3162 solitariam
1057 3118 1111 3160 seu
1135 3100 1281 3179 opticam)
1305 3102 1478 3182 contingere

138 3195 165 3256 in
193 3195 217 3272 ζ.
271 3199 350 3260 Eam
379 3205 479 3258 tamen
509 3190 793 3256 demonstrationem
822 3188 852 3250 in
881 3188 978 3250 forma
999 3187 1060 3250 alia
1083 3187 1210 3251 faciliori
1233 3189 1281 3251 hic
1303 3208 1477 3270 proponam.

139 3283 185 3347 Sit
206 3288 325 3368 signnm
357 3286 558 3367 qualecunque
590 3299 681 3361 supra
703 3274 734 3354 ζ,
757 3285 861 3358 utpote
883 3280 927 3351 o,
958 3285 989 3338 et
1012 3277 1212 3358 qualecunque
1241 3277 1358 3355 infraq
1380 3277 1477 3357 vell,

138 3383 288 3456 utpotae,
319 3381 350 3437 et
372 3378 588 3436 connectantur
620 3387 686 3431 cum
709 3387 746 3443 α,
776 3374 808 3428 et
839 3366 919 3442 θιβ
948 3365 1210 3446 perpendiculares
1242 3368 1353 3430 cadant
1373 3368 1404 3430 in
1426 3372 1479 3431 θα

138 3464 182 3525 vel
204 3490 239 3528 ια
261 3464 477 3537 continuatam,
500 3479 576 3542 qnae
600 3458 661 3520 sint
683 3459 734 3536 βκ.
781 3455 861 3527 Quia
887 3453 978 3534 igitur
1008 3455 1150 3535 aequales
1179 3462 1249 3518 sunt
1271 3452 1340 3529 λαζ
1360 3464 1391 3518 et
1412 3459 1481 3535 βαα

139 3558 237 3633 utpote
260 3554 348 3630 recti,
372 3563 404 3616 et
425 3553 507 3628 κβα,
532 3549 598 3626 ααβ
615 3545 712 3626 juncti
735 3543 876 3624 aequales
899 3543 951 3604 nni
974 3550 1073 3617 recto,
1097 3542 1203 3605 eodem
1225 3543 1318 3624 igitur
1337 3549 1409 3612 dud
1430 3547 1481 3610 vel

140 3640 204 3714 βαα
227 3645 266 3706 ab
296 3642 471 3724 aequalibus
499 3637 615 3712 ablato,
647 3635 851 3716 relinquentur
872 3627 958 3708 θαζ,
989 3633 1057 3710 κβα
1088 3631 1241 3712 aequales.
1288 3634 1329 3696 Et
1352 3635 1479 3714 primum

141 3739 223 3812 atque
247 3753 342 3814 snpra
364 3739 505 3814 punctum
526 3723 545 3800 ζ
564 3725 682 3790 ducitur
704 3723 805 3803 aliqua
826 3739 880 3801 per
903 3744 932 3794 α,
957 3728 990 3782 nt
1008 3721 1073 3802 jam
1085 3725 1149 3796 θα,
1174 3741 1227 3784 seu
1249 3722 1417 3803 proximum
1439 3725 1481 3788 sit

140 3818 274 3900 dipsil
294 3841 348 3884 seu
370 3827 535 3891 remotum,
559 3815 646 3878 simul
671 3812 762 3874 etiam
784 3830 804 3872 a
826 3809 872 3888 βα
895 3809 1030 3871 declinat
1052 3809 1134 3872 illins
1156 3811 1413 3890 perpendicularis
1426 3816 1477 3892 βα

142 3908 234 3990 Major
256 3919 360 3974 autem
383 3919 432 3972 eat
453 3909 498 3986 βα
521 3923 608 3987 qnam
635 3903 697 3965 nlla
725 3897 1015 3982 perpendicularinm
1036 3899 1092 3976 βα,
1121 3918 1188 3962 cum
1210 3901 1255 3978 βα
1283 3901 1479 3965 subtendatur

141 3999 325 4074 damoeta,
349 4001 484 4076 pavero
519 4001 606 4056 acuto
629 3993 695 4070 βακ
718 3999 748 4052 et
769 3988 885 4051 minori.
933 3985 1009 4050 Cum
1036 3995 1137 4050 autem
1164 3984 1217 4064 βζ,
1250 3988 1313 4065 βθ,
1346 3991 1382 4068 βα
1416 3990 1479 4053 sint

143 4089 289 4168 aequales,
315 4097 347 4150 et
367 4083 445 4166 βαζ,
469 4087 547 4163 dett,
570 4083 628 4160 βκι
649 4079 742 4154 recti;
766 4075 915 4158 quadrant
937 4075 1027 4155 igitur
1050 4077 1081 4151 in
1101 4077 1226 4140 eundem
1249 4077 1475 4149 semicirculum,

143 4177 219 4256 cujus
251 4178 400 4240 diametm
430 4183 478 4238 cst
507 4170 642 4252 aequalis
674 4167 748 4247 ipsis
780 4161 833 4243 βζ,
864 4167 927 4242 ild,
960 4165 1004 4244 βι.
1052 4165 1159 4246 Itaque
1192 4165 1237 4244 βα
1265 4166 1313 4238 (ut
1343 4166 1475 4247 longior)

143 4266 281 4345 majorem
315 4261 582 4328 circumferentiam
612 4254 817 4337 hujuscemodi
851 4253 977 4333 alicujus
1008 4253 1185 4318 semicirculi
1216 4252 1369 4317 subtendit
1391 4273 1480 4334 quam

147 4353 182 4428 da
202 4365 255 4418 aut
278 4371 471 4436 quaecunque
500 4343 808 4431 perpendicularinm3
842 4349 873 4404 et
894 4341 1018 4421 proinde
1050 4343 1145 4423 major
1172 4343 1231 4406 erit
1258 4343 1322 4424 ejus
1351 4343 1478 4424 angulus
1572 4413 1576 4429 ‚

145 4437 208 4516 βζα
234 4462 327 4525 qnam
349 4445 419 4522 βθκ
446 4447 499 4504 aut
529 4438 728 4518 cujuscunque
756 4431 858 4514 puncti
886 4429 1010 4493 alterius
1038 4450 1130 4511 supra
1151 4427 1181 4507 ζ,
1209 4437 1312 4512 utpote
1335 4451 1356 4496 a
1378 4433 1428 4494 vel
1450 4429 1477 4508 ξ,

148 4533 266 4612 mgnlus
288 4531 606 4613 prosthaphaereseos.
653 4518 741 4593 Quod
763 4528 829 4584 erat
851 4519 1123 4600 demonstrandum.

226 4617 315 4693 Quae
337 4621 394 4684 hoc
416 4618 514 4698 capite
546 4615 582 4678 de
605 4609 812 4691 computandis
835 4607 986 4670 distantiis
1001 4605 1083 4670 Solis
1107 4614 1138 4668 et
1155 4608 1266 4670 Terrae
1289 4613 1359 4670 sunt
1381 4608 1476 4686 dicta,

146 4707 281 4772 valebunt
314 4709 405 4771 etiam
427 4705 589 4779 inMarte,
619 4699 791 4784 quantisper
814 4697 870 4760 erit
891 4697 921 4759 in
945 4695 1124 4777 suppositis,
1147 4695 1336 4776 planetarum
1358 4697 1474 4760 orbitas

147 4809 207 4858 case
229 4797 360 4860 circulos
381 4796 538 4878 periectos.
584 4787 651 4864 Quo
674 4787 751 4851 laiso
775 4786 973 4867 deprehenso,
998 4784 1059 4848 elia
1080 4783 1236 4848 methodus
1260 4785 1397 4849 tradetur
1420 4805 1473 4850 eas

148 4885 345 4968 computandi.

720 4991 902 5006 m-
