3678 5532
317 263 384 340 ⁴¹32
545 331 551 352 ,
797 281 838 336 De
855 282 961 338 llotlbm
978 281 1072 338 Stellae
1084 259 1176 338 'uerna

317 450 392 516 nihil
424 460 473 518 est
501 455 628 536 negotii,
657 477 710 540 per
732 459 920 542 quotidianas
944 459 1024 524 Solia
1053 461 1270 524 declinationes
1297 459 1492 541 pronunciare
1519 458 1556 522 de
1578 477 1653 533 vua

317 543 382 622 ejus
406 543 593 623 elongatione
617 569 635 609 a
657 557 776 628 puncto,
800 550 877 630 quod
901 549 954 614 Sol
978 557 1111 630 tempore
1134 552 1213 613 dicto
1232 549 1411 631 aequinoctii
1428 549 1533 624 tenuit,
1554 549 1653 629 quod-

214 643 219 650 '
318 651 432 712 cunque
461 633 534 696 illud
563 643 616 698 aut
638 637 668 698 in
690 658 860 720 quacunque
884 639 1013 725 sphaera
1035 647 1193 702 statuatur.
1238 639 1316 702 Nam
1339 638 1391 700 alii
1413 638 1492 700 aliae
1513 639 1581 700 huic
1596 657 1653 698 ne-

317 721 400 798 gotio
432 723 577 802 sphaeras
610 726 803 807 deputarunt,
835 747 900 790 cum
929 739 1000 808 post
1028 735 1166 792 octavam
1198 738 1229 790 et
1251 747 1359 790 nonam
1382 748 1401 789 a
1422 727 1652 790 Ptolemaeo

317 809 496 873 constitutas
524 813 667 892 sphaeras
697 816 749 880 alii
772 817 933 892 decimam,
962 818 1161 882 recentissimi
1183 817 1370 880 undecimam
1394 825 1425 880 et
1448 816 1654 880 duodecimam

317 899 488 962 vanissimis
519 903 773 981 speculationibus
804 906 1027 983 constitunrint3
1057 927 1144 989 quam
1172 911 1448 986 acicnpcyaoowqr
1477 905 1653 969 Braheus

315 989 507 1051 vehementer
531 991 686 1074 increpuit.
731 997 775 1060 At
798 996 868 1077 quid
891 997 921 1058 in
944 1016 1045 1058 earum
1067 997 1164 1061 locum
1187 995 1367 1058 substituere
1391 994 1548 1076 cogitarit,
1579 993 1655 1056 mihi

317 1095 465 1158 nunquam
488 1079 566 1142 dixit
586 1101 640 1144 nec
664 1084 807 1164 scriptum
829 1085 950 1166 reliquit
973 1086 1066 1148 ullibi.
1097 1085 1334 1165 Copepnicus
1349 1085 1468 1166 quidem
1483 1085 1531 1157 (ut
1545 1083 1654 1164 vulgus

314 1165 446 1250 judicat)
471 1167 545 1229 scite
568 1177 600 1230 et
623 1171 741 1248 festive,
768 1175 817 1247 (ut
843 1177 914 1254 ego)
945 1177 1098 1257 sapienter
1129 1175 1218 1248 lecit,
1251 1175 1301 1254 qui
1333 1175 1426 1236 oculis
1449 1193 1468 1234 a
1490 1174 1573 1236 coelo
1597 1173 1655 1234 de-

318 1253 416 1318 ductis
441 1258 589 1336 quaesivit
612 1259 640 1322 id
664 1271 805 1340 punctum
827 1263 857 1324 in
881 1265 945 1345 ipso
969 1265 1058 1344 globo
1081 1263 1224 1340 Telluris,
1258 1264 1303 1326 cui
1326 1264 1356 1324 iu
1380 1265 1502 1326 lixarum
1526 1263 1656 1343 sphaera

317 1353 457 1424 punctum
485 1347 618 1443 quolibqt
640 1352 738 1413 seculo
761 1360 875 1416 certum
898 1354 1109 1432 supereminet,
1132 1362 1165 1415 ut
1188 1373 1253 1434 cap.
1269 1352 1415 1418 LXVIII.
1431 1352 1552 1416 dictum.
1590 1351 1656 1414 Sed

318 1435 404 1514 hujus
427 1435 485 1496 loci
509 1455 567 1498 uon
590 1446 638 1500 εει
660 1441 803 1519 prolixius
826 1441 888 1504 ista
910 1443 1068 1506 discutere.

407 1523 460 1586 Ill.
495 1523 637 1605 Sequitur
668 1529 882 1593 demonstratio
912 1531 1108 1615 aequationis,
1132 1551 1206 1614 quae
1230 1530 1336 1594 nititur
1358 1528 1439 1593 Solis
1466 1527 1654 1608 ingressibus

317 1612 486 1674 observatis
515 1613 543 1676 in
570 1615 717 1698 principia
747 1620 941 1684 cardinalium
967 1621 1130 1700 signorum.
1175 1620 1363 1701 Aequatione
1393 1619 1470 1682 euim
1494 1618 1531 1680 ab
1555 1636 1654 1698 appa-

318 1689 395 1764 renti
426 1701 491 1764 loco
515 1701 595 1768 Solis
624 1708 780 1770 subtracta
809 1712 858 1772 vel
881 1711 1002 1785 addita,
1033 1711 1223 1773 constituitur
1249 1709 1362 1772 medius
1386 1707 1467 1770 Solis
1493 1713 1590 1768 motus
1614 1705 1654 1768 ab

318 1791 369 1852 5¹¹0
397 1800 516 1870 111ῑῦ010,
546 1795 623 1872 quod
647 1795 702 1862 Sol
726 1797 904 1878 aequinoctii
930 1809 1062 1880 tempore
1086 1799 1218 1862 obtinere
1241 1799 1324 1860 visus
1347 1805 1404 1859 εει.
1449 1797 1580 1860 Rursum
1603 1795 1653 1857 bic

318 1880 354 1940 de
389 1882 578 1959 aequaliffltis
608 1888 775 1962 quantitate
803 1889 899 1969 major
928 1896 975 1952 est
997 1889 1158 1964 dubitatio,
1191 1907 1277 1968 quam
1300 1886 1383 1966 prius
1406 1887 1442 1948 de
1465 1884 1653 1967 aequinoctio

320 1969 367 2028 vel
395 1968 541 2050 principio
572 1975 696 2039 zodiaci.
746 1977 826 2040 Nam
853 1979 941 2042 hodie
973 1978 1028 2040 illa
1059 1977 1210 2060 aequatio¹
1225 1976 1319 2038 minor
1341 1983 1467 2058 apparet
1489 1971 1542 2038 20¹
1565 1993 1656 2054 quam

320 2067 463 2139 quantam
491 2061 682 2144 llipparobus
711 2066 934 2137 demonstrasse
964 2067 1021 2130 sibi
1050 2067 1132 2131 visus
1165 2075 1212 2128 εει
1242 2065 1489 2145 Ptolemaeusque
1519 2062 1653 2126 retinuit.

319 2149 384 2210 Nec
409 2157 456 2209 εει
478 2168 571 2212 cansa
594 2154 669 2214 satis
689 2154 782 2232 justa,
807 2177 859 2219 cur
882 2157 1025 2233 dicamus,
1048 2157 1135 2220 hodie
1159 2157 1248 2218 aliem
1271 2174 1337 2216 esse
1353 2153 1467 2218 orbium
1480 2151 1654 2233 proportio-

318 2255 384 2298 nero
408 2256 495 2316 quam
520 2239 598 2301 olim.
645 2244 834 2308 Affirmatum
866 2249 942 2310 enim
971 2246 1091 2308 maximi
1113 2244 1253 2308 momenti
1277 2252 1346 2324 eget
1368 2242 1536 2305 firmissimo
1560 2241 1652 2302 testi·

318 2323 426 2399 monio,
451 2345 507 2404 quo
532 2347 675 2395 caremus.
721 2334 785 2396 Nec
814 2335 890 2398 enim
921 2337 1081 2397 observata
1103 2334 1155 2395 illa
1177 2343 1239 2396 tam
1263 2341 1389 2414 possunt
1408 2351 1477 2394 esse
1501 2337 1652 2404 accurata,

320 2414 499 2494 praesertim
528 2417 607 2478 circa
634 2418 797 2498 ingressum
826 2423 856 2499 ip
885 2439 916 2490 ει
946 2433 977 2486 ει
1003 2429 1045 2502 5.
1099 2422 1214 2495 Quodsi
1243 2423 1457 2487 substituamus
1480 2419 1654 2484 Ptolemaeo

321 2502 517 2582 aequationes
545 2505 714 2584 hodiernus,
746 2531 804 2572 non
834 2511 1011 2575 mutabimus
1034 2513 1100 2594 ejus
1122 2511 1347 2574 observationes
1369 2518 1470 2583 tanto,
1497 2507 1575 2590 quod
1598 2508 1654 2570 ob-

321 2591 469 2654 servando
492 2610 524 2650 se
549 2597 799 2675 comprehendere
822 2599 1011 2664 Ptolemaeus
1034 2603 1098 2682 ipse
1122 2603 1261 2676 fateatur,
1286 2608 1317 2662 ει
1339 2619 1395 2680 quo
1419 2599 1516 2679 majus
1541 2597 1654 2678 aliquid

318 2677 417 2739 noceri
451 2680 549 2758 potnit
586 2685 777 2750 Ptolemaiois
809 2690 1065 2753 observationibus
1098 2691 1136 2752 ab
1172 2692 1237 2772 ipso
1270 2689 1480 2754 refractionem
1519 2687 1652 2767 negotio.

320 2769 399 2830 Nam
428 2787 584 2848 possumus
613 2773 690 2836 diem
720 2777 871 2840 observati
894 2779 1072 2860 aequinoctii
1094 2780 1268 2844 Ptolemaioi
1292 2787 1403 2840 certam
1427 2775 1534 2852 lateri,
1562 2776 1654 2838 boras

322 2855 440 2918 interim
464 2859 579 2940 aliquot
602 2862 681 2926 illius
705 2865 763 2927 dici
787 2869 815 2929 in
839 2869 951 2932 incerto
974 2887 1099 2951 ponere:
1130 2870 1180 2932 ubi
1204 2869 1364 2931 vernalium
1387 2875 1419 2929 et
1441 2865 1656 2930 autumnalium

321 2945 574 3026 aequinoctiorum
597 2953 728 3016 societas
752 2977 818 3018 sese
840 2978 899 3020 non
922 2959 967 3020 ita
990 2959 1122 3021 defendit
1145 2969 1248 3022 contra
1269 2976 1392 3038 parvum
1414 2957 1492 3019 bunc
1511 2973 1653 3029 errorem,

322 3035 439 3116 dequo
465 3037 594 3118 ammos,
632 3051 665 3104 ut
688 3045 769 3124 prins
792 3055 896 3109 contra
918 3047 1001 3110 illum
1022 3068 1171 3128 magnum.
1225 3047 1305 3112 Saue
1337 3045 1428 3108 luisse
1459 3043 1655 3124 aequationes

321 3142 395 3186 aevo
418 3125 585 3190 Ptolemaei
610 3133 751 3213 aequales
774 3136 896 3210 nostris,
919 3138 1018 3216 arguit
1040 3138 1210 3200 constantia
1232 3136 1445 3199 modernorum.
1490 3133 1570 3197 Nam
1592 3132 1653 3194 lere

320 3214 398 3275 idem
422 3223 479 3292 est,
505 3219 583 3296 quod
605 3220 694 3284 hodie
716 3225 861 3299 Brabens,
887 3227 1018 3308 ‹et-qnod
1039 3226 1239 3306 Albategnins
1262 3224 1396 3305 quodque
1413 3223 1562 3288 Arzaebcl
1583 3229 1653 3283 ante

320 3302 434 3382 aliquot
447 3308 548 3369 secula
563 3307 812 3388 invenerunt.¹⁰⁸)
851 3311 925 3377 Gum
941 3314 1031 3394 igitur
1044 3315 1174 3396 suspicio
1189 3315 1239 3388 sit,
1263 3313 1402 3376 vitiosam
1417 3331 1485 3374 esse
1500 3309 1581 3374 Solis
1596 3329 1652 3372 ae-

321 3392 507 3472 quationem,
530 3416 590 3476 qua
612 3400 802 3475 Ptolemaeus
825 3403 931 3481 utitur,
962 3423 1000 3465 ex
1021 3403 1138 3467 vitiosis
1161 3402 1372 3486 apparentibus
1395 3401 1469 3464 locis
1491 3399 1572 3464 Solis
1596 3399 1652 3462 de-

322 3482 458 3555 ductam,
492 3503 546 3546 nec
577 3486 615 3548 ad
645 3491 735 3552 medii
758 3512 811 3554 nec
835 3494 873 3553 ad
897 3493 1069 3574 apparentis
1092 3492 1173 3556 Solis
1203 3492 1371 3574 oppositum
1397 3491 1482 3554 Mars
1505 3511 1524 3552 a
1545 3487 1653 3552 Ptole-

321 3589 407 3630 maeo
435 3571 511 3638 citra
542 3577 650 3638 erroris
678 3580 773 3641 aleam
804 3582 948 3644 deductus
970 3591 1027 3644 est.
1075 3580 1248 3646 Consolatio
1270 3589 1370 3644 tamen
1393 3581 1467 3643 baec
1490 3586 1549 3654 est,
1575 3578 1653 3659 quod

321 3657 406 3720 nobis
430 3665 586 3741 apparenti
609 3665 690 3730 Solis
713 3670 778 3732 loco
802 3689 876 3750 opus
900 3680 960 3746 est,
985 3672 1067 3751 cujus
1091 3670 1312 3752 comprehensio
1334 3669 1497 3750 praecedit.

407 3749 569 3814 Possumus
599 3764 698 3819 autem
721 3759 857 3820 incedere
880 3761 930 3821 via
952 3761 1088 3839 gemina:
1113 3768 1165 3823 aut
1186 3766 1220 3822 ut
1240 3759 1413 3822 Ptolemaeo
1436 3758 1591 3820 credamus
1615 3755 1652 3818 de

320 3835 529 3916 aequinoctiis,
572 3852 625 3906 aut
654 3855 687 3906 ut
715 3865 751 3908 ex
781 3848 928 3910 modernis
963 3849 1189 3929 aequationibus
1219 3847 1431 3910 correctionem
1459 3844 1654 3913 Ptolemaicia

319 3925 396 3987 banc
420 3927 622 4006 adhibeamus,
649 3944 683 3996 nt
704 3955 825 3998 vernum
848 3937 1064 4018 aequinoctium
1087 3938 1182 4000 tribus
1200 3937 1280 4000 boris
1299 3937 1388 3999 fuerit
1403 3935 1509 4010 serius,
1531 3939 1652 4012 autum-

319 4015 387 4075 nale
418 4017 541 4080 totidem
571 4023 728 4099 maturius,
757 4045 844 4106 quam
876 4034 923 4088 εει
946 4048 965 4088 a
987 4027 1159 4089 Ptolemaeo
1183 4033 1369 4099 annotatum3
1393 4026 1492 4105 itaque
1515 4019 1652 4172 utrinrppe

320 4103 348 4164 io
373 4102 572 4172 declinatione
595 4109 676 4176 Solis
700 4113 789 4176 luerit
812 4124 940 4178 erratum
962 4113 1004 4179 8‘.
1058 4113 1137 4178 Sane
1165 4117 1361 4178 instrumenta
1389 4111 1554 4178 Ptolemaei
1577 4131 1612 4173 su

319 4191 422 4265 tiliora
443 4215 501 4258 uon
523 4197 615 4276 luere,
639 4221 727 4283 quam
751 4223 873 4284 quorum
896 4205 1034 4268 minimae
1057 4205 1222 4286 particulae
1252 4201 1302 4266 10¹
1325 4203 1474 4266 valebant
1520 4201 1562 4264 Et
1583 4197 1652 4264 'col-

319 4283 400 4344 locat
418 4276 608 4366 Hipparchus
631 4309 718 4352 unam
742 4292 909 4372 hujusmodi
932 4294 1143 4374 particularum
1166 4295 1196 4356 in
1219 4291 1317 4356 dubio.
1364 4291 1432 4364 Qua
1455 4292 1490 4352 de
1513 4309 1606 4352 causa
1621 4297 1654 4352 et

318 4379 468 4452 tempora,
502 4375 605 4456 quibus
638 4388 769 4442 moratur
792 4380 844 4444 Sol
876 4383 905 4444 in
937 4383 1150 4465 quadrantibus
1174 4382 1303 4456 zodiaci,
1328 4401 1386 4444 uon
1408 4380 1572 4461 praecisius
1595 4399 1653 4442 ex-

320 4479 427 4541 pressa
449 4463 545 4539 fuere,
568 4486 655 4547 quam
678 4469 893 4550 quadrantibus
915 4471 1038 4536 diemm.
1072 4471 1113 4534 Et
1134 4472 1208 4534 haec
1231 4470 1267 4532 de
1289 4489 1362 4532 vera
1384 4471 1511 4534 aestatis
1525 4467 1653 4532 hiemis-

320 4570 374 4631 que
397 4551 591 4632 longitudiue.
1509 4622 1516 4638 ,

407 4642 462 4704 IV.
497 4639 577 4713 Quid
600 4664 670 4706 vero
694 4664 770 4708 nuuc
793 4647 923 4708 dicemus
946 4648 982 4709 de
1004 4647 1141 4728 ingressu
1164 4646 1245 4710 Solis
1268 4645 1298 4710 in
1316 4644 1463 4710 Cancrum
1486 4654 1517 4708 ει
1540 4643 1653 4730 Capri-

321 4749 456 4806 cornum,
489 4734 564 4795 unde
592 4752 757 4815 apogaeum
789 4742 820 4797 et
846 4735 913 4816 ipsa
940 4737 1148 4818 aequationum
1176 4734 1333 4817 dispositio
1361 4733 1529 4814 dependet?
1561 4755 1651 4816 quam

320 4821 408 4886 lacile
430 4842 505 4888 unus
528 4823 587 4888 diei
610 4823 759 4906 quadrans
781 4822 878 4907 potuit
900 4827 1014 4889 vernali
1032 4826 1175 4890 decedere
1189 4822 1303 4890 zodiaci
1317 4823 1483 4906 quadranti,
1507 4825 1651 4892 accedere
