3582 5558
271 261 337 336 ,90
707 235 808 320 Ursas
826 265 926 332 Ksplerl
945 263 1094 330 aliorumque
1113 266 1214 314 mutuno

294 459 351 498 cnm
368 444 394 496 lu
413 444 541 510 eobpsibns
560 450 612 496 tum
625 443 695 496 aliu.
722 445 795 496 Forte
807 443 880 506 baec,
898 443 1024 510 aliquanto
1034 437 1116 506 maior
1126 446 1217 500 sumta,
1236 437 1427 492 declinationem
1442 433 1556 488 omnibil
1568 433 1645 488 etlam

292 519 412 580 majorem
428 519 493 580 insto
511 517 580 568 iacit.
617 515 704 582 Neque
721 522 807 566 temen
826 531 872 582 ego
891 531 933 580 pro
951 529 992 564 me
1010 513 1078 571 mco,
1107 528 1163 564 cnm
1186 526 1243 564 mea
1269 514 1433 563 insnnmenta
1454 523 1507 559 non
1525 515 1646 581 montera

293 589 344 638 sint
362 593 388 638 et
404 587 440 640 sic
459 588 560 638 eliorum
585 587 662 639 oculis
680 601 719 638 me
738 587 818 638 ridere
846 593 965 652 oporteat
1004 584 1099 635 Curabo
1126 591 1211 634 tamen
1240 585 1305 634 brari
1332 583 1494 648 quadruntom
1519 577 1648 643 ipednm

295 659 509 710 tonantissimum
531 659 591 708 mihi
618 655 670 712 nin
702 659 734 708 ad
755 655 786 720 Q
807 658 1006 714 observationes,
1035 671 1090 706 cunr
1108 656 1212 716 rideam,
1242 661 1340 706 tantam
1367 669 1422 706 esse
1439 655 1464 703 iu
1483 648 1517 714 Q
1537 651 1647 701 omnium

294 730 471 794 simplicissimo
489 729 661 780 differentiam.

385 801 457 862 Quae
474 801 520 854 has
538 808 640 852 noune
658 807 717 852 sont
734 799 821 850 literae
840 799 876 861 (d.
893 796 979 860 totto.
992 799 1051 850 Feb.
1067 795 1148 860 1605)
1168 799 1227 850 nibil
1246 799 1297 850 lere
1316 799 1384 850 eliud
1402 810 1476 864 quarn
1494 792 1650 859 astrologica

296 874 423 923 continent
442 870 532 936 (comp.
547 873 603 922 Vol.
617 872 638 933 1,
660 875 685 936 pi
699 868 780 933 ³52).
794 860 839 924 'Ad
851 871 959 922 Martem
977 886 1033 920 vero
1051 871 1116 921 redit
1127 871 1254 922 Fabricius
1271 873 1297 920 in
1315 871 1392 921 literis
1409 868 1433 918 d.
1453 863 1648 930 d.2l12.Apr.‚

265 989 268 998 ,
296 943 335 992 bis
351 959 419 994 more
438 951 555 994 consueto
574 945 692 1007 incipiens
711 942 832 1008 querelis:
851 944 954 994 Adeone
972 943 1013 993 ille
1031 949 1058 992 tn
1106 941 1229 993 [ironicus
1247 942 1320 992 ardor
1338 948 1363 994 et
1382 955 1450 992 amor
1467 938 1598 994 deiorbnit,
1618 942 1649 986 ut

296 1019 334 1063 tot
351 1016 413 1065 meis
431 1016 508 1066 literis
526 1031 559 1066 ne
571 1017 627 1066 unis
645 1014 742 1080 quidem
754 1021 825 1065 tanto
844 1022 953 1079 tempore
970 1029 1058 1078 respon
1078 1029 1118 1064 ore
1137 1015 1234 1079 dignari
1252 1011 1377 1064 volneris?
1396 1011 1473 1069 Scito.
1492 1017 1518 1060 te
1529 1023 1580 1060 non
1591 1013 1648 1057 tarn

243 1084 249 1096 ’
295 1086 421 1136 literarum
440 1086 563 1138 eumnlnm
582 1088 608 1136 in
626 1087 673 1137 hoo
691 1087 788 1138 diendo
807 1085 914 1138 Urauico
938 1085 1068 1156 colligere,
1086 1100 1160 1150 qnam
1183 1085 1293 1136 laborem
1310 1085 1336 1134 ih
1355 1081 1524 1148 respondendo
1543 1094 1646 1145 sugere.

296 1155 362 1207 Gara
379 1158 454 1223 igitur
471 1158 533 1208 tibi!
561 1156 613 1210 Sed
630 1159 713 1216 dices.
742 1157 828 1216 differ,
854 1157 949 1208 habent
974 1171 1065 1222 parrae
1093 1157 1223 1207 commoda
1249 1169 1343 1222 magna
1368 1169 1460 1208 morae.
1497 1153 1602 1215 Accipio
1621 1159 1649 1200 et

294 1229 409 1293 quiesco;
428 1227 497 1280 Mars
516 1235 543 1278 st
560 1229 615 1286 Ars.
635 1229 771 1296 dequibus
789 1231 822 1286 in,
834 1222 1022 1279 Commentariis
1040 1229 1163 1292 promissis
1182 1229 1301 1292 exquisite
1319 1235 1428 1287 mactas,
1448 1233 1474 1276 ts
1492 1224 1567 1300 facile
1586 1223 1648 1273 mihi

295 1307 440 1350 oromatum
457 1298 577 1359 reddunt,
598 1307 695 1351 tantum
720 1302 792 1351 abest
809 1307 838 1351 ut
860 1307 1000 1364 suspectum
1022 1299 1126 1350 iaciant.
1162 1299 1242 1366 Perge
1267 1315 1325 1364 ergo
1351 1291 1445 1349 deliciis
1463 1297 1512 1348 tris
1530 1295 1648 1347 Uranicis

294 1376 321 1420 et
339 1369 495 1438 Martialibus
514 1372 569 1432 irui,
588 1373 625 1424 ita
642 1379 727 1424 umen
745 1380 774 1422 nt
792 1387 875 1422 eornm
894 1371 1026 1436 aliqnando
1044 1385 1088 1420 uos
1108 1367 1184 1437 (qnod
1202 1385 1301 1429 summe,
1321 1366 1500 1430 desideramus)
1519 1373 1648 1432 compotes

293 1441 384 1494 reddas
403 1448 429 1492 et
447 1443 656 1506 exspectationem
674 1458 823 1496 meamnon
841 1443 940 1494 omnino
959 1444 984 1492 in
1003 1442 1172 1506 respondendo
1190 1441 1320 1492 frustreris.
1357 1442 1481 1505 decepisti
1500 1441 1554 1490 sine
1573 1439 1648 1490 dubio

294 1513 417 1578 proximo
443 1527 513 1564 meas
541 1513 626 1566 literas
653 1516 776 1581 longiores
799 1517 825 1566 in
848 1515 963 1566 nundinis
981 1514 1227 1566 Frankoinrteusrbns
1255 1514 1288 1565 ed
1306 1513 1338 1564 D.
1358 1513 1483 1580 Legatum
1500 1511 1651 1564 Visoberum

294 1585 461 1636 commines.
498 1583 584 1636 Hebes
601 1587 653 1638 illie
671 1589 736 1654 quod
753 1587 911 1652 respondeas.
1044 1635 1049 1644 ,
1234 1587 1239 1598 “

384 1655 425 1707 De
442 1653 595 1720 Manciam
614 1665 673 1709 ante
690 1673 767 1724 saepe
785 1660 943 1725 agiliorem,
971 1671 1037 1708 nnuc
1054 1657 1121 1708 idem
1148 1658 1231 1708 iacere
1256 1669 1347 1722 cogor,
1375 1655 1438 1724 adeo
1456 1653 1526 1728 Mers
1551 1669 1651 1722 semper

295 1725 439 1778 adrerum
457 1730 548 1778 nomme
567 1731 704 1780 conatibus.
1488 1733 1493 1744 '

383 1797 541 1850 Ptolomaeus
560 1807 586 1852 et
604 1799 753 1866 copernions
780 1802 964 1866 praesupposito
992 1799 1138 1850 libramento
1155 1799 1198 1850 iiio
1215 1801 1242 1850 iu
1262 1791 1292 1866 ό
1314 1796 1345 1860 Θ
1370 1804 1485 1850 ιιιιιιιιιιι
1509 1813 1540 1850 ex
1563 1797 1650 1850 obser·

299 1869 446 1926 rationibus,
467 1877 495 1921 nt
513 1878 581 1936 puto,
600 1873 756 1924 lautudinem
775 1873 800 1936 ὀ
821 1873 845 1934 5,
867 1871 933 1923 brol
946 1869 971 1919 'l‘
991 1873 1174 1930 adtonsurum
1193 1878 1221 1922 at
1238 1879 1284 1922 tua
1301 1870 1442 1934 hypothesis
1460 1869 1526 1921 ultra
1544 1870 1653 1938 gradum

299 1941 332 1990 ad
350 1941 477 1992 minimum
495 1943 521 1994 in
541 1945 754 2008 conjunctionibus
773 1944 895 1996 concedit.
930 1943 1027 2009 Magna
1045 1957 1105 1993 sane
1124 1949 1150 1994 et
1169 1944 1273 1992 enormis
1292 1941 1448 2000 differentia
1476 1942 1550 1992 miror
1567 1941 1651 1992 reida

297 2011 354 2062 Non
381 2011 481 2062 dubium
508 2021 547 2064 est
564 2015 734 2066 Ptolemaeum
754 2032 784 2066 ex
803 2015 1020 2074 observationibus,
1045 2016 1069 2064 in
1093 2015 1190 2064 rectiori
1208 2015 1252 2064 ilia
1278 2012 1384 2078 sphaera
1407 2020 1434 2064 et
1456 2013 1551 2064 clariori
1581 2013 1653 2064 coeio

295 2083 403 2142 habitis,
431 2082 575 2138 ¹stitndiues
593 2086 649 2138 illas
666 2087 778 2138 hausisse
797 2094 823 2136 et
841 2089 861 2137 si
879 2093 952 2136 tante
979 2099 1053 2151 quam
1071 2093 1100 2136 tu
1118 2085 1234 2136 concedis
1260 2091 1326 2134 esset
1351 2084 1456 2135 latitudo
1476 2084 1500 2145 d
1521 2087 1590 2136 cirea
1610 2077 1652 2152 ό,

298 2161 366 2206 certe
383 2153 422 2206 vel
440 2156 532 2220 absque
551 2160 618 2208 omni
635 2159 797 2208 instrumento
818 2159 979 2223 cognovisset.
1018 2157 1116 2208 Deinde
1134 2157 1203 2207 rideo
1222 2158 1247 2206 in
1267 2162 1311 2206 tua
1335 2155 1465 2220 hypodresi
1482 2156 1551 2208 circs
1567 2155 1654 2209 medis

295 2225 351 2275 loca
367 2224 528 2292 longitudinis
547 2230 677 2281 convenire
689 2230 842 2288 intendinus,
861 2229 931 2279 rideo
944 2230 1111 2293 proportiones
1129 2228 1249 2278 linearum
1262 2227 1452 2291 correspondens
1468 2226 1660 2286 inundantur..

295 2297 361 2362 qnod
378 2298 405 2348 in
422 2297 565 2350 Ptolemaeo
585 2307 611 2350 et
629 2299 764 2364 coperuioo
792 2316 842 2351 nou
867 2301 913 2358 fit,
939 2301 981 2350 nbi
1007 2299 1266 2350 incommensurabilis
1288 2299 1332 2349 ilia
1359 2299 1443 2350 omnia
1467 2304 1526 2348 snut
1551 2300 1653 2349 ratione

257 2391 262 2403 ι
295 2367 416 2420 linem
435 2371 500 2420 inter
517 2386 553 2426 se.
572 2372 637 2437 qnod
655 2372 714 2422 mihi
739 2386 834 2437 quoqne
852 2387 902 2422 non
920 2371 1000 2421 minus
1028 2371 1205 2421 observandum
1224 2371 1325 2422 ridetur.
1363 2369 1462 2420 Heereo
1480 2369 1574 2435 igitur,
1592 2372 1655 2436 qnia

297 2441 364 2491 circa
384 2433 414 2507 ό
429 2437 461 2502 Q
480 2441 634 2493 minuentes
651 2445 834 2494 observationes
852 2459 902 2493 non
920 2442 1018 2500 habeo;
1043 2459 1093 2492 non
1111 2443 1194 2492 dubito
1213 2451 1238 2494 te
1256 2442 1362 2500 habere,
1382 2456 1458 2506 quere
1475 2456 1516 2491 me
1534 2440 1576 2492 lac
1595 2455 1652 2492 oer-

295 2512 383 2560 tiorem
401 2511 433 2562 de
450 2511 499 2564 heo
518 2515 664 2568 enormitate
682 2516 747 2564 inter
764 2520 790 2566 te
809 2522 836 2566 et
853 2513 1023 2566 Ptolemaeum
1042 2521 1068 2578 et
1086 2514 1205 2580 quomodo
1224 2513 1394 2564 Ptolemaeum
1411 2513 1451 2562 rel
1475 2527 1593 2564 excusare
1612 2513 1653 2563 rel

294 2581 404 2634 refutare
421 2583 490 2634 selis.

384 2651 466 2704 Locus
484 2653 573 2706 Martis
591 2656 616 2706 in
634 2657 720 2722 genesi
739 2657 772 2706 D.
786 2656 934 2706 Cancellsrii
953 2663 1007 2707 ate
1026 2663 1173 2721 supputatus
1191 2655 1252 2706 mire
1269 2669 1309 2706 me
1329 2655 1445 2706 exercuit.
1469 2653 1509 2706 'i'u
1529 2649 1558 2704 10
1570 2651 1655 2714 58¹&

298 2724 422 2782 invenisti,
441 2740 487 2790 ego
507 2721 538 2776 ²⁰
557 2723 608 2776 211.
645 2725 701 2778 Not
721 2728 821 2778 dubium
840 2721 878 2778 det
896 2735 922 2778 te
940 2743 983 2793 per
1001 2729 1185 2794 imdnationem
1204 2728 1228 2776 in
1248 2727 1342 2778 calculo
1361 2741 1465 2783 enasse
1484 2726 1549 2792 qnod
1566 2725 1655 2792 pedam

297 2795 375 2846 iaciat
392 2796 529 2848 obserretio
547 2813 605 2849 mea
624 2799 683 2848 anni
703 2797 745 2858 tt.
765 2798 790 2849 7.
803 2799 866 2850 Dee.
885 2799 910 2849 h.
925 2795 950 2848 7.
970 2815 995 2865 p.
1008 2816 1051 2855 m,
1070 2813 1135 2864 qnae
1152 2798 1233 2849 locum
1252 2797 1277 2858 0¹
1297 2800 1322 2850 iu
1341 2799 1409 2850 coeio
1428 2797 1473 2848 dat
1492 2789 1540 2846 10⁰
1552 2795 1657 2858 35⁴&

297 2867 339 2918 hio
357 2873 403 2918 tna
419 2867 561 2932 hypothesis
581 2867 606 2917 7‘
625 2869 705 2922 minos
725 2871 769 2921 det
787 2878 813 2922 et
831 2871 863 2920 ad
881 2870 928 2920 hoc
945 2868 1042 2936 tempus
1060 2869 1238 2936 praescriptum
1260 2883 1341 2920 auom.
1362 2864 1411 2919 910
1429 2867 1481 2930 te‘,
1500 2871 1566 2922 dont
1583 2877 1618 2934 et*
1629 2871 1657 2920 in

299 2937 447 2988 Cancellarii
465 2941 559 3004 genesi,
579 2940 651 3005 idque
670 2949 766 2992 exacte.
803 2943 868 3008 Ergo
887 2941 1014 3006 utrobique
1032 2957 1134 2992 necesse
1154 2950 1192 2992 est
1210 2941 1339 3008 aequalem
1358 2941 1522 2992 ffiffercntiam
1540 2943 1603 2992 esso}

389 3008 519 3062 Distentis
538 3007 570 3074 Q
591 3019 618 3062 et
636 3010 661 3072 ὀ
682 3027 755 3064 anre
780 3015 883 3064 inventa
910 3011 1031 3068 153178,
1060 3014 1181 3064 dhmntia
1209 3009 1241 3074 Q
1269 3009 1337 3080 et&
1367 3008 1480 3062 982170.
1517 3009 1657 3063 Dimidium

300 3081 513 3131 eccentrioitatem
533 3079 565 3144 Q
585 3098 652 3134 nuno
669 3085 744 3148 probo
763 3091 789 3135 et
812 3085 944 3142 confirmo,
972 3092 1000 3137 at
1018 3085 1150 3136 distantias
1169 3083 1194 3146 d
1214 3085 1312 3134 omnino
1339 3083 1486 3152 prolongare
1505 3089 1604 3148 oportet
1622 3084 1658 3136 ad

297 3153 378 3203 latera
396 3152 430 3202 td
449 3150 492 3201 12‘
511 3169 602 3219 usque,
631 3156 772 3220 etquidem
793 3157 824 3206 ab
850 3157 947 3220 aphelio
967 3156 999 3207 ed
1024 3157 1132 3206 mediam
1154 3155 1334 3221 longitudinem
1359 3155 1588 3220 proportionalium
1619 3157 1657 3206 sio

298 3237 383 3273 omnes
403 3223 586 3277 obserratitnes
614 3229 715 3293 egregie
741 3229 889 3292 caneninnt
914 3235 974 3278 tuae
996 3228 1134 3292 hypothesi.
1171 3226 1298 3288 Quomodo
1316 3227 1364 3278 hcc
1383 3227 1496 3276 ovalitati
1513 3233 1573 3276 tuae
1592 3241 1656 3278 oon-

297 3296 390 3352 veniat,
410 3301 438 3346 tn
455 3295 554 3346 rideris.
591 3298 630 3350 'ln
647 3300 667 3348 si
686 3299 827 3364 ubicunqne
851 3299 1044 3352 ooceutricitatir
1070 3301 1191 3349 rationem
1210 3306 1236 3349 et
1253 3298 1351 3348 modum
1370 3304 1396 3348 et
1414 3311 1504 3349 canses
1525 3297 1657 3350 naturales

299 3366 444 3424 ostenderis,
463 3367 537 3418 facile
554 3384 600 3419 nos
618 3371 644 3420 in
663 3379 733 3420 tuum
751 3369 878 3436 pertrahas
897 3373 1056 3422 renuntiem.
1093 3371 1235 3420 distantiae
1254 3374 1314 3422 tuae
1333 3369 1366 3419 ad
1384 3368 1511 3420 dimidiam
1530 3372 1657 3420 mentri·

298 3438 401 3491 citatem
420 3436 446 3498 0¹
466 3441 616 3492 constitutae
630 3457 679 3490 non
692 3435 842 3506 respondent
860 3442 1117 3506 prosthcphaercsium
1136 3441 1259 3492 distantiis
1271 3455 1318 3491 neo
1331 3442 1393 3492 raris
1413 3456 1508 3507 qnoque
1527 3441 1656 3492 distantiis
1680 3471 1685 3480 ·

299 3507 457 3558 conveniunt
495 3509 549 3576 Ego
567 3519 636 3576 poto,
654 3514 674 3561 si
694 3524 752 3563 tera
769 3515 832 3563 ratio
851 3513 1077 3577 prosthaphaeresis
1099 3519 1235 3568 constaret.
1256 3518 1372 3580 constare
1390 3527 1485 3579 qnoque
1504 3523 1563 3562 tnnc
1581 3527 1658 3562 raras

298 3579 438 3638 distantias,
458 3595 517 3630 nam
531 3597 561 3631 ex
574 3583 662 3634 eodem
680 3584 749 3634 fonte
766 3587 894 3647 provenire
912 3600 961 3636 non
981 3592 1019 3635 est
1031 3586 1138 3640 dubium.
1158 3591 1184 3634 et
1196 3589 1330 3649 antequam
1348 3584 1413 3635 haec
1429 3584 1476 3635 duo
1495 3599 1544 3634 non
1562 3584 1660 3636 inerint

299 3652 338 3700 ita
356 3651 497 3709 conciliata,
517 3661 546 3702 nt
563 3654 637 3719 piene
655 3654 829 3718 respondeant,
852 3671 902 3705 non
920 3663 979 3719 puto
1002 3671 1046 3705 nos
1070 3669 1153 3706 reram
1172 3654 1196 3718 d
1216 3654 1363 3717 hypothesin
1386 3655 1521 3706 habituros.
1558 3655 1659 3706 Verum

301 3736 326 3769 n.
347 3735 403 3770 vero
423 3730 551 3774 consonat.
576 3725 614 3774 'l'u
631 3725 861 3790 prosthephaeresin
876 3733 901 3775 et
914 3729 967 3788 ejus
978 3725 1058 3776 linces
1075 3727 1290 3791 proportionesque
1309 3727 1344 3777 sic
1358 3728 1458 3790 adapta.
1478 3732 1507 3776 ut
1518 3725 1658 3777 &tantiae

302 3791 361 3843 iude
379 3793 550 3855 provenientes
569 3799 619 3846 sint
636 3811 711 3847 verae
724 3804 750 3847 et
762 3797 969 3847 observationibus
988 3798 1161 3861 respondeant,
1181 3804 1207 3848 et
1219 3811 1249 3847 ex
1267 3797 1363 3848 duabus
1380 3797 1556 3864 hypothesibus
1573 3811 1655 3848 mam

302 3865 351 3923 iac,
372 3878 405 3913 no
424 3864 591 3916 adulteratum
609 3870 749 3934 conjugium
768 3861 934 3919 constituatur
950 3871 1016 3919 inter
1032 3870 1149 3918 sinadam
1168 3875 1194 3919 et
1210 3883 1303 3936 rerarn.

324 3993 329 4010 ἱ
392 3933 464 3986 Haec
483 3952 513 3987 ex
531 3951 614 3989 umore
632 3954 705 3989 verae
724 3941 784 3990 artis
802 3941 915 4004 profero,
943 3954 993 3989 non
1020 3940 1158 4004 sugillando
1176 3948 1246 3994 tuam
1272 3941 1435 4006 hypostasum,
1463 3953 1537 4006 qnam
1555 3947 1660 4007 proptor

302 4008 469 4058 inventionem
487 4011 638 4074 magnifacio
656 4011 793 4074 plurimum.
813 4027 869 4062 cnm
880 4012 986 4068 rideam,
1004 4025 1060 4062 eam
1072 4012 1219 4074 respondere
1238 4014 1273 4063 sio
1286 4013 1347 4062 sads
1358 4012 1421 4064 bene
1434 4011 1657 4070 observationibus.

299 4078 464 4144 undecunque
483 4081 560 4132 etiam
578 4082 622 4132 illa
640 4081 769 4134 dirersitm
788 4083 961 4134 detentarum
974 4084 1013 4133 sit.
1040 4082 1096 4132 Non
1115 4082 1217 4147 despero
1235 4090 1261 4134 te
1274 4097 1375 4134 cansam
1388 4075 1526 4144 atmodum
1543 4085 1658 4136 lnrenim

297 4165 379 4215 posse,
398 4151 420 4200 si
438 4153 510 4204 modo
528 4153 655 4220 ingenium
672 4155 800 4206 intendere
817 4155 886 4204 reiis.
1171 4170 1173 4176 ·
1726 4209 1734 4223 ,

391 4222 614 4290 θεηιιιιιιᾳιιοῳιο
641 4226 705 4275 scire
733 4227 859 4286 desidero,
889 4241 932 4278 cur
949 4226 974 4275 in
992 4225 1123 4288 hypothesi
1141 4223 1167 4286 d
1186 4225 1394 4277 semidiametrnm
1423 4225 1555 4278 eccentriol
1574 4223 1601 4286 0’
1619 4227 1659 4278 'ad

300 4294 364 4343 orbis
378 4293 441 4345 Solis
460 4298 640 4360 proportionem
658 4297 775 4348 reducere
794 4299 874 4363 potins
887 4299 999 4355 roluerls,
1017 4311 1091 4362 qnam
1110 4305 1204 4356 contra,
1223 4299 1261 4348 uti
1273 4296 1423 4361 Copernious
1442 4303 1467 4348 et
1485 4297 1677 4361 alii·ibciunt‚'

301 4366 343 4428 qni
360 4365 387 4415 ln
406 4367 516 4430 partibus
535 4369 669 4420 cocentrici
686 4367 795 4431 pluribus
814 4370 878 4419 orbis
897 4372 972 4420 annui
991 4369 1198 4419 semidiametrnm
1216 4365 1360 4432 inquirunt?

387 4436 507 4495 Obsecro,
525 4446 557 4489 nt
572 4439 631 4490 mihi
650 4439 797 4502 compendia
809 4448 854 4490 tua
872 4442 1046 4498 communices.
1065 4455 1166 4505 qnorum
1184 4441 1335 4492 mentionem
1348 4439 1420 4496 iacis,
1438 4439 1558 4504 quomodo
1570 4439 1657 4505 Ephe·

300 4507 373 4557 meris
393 4507 418 4568 d
437 4511 533 4560 institui
553 4512 643 4563 debeat
662 4511 694 4560 sd
713 4509 789 4559 denos
809 4511 868 4561 dies.
888 4535 922 4545 -
941 4511 987 4561 His
1005 4513 1127 4562 immiscet
1144 4511 1272 4562 Fabricius
1290 4511 1395 4576 plurima
1414 4512 1472 4570 alia,
1491 4527 1556 4578 qnae
1574 4515 1658 4564 omni-

301 4578 376 4629 moda
393 4579 518 4644 spectant,
538 4590 564 4633 et
581 4586 607 4634 in
625 4581 771 4646 posucdpto
790 4581 887 4632 demum
907 4584 940 4633 ed
958 4582 1064 4634 Martem
1083 4597 1192 4633 reversus
1210 4583 1275 4633 haeo
1292 4583 1397 4648 prolort:

390 4651 431 4701 Ad
449 4659 545 4719 tempus
565 4653 730 4706 cancellarii:
750 4651 812 4702 PBG
832 4655 957 4722 anomalia
974 4654 1056 4705 media
1074 4649 1124 4703 910
1142 4653 1195 4714 52¹,
1213 4653 1281 4704 BOA
1304 4655 1409 4720 angulus
1428 4651 1530 4705 60150.
1568 4653 1596 4706 Si
1614 4657 1660 4708 hic

301 4719 407 4786 angulus
434 4725 593 4776 subtrahatur
611 4728 643 4776 ab
670 4723 760 4790 angulo
787 4719 836 4771 910
854 4723 906 4780 52¹.
930 4733 1016 4776 manet
1034 4727 1138 4792 angulus
1156 4725 1223 4777 BAG
1242 4721 1292 4774 860
1310 4722 1361 4774 371
1399 4727 1464 4794 Ergo
1488 4734 1517 4777 nt
1534 4725 1603 4778 Bac
1624 4730 1659 4781 sd

300 4791 344 4842 BG
362 4793 458 4844 radium
476 4797 512 4846 sic
525 4797 591 4848 ABG
610 4799 642 4848 ad
655 4797 699 4848 hc
717 4795 862 4846 distantum
882 4791 914 4856 Q
934 4802 959 4846 et
978 4795 1003 4856 0*
1022 4797 1117 4847 redunt.
1138 4793 1285 4847 15770320.
1313 4799 1347 4847 dt
1359 4800 1437 4850 minor
1450 4797 1514 4852 haec
1533 4799 1660 4852 distanffi

308 4861 342 4913 nli
360 4863 433 4914 modo
452 4875 567 4933 accepta,
588 4884 661 4934 qnam
680 4869 731 4920 obs.
752 4864 795 4916 95.
815 4864 839 4915 7.
859 4865 922 4918 Deo.
942 4867 966 4918 h.
988 4867 1012 4918 7.
1032 4885 1055 4933 p.
1075 4883 1107 4918 ιιι.
1127 4869 1242 4920 ostendit
