3552 5562
344 257 388 332 34
564 301 565 304 =
646 256 649 262 ’
756 257 859 314 literae
876 259 978 328 Kepleri
997 258 1151 326 aliorumque
1168 261 1271 313 mamas
1359 217 1365 231 ‚

349 442 432 508 nium
455 457 512 524 ege
535 440 650 521 inSole
665 447 697 504 et
710 440 811 505 Marte
834 435 1109 520 exploratissimum
1131 435 1238 511 habeo,
1262 434 1361 500 fateor
1383 451 1432 520 me
1453 429 1691 498 accommodasse

347 531 530 616 hypothesin
560 530 665 594 Lunae
701 531 934 612 quadamtenus,
972 533 1115 610 quantum
1153 525 1219 606 ejus
1250 524 1315 588 lieri
1346 522 1447 604 potuit
1477 521 1563 586 salvo
1594 522 1693 586 effectu

348 621 559 706 Tycbonianae
582 619 777 700 hypothesis;
802 619 856 682 sed
878 626 909 682 tn
934 617 971 680 de
993 615 1238 698 proportionibus
1261 611 1372 676 divinis
1395 611 1542 693 loqueris,
1574 611 1693 674 innuens

346 731 445 778 meum
466 708 646 791 Mysterium
670 709 965 790 Cosmographieum.
1011 708 1114 788 Atque
1135 705 1193 766 hoc
1216 703 1315 785 ipsum
1338 722 1376 764 en
1407 701 1529 778 laudas,
1561 699 1622 764 nisi
1651 719 1694 762 me

348 800 463 864 occulte
487 799 564 860 forte
587 805 678 860 notas
700 804 735 860 ut
755 797 999 878 heteronyma,
1031 793 1084 878 qui
1115 792 1278 876 physicam,
1301 791 1333 854 in
1355 790 1541 857 astronomia
1562 795 1694 852 tractem.

347 892 414 952 Vos
437 886 623 970 Tyehoniani
646 887 813 952 echonomi
836 887 1008 970 physicam,
1028 886 1097 966 jure
1121 882 1283 965 spoliatam
1306 880 1461 947 soliditate
1486 880 1618 953 orbium,
1647 897 1696 959 per

348 979 487 1058 injuriam
510 975 677 1038 destituitis
700 975 731 1038 in
753 975 885 1041 maxima
908 973 1141 1038 incredibilitate
1164 977 1197 1034 et
1218 970 1420 1053 perplexitate
1453 970 1574 1054 volatus
1595 967 1696 1050 plane-

348 1076 446 1133 erun
469 1071 649 1131 versantem
691 1064 753 1130 Cur
775 1085 835 1128 non
851 1083 907 1146 ego
922 1066 1032 1128 iterum
1045 1063 1129 1130 illam
1148 1061 1261 1142 juvem,
1285 1060 1398 1123 formas
1413 1058 1556 1142 physicas
1571 1065 1697 1122 motuum
1737 1073 1738 1094 ¹

348 1176 402 1238 per
425 1153 570 1236 liquidum
592 1171 675 1218 mare
695 1154 869 1236 inquirens?
906 1157 1019 1219 Fateor
1033 1152 1089 1219 tibi
1106 1150 1291 1225 Christiane,
1313 1167 1360 1214 me
1375 1168 1414 1211 er
1431 1149 1488 1212 hec
1504 1146 1697 1230 quinquennio

349 1244 504 1308 dimidiam
525 1242 680 1308 minimum
702 1251 820 1324 partem
843 1244 908 1324 ejus
921 1242 1078 1326 temporis,
1103 1241 1183 1322 quod
1196 1238 1271 1304 mihi
1285 1259 1305 1303 a
1318 1237 1584 1302 sollicitationibus
1598 1235 1698 1298 aulicis

259 1378 261 1382 ,
350 1335 502 1400 residuum
519 1331 586 1407 huit,
608 1332 743 1414 physicis
763 1332 1067 1416 contemplationibus
1082 1338 1216 1394 motuum
1231 1328 1342 1392 Martis
1356 1326 1554 1408 transegisse.
1592 1327 1699 1390 Verum

351 1427 396 1492 ite
411 1422 560 1502 implexas
574 1429 646 1501 puto
670 1423 823 1498 scientias,
847 1432 882 1485 ut
903 1430 1011 1486 neuma
1034 1420 1099 1484 sine
1122 1419 1220 1482 altera
1241 1419 1377 1499 perfecta
1400 1437 1468 1485 esse
1490 1415 1599 1498 possit.
1645 1413 1699 1476 Sed

349 1514 449 1587 Vid0⁰s
474 1517 505 1573 ie
529 1509 579 1572 hic
602 1529 660 1572 Ῑ101]
684 1529 865 1592 magnopere
889 1511 1056 1576 adversari.
1085 1515 1334 1584 ssiongumoutanus:
1352 1516 1391 1566 Ex
1407 1515 1476 1568 hisce
1495 1510 1618 1580 [realibus
1635 1529 1656 1562 r.
1669 1507 1698 1574 sl

351 1603 444 1668 icitur,
473 1605 500 1650 ti
516 1604 664 1663 immet,
693 1601 713 1650 ri
741 1601 800 1666 quid
824 1601 933 1670 metricis
960 1601 1056 1650 usum
1080 1606 1106 1650 et
1131 1597 1293 1666 proportionis
1321 1596 1419 1650 dorm
1447 1601 1542 1648 certum
1559 1595 1587 1646 iu
1605 1593 1700 1660 singulis

350 1671 482 1729 inueneris,
502 1668 566 1736 quod
584 1677 610 1718 te
628 1669 767 1722 mehercule
786 1671 908 1722 divinitati
927 1673 953 1722 in
969 1671 1019 1722 hae
1037 1671 1188 1736 professione
1213 1669 1347 1734 proximum
1365 1667 1451 1727 taoiet,
1478 1666 1556 1717 idad
1575 1665 1700 1717 circulares

352 1744 474 1794 medones
492 1763 526 1774 -·
545 1739 611 1805 quod
629 1742 713 1792 tacere
731 1743 839 1808 quisquis
857 1749 940 1808 potest
957 1767 992 1778 -
1010 1745 1048 1794 ita
1064 1741 1167 1794 taudem
1185 1754 1286 1791 revoces
1303 1739 1390 1802 velim,
1415 1745 1444 1790 nt
1460 1738 1636 1802 phaenomena
1651 1737 1700 1802 ipss

303 1869 304 1874 ,
353 1814 417 1866 coeli
435 1812 527 1864 ruham
546 1819 616 1862 tuam
634 1815 682 1862 stru
699 1814 792 1864 nullam
810 1815 953 1866 violentiam
965 1817 1084 1866 sentiant.
1121 1813 1200 1864 &eus
1218 1811 1284 1862 eninr
1300 1802 1334 1862 'ex
1351 1811 1471 1875 prioribus
1488 1807 1557 1860 hand
1575 1807 1703 1874 procedens

354 1899 435 1950 ΜΘ
451 1885 573 1936 m⁰⁸i⁰⁸¹¹¹
583 1883 748 1946 Platonicam,
767 1901 817 1952 (1¹1⁸
835 1889 920 1938 mim*
943 1886 1029 1938 mundi
1045 1887 1122 1953 viget
1142 1879 1277 1950 wtinsssna'.
1296 1897 1341 1934 nos
1353 1884 1461 1935 incertos
1477 1882 1504 1934 in
1521 1879 1702 1946 suspitionibus.

357 1957 467 2024 tenebris
485 1969 516 2006 ao
535 1955 655 2006 erroribus
673 1956 755 2008 adhue
774 1973 800 2007 es
818 1954 968 2022 relicturus.)
979 1993 986 2007 .
998 1993 1024 2009 ..
1158 1977 1160 1982 ,

444 2027 534 2099 Quod
557 2046 628 2089 vero
651 2029 968 2110 prosthaphaoresium
1000 2027 1130 2091 tabulas·
1152 2025 1276 2101 attinet,
1309 2023 1400 2100 scitu,
1434 2029 1603 2090 metatum
1632 2021 1703 2083 huuc

354 2135 474 2191 annum,
498 2136 557 2198 qua
577 2123 665 2196 parte
689 2118 834 2180 amorbo
858 2126 889 2183 et
911 2139 930 2182 a
953 2118 1033 2182 curis
1057 2116 1098 2179 tui
1122 2135 1252 2191 vacuus,
1273 2115 1305 2188 in
1327 2113 1415 2176 unius
1439 2122 1465 2185 (ς
1486 2110 1702 2196 prosthaphae-

353 2204 472 2290 resibus
496 2206 627 2268 eccentri
650 2206 782 2282 versari,
814 2226 869 2270 nee
898 2207 991 2290 pudet
1012 2206 1128 2280 dicere,
1160 2223 1207 2266 me
1240 2222 1363 2287 scopum
1394 2204 1526 2268 nondum
1558 2200 1703 2282 attigisse.

353 2293 546 2379 Hypothesin
568 2293 680 2371 habeo,
707 2295 773 2376 jam
797 2305 867 2358 ante
890 2293 911 2360 4
935 2313 1031 2359 annos
1054 2301 1274 2370 constructam,
1304 2313 1380 2374 quae
1407 2293 1482 2357 milri
1503 2292 1658 2374 planetam
1679 2286 1704 2348 in

354 2383 522 2448 ecoentrieo
547 2382 657 2446 debitis
681 2384 757 2446 locis
780 2383 864 2447 sistit
886 2383 1158 2466 scrupulosissime.
1205 2381 1266 2446 Sed
1296 2402 1356 2446 non
1386 2383 1489 2464 placet
1519 2379 1611 2457 mihi,
1643 2377 1706 2460 quia

354 2494 414 2536 non
437 2480 486 2534 est
507 2471 648 2555 physica,
674 2474 729 2536 sed
750 2493 822 2536 vere
845 2475 874 2536 id
898 2476 977 2556 quod
999 2474 1123 2558 dieitur,
1155 2472 1407 2556 hypothesis
1440 2473 1546 2553 ltaque
1570 2470 1621 2534 hic
1643 2485 1706 2529 vere

356 2571 390 2626 tu
412 2561 485 2624 mihi
509 2560 625 2630 dixisti,
648 2581 708 2624 non
731 2581 800 2625 esee
825 2563 955 2626 omnium
975 2563 1166 2644 planetarum
1193 2561 1339 2624 rationem
1369 2561 1505 2626 eandem.
1551 2561 1633 2624 Nam
1654 2553 1706 2618 etsi

357 2653 395 2714 de
418 2651 505 2713 Inna
528 2650 602 2712 nihil
627 2651 758 2727 affirmo,
782 2653 808 2714 si
830 2653 956 2736 physice
980 2652 1202 2716 examinaretur
1224 2669 1263 2713 ex
1283 2651 1439 2733 professo,
1463 2649 1544 2732 quod
1565 2649 1706 2712 haetenus

357 2760 417 2802 non
441 2739 499 2803 leci
522 2758 560 2800 ex
583 2759 641 2820 quo
665 2761 684 2801 a
706 2749 736 2804 te
760 2741 875 2818 absum,
899 2743 1075 2830 hoc'tamen
1093 2741 1147 2804 tibi
1164 2741 1272 2816 fateor,
1294 2759 1343 2802 me
1358 2741 1390 2804 in
1404 2743 1506 2804 Marte
1525 2738 1607 2802 viam
1625 2737 1706 2813 longe

360 2829 451 2896 aliam
474 2828 535 2903 ire,
558 2848 647 2909 quam
670 2829 700 2890 in
723 2831 989 2902 transformatione
1011 2830 1175 2895 Lunsrium
1197 2829 1306 2892 institi.
1351 2831 1422 2896 Jam
1451 2837 1490 2893 et.
1505 2827 1611 2892 illudis
1642 2821 1707 2888 mihi

359 2916 496 2998 exemplo
519 2916 643 2980 Rhetici
667 2922 910 2993 (lonpomontsnusr
930 2927 1070 2986 meministi,
1089 2927 1123 2978 mi
1141 2927 1221 2982 amice
1238 2927 1363 2994 Keplere,
1382 2927 1520 2980 Bsuatim
1538 2926 1598 2976 olim
1615 2935 1706 2989 operam

360 3009 424 3060 iuter
435 3020 486 3058 uos
504 3007 580 3056 tuisse
598 3005 714 3064 disisam,
733 3021 768 3056 sc.
788 3014 817 3058 ut
833 3014 862 3058 tu
875 3007 995 3067 Martem,
1015 3023 1061 3075 ege
1080 3015 1165 3060 auteur
1182 3008 1280 3059 Lunam
1298 3009 1344 3060 sub
1367 3008 1465 3064 arbitrio
1487 3005 1574 3074 magns
1594 3003 1707 3069 Tyohoms

290 3085 291 3088 ’
358 3093 483 3136 curaremr
504 3090 535 3128 an
554 3092 621 3128 nuno
638 3075 700 3140 torte
713 3084 758 3128 tua
775 3079 801 3128 in
819 3095 848 3130 eo
867 3085 911 3130 aut
929 3079 1067 3131 diffidentia
1085 3086 1130 3130 aut
1148 3079 1287 3144 desperatio
1306 3073 1419 3145 [ignosce
1437 3079 1497 3130 nihil
1514 3079 1637 3130 hacteuus
1655 3073 1707 3125 inibi

358 3151 404 3202 abs
422 3157 447 3199 te
465 3147 610 3214 praestitum
628 3144 789 3216 intelligenti]
809 3151 877 3201 easul
897 3149 929 3202 D.
948 3149 1057 3213 Rhatiai,
1076 3151 1149 3202 modo
1167 3164 1227 3202 vera
1243 3150 1275 3201 de
1293 3165 1323 3201 ao
1341 3157 1449 3211 nument,
1475 3149 1615 3209 simillima,
1639 3157 1708 3198 causa

358 3229 402 3282 att
421 3228 454 3280 sd
467 3229 654 3295 Laurumque
674 3229 817 3296 armenti
831 3225 940 3294 aretia
972 3224 1076 3302 ridebo
1111 3231 1221 3285 tecum.
1271 3224 1316 3286 Te
1349 3241 1422 3285 sane
1453 3229 1508 3285 tua
1533 3221 1636 3298 Luna,
1667 3237 1708 3284 me

357 3311 534 3392 quandoque
558 3318 739 3390 spectatore,
761 3311 870 3374 misere
889 3312 1067 3394 exagitavit,
1082 3313 1258 3394 quandoque
1273 3320 1304 3373 et
1319 3331 1376 3386 me,
1397 3311 1470 3374 seio.
1504 3313 1565 3386 Me,
1588 3311 1614 3374 si
1628 3311 1707 3373 Mars

358 3405 442 3462 meus
466 3399 545 3460 male
568 3397 670 3474 habet,
695 3401 781 3462 decet
804 3409 835 3462 te
855 3402 1116 3469 commiseratione
1135 3400 1220 3481 tangi
1236 3401 1342 3462 eadem
1356 3419 1489 3481 passum.
1529 3400 1594 3465 Sed
1616 3408 1709 3462 muron

359 3487 504 3570 temporis
536 3486 591 3550 tibi
622 3488 771 3554 rationem
802 3491 941 3567 reddam,
975 3491 1046 3574 qnia
1076 3489 1108 3552 id
1139 3498 1242 3572 petere
1274 3488 1398 3552 videris.
1452 3491 1543 3554 Anno
1579 3485 1710 3554 stoue

359 3577 523 3643 Februario
553 3578 584 3640 in
605 3576 723 3656 Majum
749 3578 877 3660 primum
907 3581 1099 3660 potissimam
1129 3587 1247 3660 partem
1278 3579 1429 3660 sperando
1462 3587 1493 3642 et
1523 3576 1709 3660 imaginando

361 3667 540 3740 consumet·
568 3665 638 3736 Seis
661 3666 755 3743 enim,
776 3683 834 3730 me
866 3669 946 3730 intra
978 3669 1131 3736 octiduum
1162 3669 1217 3732 sub
1244 3667 1385 3749 pignoris
1416 3669 1550 3750 periculo
1583 3667 1709 3732 voluisse

362 3777 473 3823 aroana
497 3755 597 3818 omnia
620 3755 787 3818 absolvere.
834 3757 955 3820 Proieci
978 3763 1079 3820 autem
1101 3764 1235 3834 tanturn,
1258 3763 1293 3820 ut
1315 3759 1445 3822 ecoentri
1467 3757 1709 3842 inaequalitatem

361 3845 551 3912 mediocriter
570 3843 720 3908 salvarem
740 3845 812 3917 (nisi
828 3845 907 3926 quod
920 3866 980 3909 una
995 3847 1264 3912 fundamentalium
1280 3847 1524 3912 observationum
1538 3845 1593 3914 201
1608 3845 1710 3910 vitiosa

362 3937 420 4002 luit
441 3935 593 4006 assumta)
617 3941 649 3998 et
670 3933 861 3998 minuendam
889 3954 956 4000 esse
981 3934 1063 4000 Solis
1095 3935 1347 4000 ecoentricitatem
1376 3936 1528 4002 callerem.
1572 3937 1604 4002 A
1626 3932 1710 4000 Junio

362 4027 392 4092 in
417 4024 579 4096 Octobrem
605 4041 671 4094 sum
691 4025 901 4104 peregrinatus
924 4032 956 4088 et
979 4023 1124 4088 familiam
1147 4026 1300 4090 transtuli.
1345 4023 1395 4090 Ab
1414 4025 1540 4090 Octobri
1566 4021 1660 4092 1600.
1681 4023 1710 4082 in

361 4107 644 4195 Augustum-1601.
666 4120 814 4194 quartana
836 4133 883 4177 me
906 4114 1012 4176 tenuit.
1054 4113 1180 4178 Interim
1201 4115 1309 4198 scripsi
1330 4122 1436 4180 souma
1449 4116 1571 4191 Ursum,
1591 4116 1709 4197 jubente

362 4206 522 4288 Tyehoue,
555 4209 587 4290 et
618 4201 679 4264 alie
702 4201 797 4282 ipsius
827 4202 928 4266 studia
949 4222 1004 4283 pro
1036 4203 1132 4284 ipsius
1165 4203 1290 4269 arbitrio
1312 4213 1344 4268 et
1365 4205 1441 4268 meis
1463 4203 1579 4270 viribus
1602 4198 1709 4284 athuli-

363 4294 544 4377 Speculatus
577 4309 643 4352 sum
673 4290 848 4372 indignante
871 4291 1013 4374 Tyehone
1040 4292 1072 4354 in
1094 4294 1229 4372 Venere,
1258 4293 1425 4371 Mercurio,
1452 4295 1557 4370 Luna
1590 4294 1621 4358 in
1652 4289 1710 4354 illis

363 4384 489 4460 utiliter,
512 4381 543 4444 in
556 4381 645 4444 Luna
666 4380 756 4461 plane
779 4381 892 4458 tustra;
916 4383 1089 4464 speculatus
1113 4401 1179 4444 sum
1201 4391 1233 4448 et
1250 4383 1280 4446 iu
1294 4384 1405 4458 Marte,
1428 4383 1547 4447 correxi
1569 4381 1709 4462 inaequa-

365 4474 482 4536 litatem
505 4469 647 4552 primam,
680 4477 816 4533 correcta
848 4470 959 4533 vitiosa
991 4472 1207 4534 fundamentali
1239 4472 1465 4548 observatione3
1498 4472 1647 4553 etiamque
1673 4465 1708 4530 ab

338 4619 340 4626 ,
364 4561 465 4652 Aprili
488 4559 519 4624 in
538 4561 630 4622 tinem
652 4559 784 4639 Augusti
807 4560 1113 4642 peregrinatumabii
1135 4561 1325 4644 inStyriam,
1348 4561 1456 4626 relicta
1468 4562 1588 4642 Pragae
1610 4573 1708 4622 uxore.

364 4654 395 4716 A
418 4649 588 4731 Septembri
612 4651 642 4714 in
665 4649 778 4714 Julium
805 4645 897 4714 1602.
922 4649 991 4712 dedi
1021 4669 1143 4731 operam
1174 4651 1278 4715 liberis
1308 4651 1533 4714 etiabrieatus
1556 4670 1622 4714 sum
1643 4645 1709 4728 pul·

366 4739 544 4805 uberrimam
574 4739 706 4802 filiolam.
751 4740 783 4804 A
813 4739 999 4822 Septembri,
1021 4739 1169 4822 inquam„
1188 4739 1274 4821 coepi
1296 4740 1533 4806 laboriosissime
1565 4738 1709 4820 inquirere

364 4827 587 4916 proportionem
610 4829 758 4896 secundae
782 4827 1016 4894 ecoentricitatis
1039 4827 1137 4908 Solis,
1169 4827 1200 4892 in
1232 4849 1290 4914 quo
1318 4829 1422 4894 labore
1445 4828 1547 4912 'lyobo
1578 4833 1708 4893 mortuus
