3606 5562
714 311 755 366 n·
776 311 856 366 asos.
1392 293 1457 366 685

115 509 193 572 qnae
217 489 348 552 secunda
370 496 419 554 est
441 510 478 554 ex
501 492 676 568 menstruis,
701 492 833 574 Tycboni
864 488 992 555 variatio
1021 487 1116 562 diota,
1150 503 1226 568 qnae
1250 483 1459 568 mysteriorum

115 585 148 640 et
162 578 374 658 perplexitatis
398 598 466 642 vere
486 591 535 642 est
557 582 740 660 plenissima,
757 581 887 664 ,ipsoque
902 579 1040 661 Tychcm
1064 585 1145 640 teste
1168 574 1241 638 nihil
1265 573 1346 636 alind
1369 591 1457 653 quam

114 667 244 750 physica
265 668 444 730 acceleratio
459 677 490 731 et
505 671 679 732 retardatio.
726 672 783 732 Hic
798 670 899 751 aliqua
912 669 1013 731 uidere
1032 667 1151 748 incipio,
1165 661 1309 727 discussis
1326 661 1458 723 tenebris

115 755 322 836 ignorantiae;
347 756 425 818 circa
439 751 584 838 plurirna'
596 780 672 841 qnae
685 760 861 840 palpitando
884 777 1006 839 quaero,
1025 756 1121 818 adhuc
1136 753 1279 818 caecutio.
1303 751 1458 814 Hactenus

114 841 254 925 quidem,
288 855 320 906 ut
349 845 378 906 in
413 847 635 928 Prolegonneois
665 849 895 929 Ephemeridum
923 847 1026 926 videre¹
1055 853 1142 926 potes
1172 844 1262 906 Num.
1286 839 1383 914 XIX,
1415 837 1459 900 sic
1512 843 1525 860 ²

114 933 221 996 censui
244 932 479 998 distribuendam
501 938 698 1001 variationem
720 957 776 1018 per
798 937 926 1000 orbitam
941 937 1063 1012 ‘Lunae
1109 933 1239 996 Primum
1264 928 1375 994 statui:
1401 947 1460 1008 qna
1558 945 1562 954 ·

113 1023 145 1084 in
170 1023 359 1104 proportione
383 1027 506 1088 suntad
522 1047 554 1088 se
574 1036 675 1090 mutuo
691 1027 901 1090 revolutiones
923 1026 1059 1104 integrae
1083 1021 1238 1086 duodecim
1262 1037 1328 1082 cum
1343 1035 1460 1098 appen-

114 1111 184 1174 dice
202 1107 281 1174 132ο
293 1109 358 1187 lm,
382 1131 457 1192 quae
480 1117 626 1178 accedunt
642 1137 734 1198 usqne
753 1117 791 1178 ad
805 1116 1034 1198 completionem
1057 1113 1127 1175 anni
1143 1111 1263 1184 siderei,
1287 1117 1319 1170 et
1332 1105 1461 1170 seorsim

113 1201 194 1262 haec
217 1197 283 1280 ipsa
306 1203 455 1281 appendix
481 1201 560 1268 132⁰
573 1200 637 1280 45⁴,
661 1207 690 1268 in
712 1207 816 1268 eadem
839 1205 1037 1292 proportione
1052 1200 1242 1264 dividendum
1264 1217 1332 1261 esse
1352 1215 1459 1260 noum·

114 1308 263 1370 quemque
295 1291 419 1369 gradum
449 1293 612 1356 distantiae
636 1295 739 1356 Lnnaa
763 1315 782 1356 a
803 1295 875 1358 Sole
909 1300 1124 1374 coaequatum
1154 1299 1187 1352 ut
1213 1289 1309 1368 major
1342 1285 1461 1366 quidem

3 1421 4 1452 3
113 1397 198 1460 pars,
224 1377 253 1438 in
277 1397 374 1440 annno
397 1381 514 1461 quidem
538 1391 620 1444 motu
649 1384 849 1447 revolutiones
871 1385 976 1446 Lunae
1003 1380 1217 1459 reintegres,
1246 1376 1275 1438 in
1306 1395 1362 1438 unc
1390 1392 1462 1437 vero

3 1483 4 1506 i
116 1467 215 1546 gradu
239 1462 292 1530 58‘
318 1463 396 1550 12²1,
406 1470 436 1544 “,
460 1490 581 1532 oausam
609 1473 741 1535 babeant
769 1474 924 1536 motrioem
955 1469 1143 1551 aequabilem
1165 1468 1195 1529 in
1219 1485 1252 1528 se
1277 1466 1357 1546 ipsa,
1388 1471 1463 1546 puta

3 1567 4 1614 l
117 1555 333 1618 revolutionem
356 1557 526 1622 diuturnam
549 1561 683 1641 corporis
706 1562 845 1636 Telluris,
870 1581 944 1643 quae
968 1579 1021 1640 per
1044 1559 1185 1621 emissam
1207 1555 1338 1635 speciem
1360 1571 1462 1615 secum

3 1663 4 1694 1
116 1652 203 1730 rotat
217 1643 308 1708 etiam
321 1641 455 1722 Lunam3
479 1659 511 1710 at
526 1649 622 1712 minor
644 1670 725 1731 pars,
749 1659 823 1732 puta
843 1653 872 1712 in
893 1669 970 1712 anno
993 1649 1111 1728 quidem
1135 1645 1285 1728 appendix
1303 1639 1383 1708 132⁰
1397 1637 1461 1717 45⁴,

3 1729 4 1776 ἶ
115 1733 148 1794 in
172 1751 230 1794 nno
261 1749 331 1808 vero
364 1737 457 1814 grado
488 1739 608 1801 residua
641 1740 670 1802 l‘
693 1737 734 1804 47
745 1735 802 1820 ἸΝ
834 1759 955 1802 cansam
984 1739 1117 1800 habeant
1148 1735 1304 1798 matricem
1332 1750 1365 1796 se
1394 1731 1466 1813 ipsa

2 1825 5 1859 ⁵
115 1821 353 1902 inaequabilem,
383 1844 471 1905 quam
502 1829 595 1890 statui
619 1848 686 1890 esse
710 1836 906 1909 apparentem
929 1829 988 1909 ipsi
1010 1829 1113 1890 Lunae
1137 1823 1327 1888 latitudinem
1359 1821 1464 1884 circuli

3 1913 5 1934 ⁵
116 1907 346 1974 illuminationis
370 1913 508 1978 Telluris.
547 1917 614 1978 Non
639 1919 758 1998 disputo
778 1919 854 1997 jam,
877 1938 916 1980 an
936 1916 1131 1998 apparentiae
1154 1913 1273 1995 cpticae
1297 1913 1339 1980 sit
1361 1910 1464 1990 aliqua

2 2069 6 2083 ,
116 1999 167 2061 vis
190 1997 314 2081 physica
345 2004 502 2080 movendi;
535 2005 646 2068 sufficit
667 2007 756 2082 milri,
790 2007 817 2068 si
840 2008 881 2070 sit
903 2007 1004 2088 aliqua
1026 2025 1120 2068 eausa
1147 1999 1462 2080 mouena2q¹1³0h²⁰

2 2086 6 2102 ⁸
117 2089 313 2168 apparentiae
343 2091 491 2169 varietate
524 2103 625 2156 ntatm
654 2115 708 2176 pro
738 2097 805 2174 lege
834 2105 867 2158 et
893 2096 996 2176 regula
1025 2113 1077 2158 seo
1108 2111 1248 2156 mensura
1276 2099 1376 2154 motus
1405 2088 1460 2153 soi.

117 2173 238 2248 Quodsi
260 2177 350 2257 igitur
373 2179 446 2260 baec
471 2183 590 2246 residua
615 2185 644 2248 1¹
658 2182 699 2248 47
709 2181 738 2266 Ἰ,
749 2187 767 2218 ”
792 2186 830 2261 de
848 2185 984 2248 omnibus
1003 2170 1063 2248 90ο
1085 2181 1260 2262 quadrantis
1283 2178 1463 2258 colligantur

117 2265 150 2327 in
181 2283 269 2327 onam
299 2275 457 2362 summam,
488 2271 594 2334 deinde
623 2292 740 2336 somma
771 2273 832 2338 ista
860 2293 976 2338 rursum
1006 2275 1036 2336 in
1066 2273 1135 2336 illos
1168 2264 1228 2334 90⁰
1255 2267 1461 2340 distribuatur,

117 2355 264 2416 admenm
287 2357 404 2420 scilicet
427 2361 465 2420 ad
489 2362 571 2442 sique
601 2363 765 2426 distantiae
788 2363 893 2426 Lunae
917 2384 935 2426 a
958 2361 1029 2426 Sole
1051 2363 1102 2425 vel
1124 2360 1162 2422 ab
1186 2363 1212 2433 8
1237 2357 1336 2430 Solis,
1358 2355 1464 2437 putavi

117 2443 199 2506 hanc
221 2462 289 2506 esse
318 2445 426 2510 bonam
455 2449 694 2514 distributionem
722 2442 895 2534 physicam.
933 2453 985 2516 Sic
1009 2452 1087 2514 enim
1113 2454 1316 2530 provenerunt
1337 2445 1409 2508 mihi
1432 2445 1463 2506 in

118 2531 237 2611 copulis
260 2533 377 2615 quidem
399 2556 453 2616 pro
478 2558 535 2600 uno
559 2541 653 2618 gradu
673 2538 726 2604 61¹
745 2540 794 2614 1⁴⁴,
817 2543 845 2604 io
871 2541 991 2622 quadris
1014 2559 1085 2603 vero
1104 2559 1158 2620 pro
1179 2556 1236 2600 uno
1261 2535 1357 2616 grado
1380 2535 1465 2596 iacta
1579 2563 1582 2577 ·

118 2629 193 2684 suot
216 2619 281 2706 58‘,
296 2617 373 2706 13²l,
383 2624 412 2701 ⁰,
435 2627 505 2708 quia
527 2629 558 2690 in
582 2631 695 2710 copulis
723 2631 838 2694 sinuum
869 2631 1052 2694 incrementa
1083 2629 1150 2709 plns
1182 2625 1385 2690 restituebant
1414 2622 1465 2686 uni

3 2697 5 2750 i
119 2709 240 2790 gradui,
263 2715 496 2793 quamprimo
517 2727 584 2780 erat
606 2719 791 2794 detractum
815 2721 844 2782 in
866 2721 988 2802 quadris
1012 2737 1083 2782 vero
1107 2719 1190 2780 sione
1210 2716 1274 2797 jam
1293 2713 1375 2794 pleni
1389 2732 1465 2794 pene

3 2797 7 2878 5
120 2799 217 2864 nihilo
241 2801 368 2880 amplius
391 2805 588 2884 augebantur,
613 2809 686 2870 nihil
710 2809 800 2886 igitur
816 2810 951 2888 perfecta
973 2807 1168 2870 diminutione
1191 2805 1362 2868 restituunt.

210 2887 295 2952 Haec
318 2891 425 2954 calculi
450 2895 527 2956 ratio
552 2895 709 2962 differebat
732 2898 937 2978 aTyohoniea
959 2899 988 2958 in
1003 2897 1099 2958 lorma
1121 2896 1288 2976 plurimum,
1314 2893 1343 2954 in
1367 2911 1465 2973 quan-

118 2977 211 3040 titate
234 2979 377 3042 nonnihil.
423 2982 558 3046 Effectus
588 2985 694 3048 calculi
726 2987 808 3048 varie
837 2986 1024 3068 Tychonicas
1052 2983 1236 3046 variationes
1267 2998 1343 3043 nunc
1375 2989 1466 3064 ante-

4 3143 7 3156 ,
120 3066 225 3142 cessit,
242 3086 326 3136 ,nunc
350 3079 470 3132 secutus
490 3073 555 3148 luit,
579 3074 714 3152 nuspiam
738 3083 839 3136 mmen
862 3075 943 3136 oltra
957 3071 988 3137 9¹
1013 3073 1096 3136 lacta
1119 3071 1176 3134 luit
1199 3071 1369 3132 diversitas.
1398 3069 1465 3147 Ego

120 3173 193 3216 vero
223 3155 298 3216 meis
331 3158 547 3222 variationibus
579 3163 669 3225 malui
701 3165 843 3236 credere,
875 3173 909 3225 ot
937 3178 1012 3242 quae
1036 3181 1073 3222 ex
1096 3159 1210 3222 sinibus
1242 3159 1309 3237 lege
1340 3156 1466 3239 physica

4 3283 6 3314 i
122 3245 290 3318 orirentur,
325 3248 408 3324 cujus
432 3249 508 3328 legis
541 3253 677 3332 exempla
699 3252 759 3315 alia
783 3259 853 3314 anot
875 3252 951 3314 satis
981 3249 1149 3324 evidentia;
1181 3247 1368 3330 Tychonicas
1391 3260 1463 3308 vero

121 3331 308 3396 variationes
331 3343 473 3417 tanquam
495 3359 555 3402 non
577 3341 717 3422 physicas
746 3341 927 3403 deserendas
952 3339 1135 3413 existimavi,
1159 3338 1266 3420 quippe
1291 3354 1366 3416 qnae
1390 3355 1463 3398 oas-

5 3459 7 3478 .
120 3429 228 3484 cuntur
253 3441 289 3484 ex
313 3423 471 3490 libratione
500 3429 528 3490 io
553 3429 699 3492 diametro
729 3429 856 3504 circelli,
888 3437 988 3492 motos
1019 3427 1147 3507 duplicis
1179 3425 1218 3488 ad
1246 3424 1466 3506 elongationem

5 3525 6 3558 1
118 3511 227 3573 Lunae
257 3531 276 3572 a
306 3510 397 3578 Sole:
433 3535 499 3578 cum
529 3519 614 3581 nulla
640 3527 802 3601 appareret
829 3537 923 3582 causa
955 3517 1081 3600 physica
1117 3517 1205 3596 hujus
1241 3513 1465 3594 duplicationis.

5 3609 6 3638 ³
119 3599 208 3662 Hace
232 3599 323 3679 igitur
344 3602 490 3668 hactenus
514 3608 554 3670 lui
573 3617 705 3680 secutus,
728 3627 821 3690 usqua
840 3607 1010 3672 adinitium
1032 3606 1119 3687 hujus
1142 3605 1211 3668 anni
1229 3600 1323 3678 1620,
1347 3604 1467 3684 quande

5 3713 6 3720 ¹
120 3687 304 3771 hypothesin
334 3691 439 3755 Lunae
469 3697 557 3760 modo
587 3697 754 3776 praemisso
784 3697 964 3764 reformare.
999 3695 1253 3759 ecoentrioitatam
1283 3702 1468 3756 menstruam

120 3777 231 3841 tollere
254 3778 341 3860 inque
363 3789 477 3846 merum
500 3786 549 3859 (ut
571 3804 608 3846 ex
631 3787 753 3850 usitatis
775 3786 991 3867 hypothesibus
1015 3785 1134 3866 loquar)
1162 3791 1339 3866 aequantem
1363 3791 1466 3848 traua·

122 3867 255 3930 fcrmare
278 3876 399 3932 coactus
423 3872 475 3936 lui.

214 3953 356 4036 Sequitur
378 3978 455 4024 nnnc
481 3961 570 4043 hujos
593 3962 674 4025 cirea
701 3963 899 4026 variationem
930 3961 1180 4026 considerationis
1203 3971 1235 4024 et
1257 3960 1467 4024 calculationis

124 4045 305 4108 emendatio.
352 4047 427 4112 Com
455 4051 533 4114 enim
566 4052 696 4114 viderem
714 4051 845 4144 ,ratione
877 4050 1045 4130 explicatae
1075 4051 1211 4132 superium
1242 4049 1468 4132 inaequalitatis
1552 4059 1556 4072 ¹

123 4142 297 4198 menstruae
330 4155 383 4199 seu
413 4159 619 4220 npoosrnoaoe
648 4141 851 4212 Ptolemaioae
884 4139 1000 4202 Lnoam
1031 4140 1094 4203 lieri
1125 4140 1213 4219 duplo
1244 4139 1406 4202 tardiorem
1436 4141 1495 4203 in‘
1531 4163 1539 4186 ¹

75 4255 78 4260 ·
124 4241 263 4305 apogaec
287 4227 319 4286 e't
341 4229 464 4308 copulis,
490 4249 578 4310 quam
600 4231 630 4292 in
653 4232 794 4311 perigaeo
811 4239 843 4294 et
857 4229 999 4312 quadris:
1023 4227 1262 4292 constituendum
1285 4229 1356 4290 milri
1380 4229 1465 4292 vide-

124 4314 227 4387 bator,
250 4312 300 4374 ubi
323 4315 443 4396 duplum
465 4329 570 4399 possm
593 4320 723 4382 existere
747 4321 820 4382 lucri
843 4319 891 4380 uel
908 4318 1020 4395 damni,
1042 4318 1153 4382 ibidem
1176 4327 1207 4380 et
1229 4319 1350 4398 duplum
1375 4335 1466 4398 opor-

125 4411 192 4466 tere
216 4420 283 4464 essc
315 4407 425 4468 sortis:
457 4407 556 4486 itaque
587 4408 783 4470 variationem
806 4408 956 4490 Tychonis
987 4419 1018 4470 et
1039 4427 1213 4488 npooeavoe
1239 4407 1405 4470 Ptolemaei
1429 4408 1467 4469 ab

125 4513 189 4555 una
210 4501 242 4553 et
266 4493 369 4556 eadem
392 4513 484 4558 causa
506 4513 573 4560 csse
597 4496 818 4571 deducendam,
849 4505 881 4558 et
902 4497 1023 4560 tandem
1051 4515 1119 4558 asse
1149 4497 1340 4558 statuendam
1363 4496 1466 4558 varia·

126 4581 220 4644 donis
245 4583 493 4647 accelerationem
517 4584 545 4645 io
569 4583 694 4664 copulis,
718 4595 752 4647 ut
774 4587 912 4648 damnum
935 4605 973 4647 ex
996 4585 1218 4649 ecoentrioitate
1242 4585 1271 4646 in
1291 4585 1404 4665 copulis
1429 4583 1467 4646 ad
1543 4601 1548 4612 ·

127 4673 253 4753 duplum
276 4670 374 4736 damni
397 4672 513 4749 usitati,
538 4673 568 4736 in
587 4674 708 4754 quadris
731 4691 864 4754 apogaeo
887 4685 1039 4750 versante,
1062 4683 1166 4754 posset
1189 4693 1372 4737 excrescere.
1410 4674 1467 4736 Hic

128 4781 196 4824 cnm
229 4777 298 4823 mea
327 4761 355 4824 in
386 4762 499 4844 copulis
539 4761 717 4825 acceleratio
751 4781 808 4826 oon
838 4765 1034 4845 responderet
1069 4763 1273 4843 magnitudine
1310 4763 1467 4846 apparenti

128 4849 309 4920 necessitati
330 4852 488 4938 physicae,
521 4849 605 4932 coepi
628 4850 779 4933 cogitare,
807 4873 864 4940 qno
887 4861 975 4934 paeto
1000 4873 1037 4918 ea
1058 4860 1163 4938 posset
1185 4853 1297 4936 angeri.
1344 4853 1467 4928 Summa
