3640 5538
277 235 495 388 ‚aas'
931 291 1177 364 ψει·

342 467 1681 556 ΝΕΒΚεεεᾶᾳπώοώὸΕΒΒ,ωἱῃωοεῐωῃοᾱώ8Ν.ΒΗ,ψπᾶ-

342 571 407 624 tate
430 561 597 644 rectanguli
619 562 698 645 qnod
721 562 776 624 sub
797 561 868 636 NR,
889 560 959 626 RH.
1002 559 1165 625 Commune
1187 559 1315 624 accedat
1337 559 1416 638 quod
1437 557 1494 620 sub
1515 558 1592 632 NR,
1613 557 1681 622 Rll.

342 648 432 721 Quod
459 669 532 731 ergo
560 651 615 715 snb
642 651 717 728 SN,
744 650 813 725 RH,
835 652 963 732 aequale
985 651 1044 714 erit
1065 653 1107 725 ei,
1137 650 1217 732 qnod
1244 649 1300 712 sub
1322 647 1383 712 NB
1404 656 1437 710 et
1458 648 1625 729 composita
1646 667 1683 710 er

341 739 418 814 RK,
444 739 518 816 RH,
550 739 581 803 h.
605 761 633 805 e.
656 741 725 804 KH.
770 740 902 804 Rursum
931 749 1047 816 antem,
1079 738 1236 824 qnodaab
1259 736 1324 812 SN,
1345 736 1421 811 llll,
1444 737 1543 817 majus
1565 745 1616 800 est
1637 755 1682 812 eu,

340 829 419 911 quod
442 830 498 892 sub
511 827 575 905 SN,
593 829 654 894 NH
675 831 706 894 iu
724 829 927 910 propositione
941 831 1103 905 nominato,
1118 827 1288 911 quantitate
1302 825 1365 902 sn,
1388 825 1463 889 NR:
1487 835 1521 888 et
1534 824 1682 901 similitor,

341 918 420 1000 quod
443 919 499 982 sub
520 918 589 996 NR,
603 920 673 996 KH,
695 921 794 1000 majus
816 929 865 981 eat
888 939 934 994 eo,
958 920 1037 1002 quod
1060 919 1115 982 sub
1137 916 1208 992 NB,
1226 916 1282 980 KZ
1305 917 1336 979 in
1358 916 1562 998 propositione
1583 914 1682 978 nomi-

340 1017 422 1081 nato,
446 1007 616 1089 quantitate
638 1010 707 1088 NR,
730 1009 794 1084 ΖΗ,
819 1007 848 1072 b
872 1027 900 1070 e.
923 1007 977 1072 SN
998 1027 1037 1071 ex
1058 1007 1291 1072 constructione.
1336 1005 1488 1088 Aequalis
1514 1005 1607 1086 igitur
1627 1025 1682 1068 aa·

344 1097 424 1177 quali
449 1097 549 1180 aliquo
571 1099 688 1179 majora
710 1105 790 1170 suut,
812 1098 948 1180 qnodque
971 1117 1025 1160 sno
1048 1096 1243 1178 respondenti
1257 1098 1286 1158 in
1301 1095 1506 1178 propositione
1519 1095 1683 1160 nominem.

342 1186 440 1268 Igitur
462 1195 496 1249 et
516 1188 670 1252 nominata
691 1188 771 1251 inter
793 1207 826 1250 se
849 1196 920 1250 sunt
941 1187 1089 1270 aequalia.
1106 1183 1132 1261 ')

857 1347 1057 1412 Problema
1077 1347 1165 1412 VIII.

343 1453 458 1518 Datis
507 1453 798 1518 semidiametris
845 1456 1045 1521 luminaria
1091 1463 1131 1518 et
1169 1451 1340 1525 umbrae,
1385 1459 1426 1514 et
1461 1453 1683 1534 quantitate

340 1563 455 1607 arcus
486 1562 576 1607 orae
612 1543 812 1608 luminaris
843 1546 904 1609 vel
935 1545 1083 1610 lucidae
1115 1545 1173 1608 vel
1202 1542 1444 1617 obscuratae,
1485 1541 1683 1624 inquirere

340 1641 470 1712 partes
500 1633 678 1698 diametri
705 1634 770 1696 vel
798 1635 993 1699 luminosis
1017 1635 1078 1698 vel
1105 1633 1255 1698 umbrae
1278 1631 1519 1694 constitutas
1541 1651 1561 1692 a
1582 1630 1684 1694 linea

336 1739 407 1804 per
438 1722 646 1798 sectiones,
677 1742 826 1807 quarum
858 1744 951 1806 quae
983 1725 1098 1787 minor
1123 1731 1294 1804 apotome
1324 1721 1388 1784 vel
1410 1720 1554 1800 sagitta
1576 1720 1683 1782 lumi-

694 1813 799 1877 naria
828 1814 890 1877 vel
918 1815 1070 1878 umbrae
1093 1811 1170 1876 dici
1192 1817 1328 1894 potest

412 1902 511 1965 'Data
547 1899 624 1966 enirn
651 1901 797 1966 diametro
825 1903 927 1968 circuli
955 1911 987 1967 et
1013 1921 1112 1978 arcu·
1137 1902 1227 1966 datur
1253 1909 1287 1962 et
1314 1899 1380 1980 ejus
1402 1915 1491 1962 arcue
1514 1897 1681 1979 sagittain

340 1991 446 2054 eadem
473 1990 673 2068 dimensione,
710 2011 787 2075 quae
818 1992 1018 2076 multiplicata
1041 1992 1072 2054 in
1093 1991 1245 2056 residuum
1267 1989 1405 2052 diametri
1427 1987 1583 2052 luminaris
1607 2007 1680 2051 con·

341 2079 442 2145 stituit
464 2081 642 2163 quadratum
665 2081 801 2145 semissis
824 2083 861 2144 de
883 2083 966 2145 linea
988 2081 1163 2146 sectionum.
1195 2080 1231 2143 ld
1253 2098 1325 2141 nero
1346 2078 1525 2160 quadratum
1547 2077 1681 2142 ablatum

341 2189 361 2232 a
383 2170 530 2252 quadrato
553 2169 767 2234 semidiametri
790 2171 928 2248 umbrae,
958 2171 1103 2253 relinquit
1124 2170 1302 2251 quadratum
1324 2169 1410 2248 ejus,
1432 2168 1512 2250 quod
1533 2175 1606 2249 post
1628 2187 1682 2230 aa·

340 2257 448 2339 gittam
479 2259 613 2322 ablatam
645 2269 694 2323 est
722 2259 874 2324 residuum
906 2281 1001 2344 usqne
1033 2261 1072 2324 ad
1094 2268 1229 2324 centrum
1251 2257 1384 2321 umbrae.
1429 2255 1531 2330 Quare
1553 2256 1682 2320 radixa

339 2347 562 2410 semidiametro
593 2349 717 2413 umbrae
752 2350 874 2426 ablata,
906 2350 1041 2413 ostendit
1072 2349 1217 2431 sagittam
1248 2347 1381 2410 umbrae.
1425 2345 1567 2410 Aliter:
1599 2345 1682 2408 Data

340 2436 561 2499 semidiametro
589 2436 743 2500 luminaris
774 2447 807 2500 et
836 2439 958 2503 dimidio
984 2458 1073 2503 uuus
1097 2437 1262 2502 deficientis
1284 2436 1334 2499 vel
1356 2435 1466 2511 lucidi,
1504 2435 1594 2498 datur
1616 2435 1682 2515 ejus

339 2523 422 2588 sinus
431 2525 461 2588 in
472 2525 576 2588 eadem
586 2524 886 2609 dimensione,iuqua
895 2539 1020 2611 utraque
1030 2529 1263 2590 semidiameter.
1282 2526 1445 2590 Datovero
1454 2525 1681 2588 sinnindimen-

327 2611 423 2676 ·sionc
446 2612 677 2689 semidiametri,
701 2615 790 2678 datur
813 2616 904 2681 etiam
927 2617 1012 2680 siuns
1034 2616 1254 2699 complementi,
1278 2615 1328 2698 qui
1351 2615 1472 2679 ablatus
1494 2633 1515 2677 a
1536 2613 1681 2678 umidiu-

340 2711 437 2767 metro
459 2703 617 2767 constitnit
637 2705 793 2786 sagittam

867 2865 1067 2930 Problema
1087 2866 1145 2930 lx.

338 2967 447 3032 Datis
478 2969 773 3036 semidiametris
803 2971 899 3035 disci
930 2974 1068 3035 Terrae
1100 2978 1137 3034 et
1166 2971 1386 3051 pennmbrae
1413 2968 1681 3034 etlatitudine

292 3067 296 3076 '
337 3058 494 3122 menisci
522 3061 564 3122 de
585 3061 790 3142 penumbra
819 3071 928 3125 extra
958 3061 1095 3124 discum
1126 3061 1302 3142 porrecti,
1329 3060 1523 3141 inquirere
1549 3068 1681 3140 partes

482 3148 653 3213 diametri
674 3151 912 3232 penumbrae,
943 3151 1069 3213 lactas
1091 3171 1111 3211 a
1132 3158 1235 3212 recta
1256 3167 1322 3231 per
1344 3149 1546 3214 sectiones.

426 3238 645 3320 Multiplicetur
667 3240 795 3304 latitudo
818 3241 942 3303 menisci
964 3241 994 3302 in
1017 3239 1167 3303 residuum
1191 3238 1329 3302 diametri
1350 3239 1541 3321 pennmbrae‚
1565 3257 1682 3302 summa

338 3325 490 3390 dividetur
511 3347 566 3408 per
587 3329 766 3392 diametrum
789 3329 874 3405 disci,
898 3329 1075 3392 diminutam
1097 3328 1188 3410 duplo
1211 3329 1277 3409 eJus
1300 3327 1501 3404 differentiae,
1530 3347 1608 3409 quae
1631 3337 1680 3389 est

336 3415 416 3479 inter
447 3417 635 3480 latitudinem
666 3417 792 3482 menisci
822 3428 855 3480 et
881 3417 1134 3481 semidiametrnm
1160 3417 1340 3499 penumbrae
1362 3419 1521 3498 maj0rem:
1554 3417 1603 3480 vel
1625 3436 1680 3498 per

338 3505 514 3568 diametrum
537 3507 612 3568 disci
635 3517 754 3570 auctam
777 3508 867 3588 duplo
891 3509 956 3590 ejus
979 3507 1183 3584 differentiae,
1216 3525 1291 3590 qnae
1319 3514 1368 3570 est
1388 3507 1466 3570 inter
1489 3505 1678 3570 latitudinem

338 3593 461 3657 meniaci
491 3604 524 3656 et
551 3597 806 3660 semidiametrnm
841 3597 1024 3678 penumbrae
1056 3597 1210 3660 minorem.
1257 3594 1305 3670 (Si
1329 3597 1477 3660 meniscne
1500 3605 1550 3658 est
1572 3593 1678 3659 minori

339 3683 498 3748 latitudine
521 3703 610 3766 qnam
642 3687 863 3750 semidiameter
898 3687 1099 3767 penumbrae,
1128 3687 1250 3766 duplum
1281 3686 1369 3768 hujus
1392 3687 1529 3749 delectus
1550 3685 1638 3748 aufer
1659 3705 1679 3746 a

339 3773 489 3836 diametro
513 3771 603 3848 disci;
627 3775 675 3838 sin
696 3776 802 3857 major,
827 3777 949 3856 duplum
971 3793 1114 3838 excessus
1135 3775 1213 3837 adde
1236 3776 1383 3840 diametro
1406 3775 1497 3851 disci;
1519 3774 1565 3837 ita
1585 3773 1679 3838 babes

336 3861 506 3926 divisorem.
554 3863 614 3925 Vel
636 3864 755 3945 duplica
777 3865 955 3928 distantiam
977 3873 1155 3942 ceutronum,
1178 3865 1273 3930 babes
1296 3866 1480 3940 divisorem).

869 4017 1072 4110 Problsema
1093 4027 1135 4090 X

334 4127 447 4194 Datis
475 4126 685 4191 diametris
716 4130 919 4196 luminaris
947 4139 983 4196 et
1009 4133 1163 4197 umbrae
1186 4141 1223 4196 et
1244 4133 1466 4216 quantitate
1489 4132 1673 4208 deiectus,

290 4271 294 4280 .
354 4269 357 4274 .
378 4216 572 4299 inquirere
594 4224 731 4299 partes
754 4221 930 4285 diametri
952 4222 1116 4298 umbrae,
1145 4222 1379 4286 constitutas
1402 4243 1421 4284 a
1443 4222 1544 4285 linea
1564 4241 1632 4303 per

903 4313 1107 4376 sectiones.

421 4393 592 4475 Multiplica
627 4393 815 4462 latitudinem
838 4401 935 4480 partis
958 4401 1076 4465 lucidae
1100 4402 1130 4464 in
1151 4398 1339 4464 latitudinem
1360 4399 1458 4480 partis
1481 4399 1672 4472 anetam,

335 4483 441 4547 deinde
468 4493 500 4546 et
527 4485 671 4550 minorem
694 4505 714 4548 a
734 4487 847 4568 majore
877 4491 1035 4562 subtrahe,
1069 4489 1286 4564 differentiam,
1319 4489 1346 4553 ei
1372 4489 1468 4568 major
1491 4496 1541 4552 est
1562 4487 1672 4562 lucida,

334 4573 411 4636 adde
435 4573 475 4636 ad
497 4571 675 4666 diametrum
697 4576 828 4651 umbrae,
852 4579 897 4642 sin
920 4579 1017 4661 major
1038 4581 1209 4652 tenebrosa,
1234 4577 1318 4642 aufer
1341 4579 1519 4641 adiametru
1534 4576 1672 4649 umbrae;

334 4671 366 4726 et
394 4681 447 4744 per
474 4662 530 4725 boc
557 4663 621 4726 sive
651 4675 846 4747 aggregatum
869 4667 933 4731 sive
956 4669 1106 4734 residuum
1129 4667 1228 4731 divide
1251 4669 1364 4732 iactum
1386 4687 1424 4730 ex
1445 4667 1544 4749 prima
1565 4665 1669 4728 multi·

332 4751 504 4832 lumime,
526 4753 628 4833 prodit
650 4765 836 4840 segmentum
859 4757 997 4826 diametri
1019 4762 1141 4824 umbrae
1164 4757 1360 4848 constitutum
1382 4755 1501 4822 alinea
1517 4755 1671 4820 sectionis.
1794 4817 1795 4840 ,
