3666 5532
364 255 429 332 636
953 255 1117 334 manaan.

368 455 473 510 centra
497 441 578 506 Solis
601 451 633 508 et
654 444 757 508 Lunae
781 444 934 508 inclinatio
959 447 996 508 ad
1020 447 1160 508 circulum
1185 445 1368 510 verticalem.
1412 443 1498 516 Quae
1513 438 1614 509 omnia
1631 461 1702 524 quo-

364 536 452 598 modo
470 533 645 596 habeantur
668 534 755 596 modo
779 535 999 598 observationis
1023 536 1204 611 admirabili,
1238 535 1399 598 artificioso
1430 545 1462 598 et
1479 534 1703 616 jucundissimo,

365 625 433 686 vide
463 623 651 704 problemata
683 625 896 705 praecedentia
918 625 983 705 ejus
1008 625 1086 686 libri.
1131 625 1240 686 Modus
1264 625 1382 706 quidem
1407 624 1450 686 sio
1473 625 1601 687 medium
1625 630 1704 686 tenet

364 715 442 776 inter
465 711 596 792 opticam
619 723 650 774 et
673 713 902 784 astronomiam,
935 725 967 775 ut
991 715 1122 788 nescias,
1155 716 1192 775 ad
1216 723 1312 776 utram
1336 713 1492 776 scientiam
1516 714 1618 794 potius
1642 731 1703 774 eum
1785 779 1789 790 ¹

364 806 488 865 rel'eras.
552 803 658 881 Itaque
695 803 809 882 passim
839 804 865 864 iu
897 805 947 864 illo
979 803 1053 865 libro
1082 806 1246 884 nuncupavi
1277 803 1369 880 hunc,
1404 822 1489 885 quem
1522 803 1569 865 hic
1598 801 1703 872 scribo,

363 906 479 972 partem
503 893 663 953 secundam
687 892 776 966 illius,
801 883 948 955 interdum
973 893 1182 974 appendicem:
1217 911 1282 956 cnm
1305 893 1356 954 ille
1380 893 1480 974 potins
1505 893 1593 973 hujus
1616 909 1703 972 prae-

362 982 512 1044 ambulum
540 981 599 1043 dici
622 981 741 1042 debeat.

451 1069 506 1131 1116
543 1081 671 1150 quatuor
698 1071 786 1132 rebus
816 1089 873 1131 nno
905 1079 935 1132 et
966 1071 1069 1132 eodem
1102 1079 1251 1134 momento
1284 1069 1468 1145 observatis,
1502 1069 1632 1130 habetur
1653 1085 1702 1145 per

362 1159 457 1238 probl.
490 1155 541 1220 24.
573 1158 726 1238 lurrgitudo
755 1169 786 1221 et
817 1160 943 1221 latitudo
976 1161 1102 1222 visibilis
1127 1163 1164 1221 ad
1190 1160 1262 1222 illud
1284 1169 1475 1223 momentum.
1522 1159 1558 1220 Id
1582 1156 1701 1220 verosi

360 1249 414 1310 flat
438 1249 551 1309 duobus
575 1249 733 1310 momentis
757 1269 775 1310 a
798 1268 831 1308 se
854 1261 955 1310 mutno
979 1249 1159 1312 distantibus
1175 1249 1259 1328 justo
1278 1249 1422 1328 temporis
1441 1248 1617 1310 intervallo:
1643 1245 1702 1324 jam

360 1338 457 1418 probi.
482 1334 534 1401 26.
560 1337 778 1417 superexstruit
801 1357 901 1401 veram
917 1349 1041 1420 utroque
1057 1351 1204 1401 momento
1221 1339 1435 1419 longitudinem
1455 1349 1487 1398 et
1504 1335 1700 1408 latitudinem,

257 1504 260 1512 1
360 1427 485 1506 proinde
520 1437 551 1489 et
578 1447 678 1488 verunt
711 1440 822 1489 motum
845 1427 949 1492 Lunae
973 1449 993 1488 a
1016 1425 1101 1504 Sole,
1135 1441 1354 1508 competentem
1384 1428 1510 1506 tempori
1534 1425 1701 1503 interjecto,

359 1535 446 1596 quem
481 1516 631 1578 horatium
669 1518 811 1592 dicimus,
849 1518 875 1578 si
908 1528 1050 1598 quantum
1081 1520 1117 1578 de
1146 1537 1180 1580 eo
1213 1525 1366 1599 cornipetat
1398 1518 1446 1579 uni
1477 1517 1587 1589 horae,
1631 1532 1700 1575 con·

360 1607 512 1667 stituatur.

446 1695 586 1757 Assumit
614 1701 714 1756 tamen
745 1697 899 1774 problema
922 1695 993 1758 illud
1018 1692 1071 1759 26.
1096 1695 1171 1757 hanc
1194 1695 1415 1768 conditionem,
1447 1702 1481 1756 nt
1511 1689 1700 1754 mediocriter

359 1784 399 1846 sit
422 1783 631 1864 praecognitus
654 1786 844 1862 parallarteos
866 1785 995 1848 Lunaris
1019 1803 1159 1848 excessus
1183 1803 1272 1864 super
1295 1783 1462 1864 parallaxin
1486 1782 1579 1856 Solis,
1603 1781 1699 1860 inquo

359 1875 385 1938 61
409 1874 477 1952 quid
513 1877 621 1936 tanum
654 1873 835 1948 admittitur,
867 1894 923 1937 non
952 1875 1070 1955 penitus
1098 1894 1189 1937 sanus
1223 1874 1354 1952 prodibit
1384 1873 1531 1935 horarius.
1578 1869 1648 1932 Etsi
1671 1865 1699 1929 20

253 1981 260 1992 ·
358 1963 407 2025 vel
440 1960 471 2026 30
503 1963 532 2025 16
566 1963 714 2042 paraliaxi
740 1963 858 2025 falsitas
882 1966 1017 2046 utrinque
1043 1965 1147 2026 eadem
1170 1983 1274 2044 parunt
1299 1974 1387 2025 nocet
1410 1962 1539 2026 horatio.
1586 1957 1699 2024 Deinde

358 2053 384 2115 si
413 2053 439 2114 l‘
464 2052 704 2126 vitieturmotus
728 2055 851 2115 duarum
876 2054 1021 2127 horarum,
1047 2056 1124 2136 quod
1149 2054 1236 2114 facile
1259 2052 1321 2113 fieri
1346 2061 1455 2132 potest,
1480 2061 1605 2131 propter
1628 2048 1698 2110 titu-

359 2141 510 2204 bationem
540 2159 677 2202 manuum
707 2154 738 2204 et
760 2142 964 2218 instrumenti,
993 2145 1110 2225 quando
1140 2143 1317 2203 observatur
1349 2141 1501 2202 inclinatio
1524 2138 1698 2201 circulorum

358 2243 411 2292 aut
431 2230 587 2312 quantitas
608 2230 739 2310 eclipsis,
761 2233 881 2292 dimidio
893 2233 958 2310 jam
974 2235 1083 2294 minuto
1100 2232 1255 2293 vitiabitur
1269 2239 1367 2292 motus
1383 2230 1468 2292 nnius
1482 2229 1585 2300 horae,
1606 2244 1697 2308 quan·

356 2331 418 2382 tum
444 2321 471 2379 in
494 2321 671 2382 Brabeanae
697 2321 898 2401 hypotheseos
922 2322 1040 2382 horario
1063 2320 1114 2381 vix
1137 2321 1256 2399 peccari
1280 2327 1390 2400 potest.

444 2407 572 2469 Utamur
608 2427 662 2470 nos
685 2418 784 2469 tamen
809 2411 969 2489 exemplis,
1002 2429 1059 2470 non
1085 2411 1171 2488 quasi
1194 2407 1441 2471 indemonstratis
1468 2399 1699 2488 superstructuri

357 2496 652 2568 demonstrationem,
677 2496 731 2557 sed
754 2505 786 2558 ut
811 2517 975 2559 consensus
999 2506 1154 2576 appareat.

446 2587 535 2645 Anno
562 2581 656 2647 1601.
682 2585 711 2646 6.
740 2582 842 2656 14124.
866 2586 939 2649 Dec.
964 2587 994 2649 h.
1024 2587 1049 2647 1.
1078 2583 1173 2666 17060
1197 2588 1225 2660 16
1249 2587 1352 2666 eclipsi
1372 2583 1467 2661 Solis,
1493 2584 1579 2663 cujus
1600 2585 1698 2643 exstat

356 2672 518 2752 descriptio
544 2673 584 2734 fol
620 2669 693 2736 395.
723 2672 806 2754 Opt‘,
837 2676 892 2736 luit
919 2676 997 2736 inter
1020 2677 1193 2738 verticalem
1218 2686 1248 2737 et
1271 2677 1412 2738 circulum
1435 2685 1609 2754 perceotra
1633 2663 1696 2742 720,

356 2781 421 2825 cum
445 2761 566 2840 eclipsis
582 2762 695 2823 initium
718 2771 880 2840 notaretur,
904 2763 1008 2827 Lunae
1032 2777 1135 2826 centro
1154 2767 1234 2827 inita
1249 2764 1331 2827 Solis
1347 2771 1480 2825 centrum
1497 2763 1534 2824 ad
1549 2775 1696 2823 occasum.

357 2851 521 2925 Quantitas
550 2851 685 2913 defectus
715 2853 842 2933 exigua:
872 2854 978 2935 quippe
1007 2854 1036 2916 in
1062 2855 1127 2936 ipso
1152 2863 1290 2917 contactu
1315 2853 1518 2926 luminarium,
1552 2869 1619 2914 cum
1653 2844 1698 2928 qui

355 2939 457 3006 Solem
489 2940 586 3020 ipsum
619 2941 816 3016 intuerentur,
851 2945 978 3005 nondum
1017 2944 1176 3024 quidquam
1208 2953 1365 3006 cernerent
1396 2943 1531 3004 deficere.
1578 2937 1698 3002 Summa

355 3031 642 3094 semidiametrorum
665 3029 746 3094 Solis
770 3039 802 3093 et
823 3031 926 3094 Lunae
951 3041 1017 3094 erat
1040 3031 1094 3097 300
1122 3032 1196 3098 4000.
1233 3035 1340 3114 ltaque
1364 3031 1510 3094 distantia
1533 3041 1698 3090 centromrn

354 3120 447 3182 luerit
482 3115 536 3182 300
558 3113 634 3182 4000.
687 3120 816 3201 Tempus
841 3131 1018 3184 annotatum
1046 3131 1076 3184 et
1104 3122 1291 3185 1666686116
1323 3122 1465 3183 exhibent
1488 3119 1696 3182 culrninantem

353 3203 533 3293 200105,
562 3209 661 3290 itaque
685 3209 741 3272 init
764 3210 891 3288 angulus
915 3211 993 3272 inter
1016 3211 1190 3273 verticalem
1214 3211 1295 3274 Solis
1319 3221 1351 3272 et
1374 3210 1543 3290 eclipticam
1568 3201 1629 3270 760
1651 3201 1696 3278 9ος

353 3319 418 3362 cnm
448 3316 505 3378 quo
536 3307 727 3378 comparatus
751 3299 877 3378 angulus
902 3296 977 3374 720,
1011 3301 1060 3381 qui
1089 3302 1144 3362 luit
1168 3302 1347 3362 observatus
1370 3299 1449 3361 inter
1471 3296 1647 3360 verticalem
1669 3299 1697 3352 et

352 3387 493 3450 circulum
523 3405 577 3466 per
606 3398 727 3462 centra,
771 3390 871 3468 arguit
908 3389 1049 3470 angulum
1085 3391 1162 3451 litter
1199 3388 1369 3469 eclipticam
1406 3394 1437 3449 et
1472 3386 1618 3449 circulum
1648 3399 1697 3462 per

354 3486 460 3538 centra
491 3467 530 3536 40
558 3471 605 3550 90,
643 3477 692 3556 qui
722 3495 760 3538 ex
798 3477 901 3540 tabula
941 3480 1137 3558 parallactica
1174 3497 1239 3558 cap.
1277 3479 1334 3541 IX.
1365 3475 1437 3556 Opt.
1469 3477 1525 3538 sub
1555 3470 1696 3537 columnia

353 3563 423 3635 ³0¹,
447 3561 511 3627 4000
544 3565 665 3626 exhibet
693 3566 789 3627 visam
819 3566 1005 3628 latitudinem
1038 3569 1131 3630 centri
1154 3569 1258 3629 Lunae
1286 3588 1305 3627 a
1337 3579 1439 3629 centro
1464 3565 1545 3629 Solis
1568 3561 1601 3626 20
1628 3557 1695 3634 1400,

353 3655 419 3735 ejus
440 3671 512 3716 vero
537 3655 786 3732 complementum
815 3651 876 3719 650
898 3654 951 3718 510
975 3657 1191 3736 longitudinem
1215 3655 1269 3721 30‘
1292 3650 1368 3720 4000.
1414 3655 1564 3717 Ponamns
1596 3649 1696 3732 paral-

353 3743 434 3805 16616
457 3742 562 3806 Lunae
594 3763 613 3804 a
642 3743 713 3806 Sole
741 3745 771 3806 in
804 3744 957 3806 horizonte
990 3755 1021 3806 et
1054 3747 1163 3808 circulo
1194 3745 1332 3807 verticali
1364 3763 1431 3807 esse
1455 3741 1528 3818 560,
1569 3741 1641 3824 qnia
1667 3743 1697 3798 ut

353 3833 465 3895 dietum
498 3851 638 3894 excessus
671 3833 785 3916 aliquot
812 3834 1015 3914 scrupulorum
1046 3835 1075 3896 io
1104 3835 1161 3897 hac
1185 3836 1304 3896 fictione
1327 3835 1400 3896 61611
1432 3843 1520 3895 nocet
1548 3824 1697 3912 praesenti

353 3921 485 4000 negotio.
532 3919 607 3984 Cum
631 3921 721 4001 igitur
744 3924 884 3986 culminet
908 3917 1071 4002 tom,
1095 3924 1124 3984 in
1148 3925 1343 4003 nonagesimo
1368 3923 1424 3986 erit
1450 3913 1695 4006 1501,οπ,661

353 4011 449 4073 distat
479 4031 498 4072 6
526 4011 639 4072 vertice
668 4009 728 4074 700
754 4010 786 4074 40
814 4012 947 4092 Pragae,
981 4015 1010 4074 in
1040 4014 1105 4075 loco
1134 4013 1363 4076 observationis.
1417 4015 1520 4092 Atque
1542 4011 1630 4072 'haec
1652 4006 1695 4068 di·

352 4101 465 4162 stantia
488 4095 547 4163 700
570 4095 617 4175 40,
647 4100 784 4179 quaesita
807 4101 836 4163 in
861 4102 994 4182 margine
1018 4102 1243 4181 parallacticae,
1269 4103 1391 4165 exhibet
1415 4103 1470 4164 666
1485 4101 1622 4164 colomna
1645 4088 1694 4159 560

352 4188 523 4272 parallaxin
552 4189 718 4250 latitudinis
748 4179 801 4252 520
830 4188 909 4266 3600,
949 4192 1026 4252 6666
1055 4190 1160 4252 ablata
1189 4192 1257 4253 visa
1285 4191 1412 4253 latitudo
1444 4190 1549 4253 Lunae
1580 4209 1600 4250 6
1628 4184 1694 4249 Solo

354 4281 480 4354 (austr.)
504 4275 535 4340 20
563 4275 640 4352 1400,
679 4279 835 4341 constituit
866 4281 1053 4342 latitudinem
1075 4278 1179 4343 Lunae
1204 4280 1242 4342 ab
1266 4279 1407 4361 ecliptica
1445 4277 1499 4343 500
1535 4274 1601 4341 2400
1633 4274 1692 4336 bor.

352 4366 497 4448 Ejusdem
513 4385 584 4427 vero
599 4367 763 4429 distantiae
780 4364 840 4432 700
862 4364 894 4429 40
917 4371 1025 4450 compl.
1054 4365 1111 4434 190
1135 4363 1188 4431 560
1212 4367 1266 4432 sub
1292 4369 1399 4432 eadem
1421 4369 1560 4430 columna
1575 4365 1691 4429 exhibet

353 4455 521 4537 parallaxin
545 4455 739 4535 longitudinis
763 4457 977 4520 horizontalem
1004 4455 1055 4522 160
1078 4457 1132 4522 500.
1193 4497 1195 4502 ,

443 4545 518 4609 Oum
541 4561 611 4606 vero
631 4541 734 4624 15010
753 4562 797 4606 a:
820 4547 861 4606 sit
875 4547 902 4607 in
919 4549 1120 4628 nonagesimo,
1148 4555 1179 4610 et
1198 4545 1251 4609 Sol
1267 4547 1296 4609 ia
1314 4543 1354 4609 20
1367 4543 1421 4611 530
1437 4558 1479 4626 ,5,
1497 4545 1593 4608 distat
1607 4543 1691 4625 igitar
1743 4551 1747 4564 ⁶

355 4634 589 4714 anonagesimo
612 4633 642 4696 in
665 4654 803 4697 occasum
826 4630 887 4696 420
909 4634 981 4712 520,
1015 4657 1090 4717 quae
1114 4637 1261 4699 distantia
1285 4637 1340 4699 snb
1363 4636 1502 4698 columna
1527 4631 1578 4698 190
1602 4643 1633 4695 et
1652 4628 1692 4694 500

355 4723 477 4784 exhibet
519 4723 713 4802 longitudinis
755 4725 922 4806 parallaxin
960 4725 991 4786 in
1023 4743 1161 4788 occasum
1197 4743 1250 4786 sen
1287 4724 1499 4787 antecedentia
1533 4722 1584 4787 120
1620 4717 1690 4792 5800,

355 4829 443 4894 quem
467 4811 594 4874 661666
617 4812 727 4876 visibili
743 4812 846 4880 Lunae
870 4812 1087 4894 praecessione.
1103 4809 1155 4876 300
1178 4809 1258 4890 4000,
1282 4812 1383 4893 prodit
1406 4813 1491 4894 quasi
1513 4831 1586 4875 vero
1607 4828 1691 4894 prae·
