3582 5558
328 249 390 322 152
691 247 721 300 Iu
739 246 923 299 commentaria
941 247 972 300 de
990 226 1096 298 motibus
1115 243 1202 298 atellae
1220 242 1309 297 Martis

325 434 478 505 Episcopus
493 433 615 486 Arabiae
636 435 666 484 et
679 430 861 500 Taprobanae
881 426 977 500 utique
997 426 1113 492 vicinae,
1135 445 1189 482 uou
1208 443 1274 482 vero
1297 425 1354 482 500
1375 424 1539 483 milliaribus
1560 445 1662 500 guma·

325 515 392 570 uicis
414 510 480 580 (imo
501 529 566 566 rero
587 529 638 582 per
658 511 798 566 anfractus
820 509 861 563 illi
877 509 965 564 aetati
979 509 1096 564 usitatos
1110 508 1228 578 amplius
1242 503 1332 574 mille)
1352 508 1379 562 in
1394 507 1527 563 orientem
1539 517 1663 564 remotae.

326 598 405 658 Quae
425 611 489 648 rero
510 591 590 664 hodie
605 593 770 662 Taprobane
791 596 907 661 putatur
920 590 1049 645 Sumatra
1069 589 1167 652 insula,
1189 606 1250 643 eam
1270 587 1397 643 existimo
1412 587 1475 643 olim
1490 588 1573 644 hrisse
1588 589 1664 644 Cher·
1691 607 1693 610 ·

326 691 470 729 sonnesum
492 689 603 727 auream
625 673 725 725 isthmo
747 671 839 725 Indiae
861 669 1034 739 conjunctam
1062 671 1098 728 ad
1128 669 1223 724 urbem
1243 668 1405 724 Malaocam.
1447 668 1517 722 Nam
1538 669 1665 724 Cherson·

325 773 416 818 nesus,
438 769 517 825 quam
538 753 619 808 hodie
638 751 771 807 credimus
786 767 881 816 aurea,
903 769 958 805 uon
972 753 1057 805 multo
1072 749 1161 822 magis
1176 749 1380 806 Chersonnesos
1395 749 1447 804 dici
1460 753 1541 819 pbsse
1555 749 1665 814 ridetur,

342 851 404 889 uam
427 833 519 889 ltalia.
525 827 572 894 ¹⁰)

325 855 342 908 q
404 915 481 978 Quae
496 913 626 1008 'quamvis
647 917 729 966 erant
748 911 819 967 alius
841 912 903 976 loci,
925 911 968 965 sic
985 927 1039 966 uno
1061 913 1194 964 contextu
1214 907 1357 980 explicare
1378 909 1467 974 volui,
1488 915 1520 965 ιιι
1540 908 1665 980 majorem

324 995 414 1050 aestui
434 993 539 1049 marino
561 1001 590 1048 et
609 1010 660 1063 per
678 992 753 1045 hunc
772 991 869 1048 virtuti
889 993 984 1047 Lunae
1006 991 1157 1046 tractoriae
1177 989 1256 1047 fldem
1278 989 1406 1044 iacerem.

293 1137 296 1144 Ι
403 1074 533 1145 Sequitur
553 1073 637 1138 enim,
668 1071 692 1126 si
721 1072 807 1128 virtus
837 1073 969 1128 tractoria
988 1073 1085 1128 Lunae
1106 1071 1258 1144 porrigitur
1278 1069 1306 1123 in
1326 1069 1426 1124 Terras
1455 1075 1555 1142 usquo,
1587 1069 1666 1124 multo

322 1155 411 1227 magis
433 1156 563 1210 virtutem
584 1151 743 1210 tractoriam
765 1153 883 1208 Telluris
904 1153 1009 1226 porrigi
1030 1152 1056 1206 in
1076 1151 1182 1206 Lunam
1212 1155 1241 1204 et
1261 1151 1345 1222 longe
1366 1150 1465 1216 altius,
1497 1161 1531 1203 ac
1560 1150 1666 1220 proinde

324 1236 392 1290 nihil
414 1253 522 1299 comm,
554 1237 624 1306 quod
646 1253 682 1289 ex
714 1241 824 1289 terrena
844 1235 966 1290 materia'
982 1235 1223 1307 quomodocunque
1244 1236 1368 1294 constat,
1398 1230 1480 1302 inque
1501 1232 1589 1285 altum
1609 1233 1667 1284 sub·

312 1315 441 1380 uehitur,
463 1315 635 1386 complexum
655 1315 728 1370 hunc
748 1314 924 1369 fortissimum
945 1314 1055 1369 virtutis
1076 1311 1233 1384 tractoriae!
1245 1327 1365 1384 uuquam
1385 1313 1518 1384 elhrgere.

402 1397 477 1450 Lere
498 1413 563 1450 vero
585 1395 652 1450 nihil
673 1401 717 1448 εει
738 1395 879 1460 absolute,
910 1397 981 1467 quod
1002 1409 1135 1464 corporea
1154 1392 1273 1447 materia
1294 1395 1416 1457 constat,
1446 1393 1493 1448 sed
1515 1397 1667 1462 comparate

322 1477 410 1532 levius
432 1483 483 1539 est,
507 1479 578 1546 quod
598 1475 687 1529 rarius
709 1481 754 1529 est
774 1475 831 1529 sire
853 1468 1034 1538 natura'sua,
1056 1474 1113 1527 sire
1134 1490 1171 1526 ex
1193 1473 1335 1526 accidente
1355 1473 1457 1530 calore.
1490 1473 1595 1528 Rarum
1608 1489 1667 1526 rero

322 1557 381 1612 dico
403 1575 457 1611 nou
478 1555 547 1610 illud
568 1561 688 1618 tautum,
717 1556 787 1627 quod
818 1573 946 1627 porosum
967 1562 1012 1611 est
1031 1561 1061 1608 et
1080 1554 1109 1608 iu
1128 1553 1230 1608 multas
1251 1551 1387 1607 caritates
1408 1551 1538 1617 dehiscit,
1570 1553 1616 1606 red
1644 1551 1668 1605 in

322 1655 434 1710 genere,
458 1639 528 1708 quod
550 1638 601 1690 sub
622 1638 718 1691 eadem
738 1635 791 1690 loci
813 1636 1001 1707 amplitudine,
1024 1651 1104 1707 quarn
1126 1639 1243 1704 occupat
1262 1633 1375 1704 granium
1398 1633 1522 1706 aliquod,
1545 1632 1668 1687 minorem

325 1717 510 1790 quantitatem
530 1716 665 1771 materiae
686 1733 835 1788 corporeae
856 1718 1000 1774 concludit.

401 1797 514 1870 Leriom
536 1797 719 1851 definitionem
734 1797 857 1869 sequitur
870 1803 900 1852 et
914 1805 1011 1852 motus.
1051 1795 1112 1850 Non
1127 1794 1198 1849 euim
1212 1801 1257 1850 est
1270 1793 1490 1858 existimandum,
1512 1793 1565 1850 illa
1577 1795 1669 1866 hagero

323 1881 359 1932 ad
380 1877 550 1950 superficiem
572 1895 659 1950 usque
680 1878 779 1942 mundi,
802 1880 863 1933 dum
885 1879 1011 1932 feruntur
1031 1893 1145 1940 sursum,
1167 1881 1217 1930 aut
1237 1893 1290 1930 non
1306 1875 1411 1930 attrahi
1433 1891 1451 1928 a
1464 1875 1566 1930 Terra:
1587 1875 1669 1929 minua

224 1966 227 1974 ¹
322 1959 393 2014 enim
414 1960 595 2014 attrahuntur
615 1975 695 2032 quam
716 1957 824 2030 gravia,
846 1965 876 2012 et
896 1959 936 2013 sic
956 1959 1136 2028 expelluntur
1156 1972 1175 2010 a
1193 1955 1335 2028 gravibus,
1362 1974 1415 2029 quo
1436 1956 1510 2010 facto
1534 1957 1671 2028 quiescunt

322 2039 529 2110 retinenturque
552 2055 570 2094 a
590 2041 677 2094 Terra
697 2039 757 2094 loco
779 2057 837 2094 suo.

400 2120 462 2175 Etsi
482 2136 549 2174 sero
570 2119 656 2174 virtus
679 2121 812 2174 tractoria
832 2120 948 2182 Terrae,
980 2123 1011 2172 ut
1038 2117 1152 2182 dictum,
1183 2117 1335 2189 porrigitur
1364 2116 1524 2190 longissime
1561 2131 1671 2178 sursum,

325 2207 417 2255 tamen
439 2200 463 2254 si
483 2198 556 2270 lapis
577 2201 677 2272 aliquis
698 2203 778 2255 tauto
800 2199 948 2254 intervallo
970 2200 1097 2262 abesset,
1129 2199 1199 2270 quod
1220 2199 1299 2252 lieret
1319 2199 1354 2254 ad
1375 2198 1538 2254 diametrum
1558 2196 1671 2252 Telluris

323 2281 466 2344 sensibile,
496 2297 590 2336 rerum
612 2288 668 2345 εει,
691 2282 777 2335 Terra
801 2287 877 2336 mota
904 2279 1025 2350 lapidem
1052 2280 1138 2333 talem
1158 2297 1212 2333 uon
1233 2279 1317 2349 plane
1338 2284 1510 2357 scripturum,
1544 2282 1592 2334 aed
1613 2293 1671 2332 suas

321 2361 467 2416 resistendi
487 2361 561 2416 vires
582 2361 780 2431 permixtorum
803 2379 862 2415 cum
883 2359 986 2414 viribus
1008 2361 1110 2414 Terrae
1132 2359 1284 2424 tractoriis,
1315 2364 1398 2430 etque
1430 2359 1470 2413 ita
1499 2377 1531 2413 se
1553 2359 1671 2432 explica

322 2449 412 2498 turum
433 2441 557 2496 nonnihil
579 2457 597 2494 a
616 2449 699 2512 raptu
721 2442 769 2495 illo
790 2441 924 2500 Telluris:
956 2458 1009 2494 nou
1038 2456 1117 2494 secus
1146 2447 1229 2511 atque
1250 2447 1339 2494 motus
1361 2438 1497 2494 violentus
1519 2439 1672 2511 projectilia

321 2521 445 2576 nonnihil
466 2538 485 2574 a
505 2528 588 2591 raptu
609 2521 728 2576 Telluris
749 2521 887 2592 explicat,
917 2527 949 2575 ut
977 2521 1022 2574 rel
1043 2522 1241 2591 praecurrant,
1267 2519 1395 2591 projecta
1415 2536 1523 2594 versus&
1535 2521 1671 2584 orientem,

321 2603 367 2656 rel
388 2601 585 2661 destituantur.
607 2601 629 2654 si
651 2601 679 2655 iu
700 2601 867 2656 occidentem
888 2601 1083 2672 projicientur:
1106 2607 1190 2672 atque
1211 2599 1253 2656 ita
1272 2601 1362 2656 locum
1384 2616 1475 2665 suurn,
1498 2617 1517 2655 a
1540 2619 1593 2675 quo
1614 2607 1688 2671 pro·'

316 2683 489 2752 jactarunt,
511 2680 538 2733 ri
559 2681 701 2750 compulsa
721 2675 863 2735 desera'nt:
885 2699 974 2753 neque
994 2688 1093 2752 rapt-us
1113 2683 1217 2736 Terrae
1238 2682 1311 2737 hanc
1331 2681 1490 2737 violentiam
1510 2681 1541 2736 in
1563 2681 1672 2736 solidum
1694 2755 1698 2762 Ι
1763 2717 1768 2727 ·

321 2761 452 2832 impedire
473 2760 569 2831 possit,
593 2779 673 2832 quam
695 2761 741 2816 diu
761 2761 899 2816 violentus
920 2768 1009 2815 motus
1031 2763 1057 2815 in
1079 2779 1129 2816 suo
1150 2761 1246 2835 rigore
1268 2771 1320 2818 est.
1335 2755 1369 2826 ²¹)

401 2851 458 2908 Sed
479 2850 544 2922 quia
563 2851 668 2905 nullum
688 2850 833 2922 projectile
855 2851 959 2906 centies
979 2850 1151 2909 millesimam
1170 2849 1295 2906 diametri
1310 2850 1412 2906 Terrae
1426 2855 1536 2922 partem
1550 2868 1569 2907 a
1583 2865 1672 2922 super·

322 2931 381 2987 licie
402 2931 506 2986 Terrae
527 2937 691 3002 separatur,
722 2931 854 3002 ipsaeque
875 2933 944 2986 adeo
965 2931 1051 2985 nubes
1073 2939 1157 3004 atque
1178 2931 1257 2997 firmi,
1286 2948 1357 3004 quae
1378 2929 1514 2986 minimum
1537 2931 1672 2986 terrestris

320 3011 455 3068 materiae
476 3011 609 3076 obtinent,
631 3030 685 3065 uon
706 3011 853 3066 millesima
872 3011 1065 3066 semidiametri
1086 3019 1168 3084 parte
1188 3011 1311 3067 evolant
1323 3013 1350 3066 in
1372 3014 1472 3068 altura:
1500 3012 1573 3067 nihil
1593 3011 1673 3104 igituir

314 3099 414 3166 potest
434 3092 552 3158 nubium,
575 3092 709 3148 humorum
729 3099 759 3148 et
779 3109 880 3157 eorum,
903 3109 974 3164 quae
989 3091 1277 3165 perpendiculariter'
1270 3111 1297 3147 ιιι
1312 3094 1399 3147 altum
1413 3091 1598 3163 projiciuntur
1611 3092 1672 3147 reri·

322 3172 426 3228 atentia
446 3179 477 3227 et
497 3173 633 3228 naturalis
654 3175 689 3259 pd
715 3172 833 3244 quietem
861 3170 1018 3238 inclinatio,
1049 3172 1156 3228 nihil
1149 3191 1258 3267 inquam
1288 3180 1382 3243 potest
1412 3174 1447 3228 ed
1474 3171 1672 3244 impediendum

320 3256 394 3309 hunc
415 3251 457 3309 sui
477 3271 528 3324 rap
530 3259 602 3317 t;um
624 3259 722 3323 utpote
745 3255 779 3306 ad
801 3269 880 3325 quem
903 3255 973 3307 haec
994 3253 1174 3310 resistentie'
1168 3273 1194 3310 ιιι
1208 3255 1286 3308 nulla
1299 3255 1477 3326 proportione
1491 3261 1546 3309 est.
1581 3255 1673 3325 ltaque

323 3335 394 3406 quod
413 3333 682 3404 perpendiculariter
702 3350 808 3387 sursum
829 3339 874 3387 est
894 3333 1055 3404 projectum,
1077 3335 1210 3389 re'cidet
1203 3353 1230 3390 ιιι
1251 3335 1339 3389 locum
1361 3352 1451 3398 suum,
1473 3333 1544 3388 nihil
1566 3333 1673 3405 impedi·

321 3421 379 3469 turn
399 3432 442 3468 mo
444 3419 475 3468 tu
496 3414 622 3479 Telluris,
645 3420 677 3467 ut
698 3430 768 3485 quae
790 3414 902 3476 subduci
923 3432 978 3468 nou
999 3421 1101 3485 potest,
1123 3417 1170 3469 sed
1190 3429 1247 3470 uua
1264 3414 1369 3484 rapit'
1362 3434 1389 3469 m
1413 3419 1478 3470 adra
1492 3415 1629 3482 volantia,
1649 3414 1674 3468 ri

321 3493 481 3568 magnetica
501 3494 553 3547 sibi
573 3512 627 3548 non
647 3493 734 3548 minus
756 3501 952 3558 concatenata,
975 3511 1057 3566 quam
1078 3495 1100 3549 si
1121 3493 1237 3566 cdrpore
1257 3495 1307 3548 illa
1328 3495 1509 3568 contingeret.

403 3573 487 3628 Hisce
508 3573 739 3645 propositionibus
760 3581 851 3628 ιιιειιιε
873 3575 1075 3646 comprehensis
1097 3583 1126 3630 et
1146 3575 1294 3648 diligenter
1315 3577 1471 3640 trutinatis,
1493 3594 1550 3630 non
1570 3581 1673 3631 tantum

325 3654 467 3710 evanescit
488 3655 644 3709 absurditas
666 3660 697 3707 et
723 3655 794 3708 falso
819 3653 974 3733 imaginata
1004 3654 1208 3726 impossibilitas
1235 3657 1353 3728 physice
1381 3664 1469 3711 motus
1491 3657 1605 3722 Terrae,
1632 3658 1676 3711 sed

325 3735 410 3790 etiam
430 3735 549 3804 patebit,
571 3734 634 3806 quid
656 3735 690 3788 ad
712 3734 823 3804 objecta
843 3735 962 3806 physica
982 3740 1221 3810 quomodocunque
1240 3737 1388 3792 informata
1400 3737 1437 3792 sit
1450 3739 1673 3808 respondendum.

403 3823 466 3878 Etsi
488 3823 638 3893 Copernico
658 3824 749 3897 magis
771 3824 872 3894 placet,
894 3825 1006 3881 Terram
1028 3833 1058 3881 et
1077 3833 1190 3881 terrena
1211 3826 1317 3888 omnia.
1337 3827 1404 3881 licet
1424 3827 1525 3882 avulsa
1546 3845 1565 3883 a
1585 3827 1674 3890 Terra,

322 3923 379 3961 uua
400 3910 430 3958 ει
450 3905 545 3958 eadem
567 3905 658 3959 anima
678 3923 721 3959 mo
723 3905 790 3960 trice
811 3905 964 3972 informari,
987 3923 1058 3977 quae
1078 3907 1206 3973 Terram,
1233 3924 1341 3978 corpus
1359 3924 1450 3971 suunr,
1480 3913 1578 3963 rotans
1605 3913 1676 3963 rotet

322 3987 407 4042 etiam
427 4001 485 4040 una
504 3983 658 4054 particulas
680 3985 748 4040 istae
774 4002 926 4056 acorpore
954 4004 1003 4040 suo
1030 3988 1156 4043 avulsae:
1186 3993 1219 4042 ut
1239 3988 1277 4042 sic
1297 4005 1347 4058 per
1367 3993 1456 4042 motus
1477 3987 1617 4044 violentos
1636 3988 1674 4041 ris

324 4070 375 4122 fiat
405 4065 469 4120 hoie
499 4064 607 4120 animae
637 4083 688 4137 per
717 4083 810 4120 omnes
840 4067 991 4138 particulas
1021 4067 1149 4134 diffusae,
1180 4064 1402 4140 quemadmodum
1431 4085 1485 4140 ego
1516 4068 1591 4134 dico,
1625 4067 1674 4122 rim

321 4148 380 4203 fleri
409 4145 537 4202 iacultati
567 4161 716 4216 corporeae
748 4142 843 4220 (quarn
872 4147 1041 4219 gravitatem
1072 4148 1183 4203 dicimus
1213 4165 1263 4204 seu
1287 4143 1485 4224 magnauran)
1511 4148 1607 4206 itidem
1628 4165 1675 4220 par

322 4236 414 4282 motus
436 4225 582 4280 violentos.

401 4306 540 4363 Sufficitt
528 4311 621 4362 tamen
642 4324 691 4378 pro
713 4307 809 4362 solutis
832 4309 951 4363 aTerra
965 4307 1084 4362 facultas
1100 4307 1156 4362 ista
1170 4325 1315 4378 corporea;
1337 4309 1460 4365 abundet
1473 4309 1526 4366 illa
1541 4309 1673 4366 animalis.

404 4399 480 4462 Quod
501 4414 606 4472 veroua
627 4397 770 4454 celeritate
791 4405 880 4453 motus
901 4397 984 4468 hujus
1005 4397 1084 4452 multi
1105 4397 1157 4452 sibi
1178 4405 1323 4470 terraeque
1344 4396 1520 4454 nascentibus
1550 4407 1675 4458 extrema

322 4485 456 4542 metuunt,
479 4494 591 4534 oausam
611 4479 716 4534 nullam
736 4478 850 4533 habent.
891 4478 960 4532 Vide
982 4479 1015 4532 de
1035 4479 1090 4532 hac
1109 4496 1139 4533 re
1160 4477 1227 4550 Cap.
1248 4477 1309 4534 XV.
1331 4486 1362 4535 et
1380 4479 1455 4536 XVI.
1476 4477 1543 4535 libri
1563 4481 1617 4536 mei
1642 4482 1673 4548 dc

321 4557 412 4613 Stella
431 4557 601 4629 Serpentarii
623 4559 669 4615 iol.
691 4557 738 4614 82.
760 4564 790 4613 et
810 4557 856 4614 84.
881 4561 969 4630 (le.
990 4559 1041 4614 672
1059 4561 1092 4623 ε.)

402 4637 505 4694 ibidem
525 4638 610 4694 etiam
630 4638 752 4693 invenies
773 4637 862 4708 plenis
883 4637 952 4692 velis
973 4639 1135 4710 navigatum
1149 4655 1200 4709 per
1213 4637 1423 4694 immensitatem
1442 4637 1515 4694 orbis
1538 4640 1672 4706 mundani,

323 4732 392 4786 quae
414 4717 564 4792 Copernico
585 4719 657 4774 solet
678 4717 760 4788 objici
780 4723 812 4772 ut
832 4717 1006 4794 prodigiosa:
1029 4720 1233 4776 demonstratur
1250 4719 1330 4787 enim,
1351 4720 1423 4775 bene
1436 4719 1672 4791 proportionatam
