3640 5538
271 396 273 402 y
311 315 378 388 526
976 323 1140 394 Hipparchus·

398 502 520 584 Conjice
543 503 573 567 iu
596 523 684 568 uuaru
708 522 856 566 summam
870 499 1115 568 ‘semidiametros
1137 504 1334 581 luminarium,
1352 503 1521 587 parallaxin
1544 501 1651 566 Lunae

308 592 521 656 horizontalem
545 599 578 656 et
599 595 755 656 semissem
779 594 815 656 de
838 595 988 674 perallaxi
1007 595 1089 659 Sulis
1111 595 1317 669 horizontalie,
1341 594 1519 660 moilabitur
1536 611 1654 658 summa

307 679 593 747 semidiame'tmrum
616 684 691 748 disci
714 691 746 747 et
767 684 959 765 penumbrae.

730 801 733 808 Ι
830 825 1125 890 TheoremaXII.

308 929 528 994 Parallaxis
555 931 680 994 Lunae
712 931 970 1012 -horipoutalis
1006 932 1040 996 iu
1077 933 1244 1015 quolibet
1274 938 1407 1014 puncto
1440 929 1653 995 distantiae

359 1022 456 1102 ejus
491 1020 652 1084 aTerra
688 1022 859 1102 aequalis
896 1030 963 1084 est
1002 1023 1276 1086 semidiametro
1313 1021 1426 1086 disci
1453 1023 1607 1085 Terrae
1737 1071 1743 1086 .

738 1182 744 1192 ‚
862 1113 1099 1192 apparenti.
1343 1163 1345 1170 .

316 1219 319 1228 ’
393 1199 473 1263 Nam
510 1199 579 1282 quia
609 1199 831 1280 proportionem
859 1202 1028 1281 quaerimus
1056 1202 1340 1264 semidiametrnrum
1368 1201 1444 1262 disci
1472 1199 1584 1262 Terrae
1621 1206 1655 1260 et

308 1289 505 1372 penumbrae,
534 1289 659 1368 angulos
679 1287 784 1362 etiam,
822 1290 928 1370 quibua
959 1299 1083 1373 utraque
1112 1300 1249 1372 apparet,
1287 1291 1391 1353 eodem
1420 1291 1485 1352 loco
1507 1285 1653 1349 constitui

309 1386 436 1459 oportet.
487 1377 582 1460 Atqui
611 1378 789 1457 penumbrae
819 1386 851 1441 et
886 1380 1007 1442 umbrae
1036 1381 1161 1460 angulos
1189 1381 1359 1444 necessarie
1391 1377 1599 1442 coustituImus
1621 1375 1653 1438 in

307 1469 407 1542 Luna,
437 1468 546 1548 qnippe
575 1487 594 1529 a
622 1487 680 1547 qua
708 1467 852 1530 dilatatur
878 1469 1052 1548 penumbra·
1073 1469 1208 1544 (MKN).
1254 1467 1355 1540 Quare
1387 1469 1477 1531 etiam
1506 1465 1653 1529 semidia-

280 1553 286 1562 “
308 1567 405 1620 rueter
427 1556 502 1620 disci
525 1553 642 1618 Terrae
660 1555 839 1619 subtendere
867 1558 959 1621 debet
981 1559 1120 1639 angulum
1144 1559 1173 1621 iu
1197 1561 1292 1623 Luna
1340 1557 1383 1620 At
1404 1575 1491 1640 quem
1513 1556 1543 1617 iu
1565 1555 1655 1616 Luna

204 1705 214 1728 ,
309 1645 464 1711 subtendit
496 1646 719 1710 semidiameter
746 1646 857 1711 Terrae
887 1648 1042 1728 angulum,
1074 1649 1102 1711 is
1134 1656 1182 1712 est
1212 1649 1402 1731 parallsxeos
1428 1647 1533 1710 Lunae
1567 1643 1654 1706 hori·

307 1737 444 1800 zontalia

822 1825 1032 1889 Theorema
1052 1825 1140 1888 XIII.

308 1931 446 1994 Liueae
478 1940 596 1994 motus
626 1930 928 2010 longitudinis)
954 1951 973 1992 a
997 1928 1037 2010 Θ
1065 1931 1123 1994 vtl
1150 1932 1366 1995 latitudiuis
1394 1931 1436 1994 ab
1465 1929 1654 2010 ecliptica,

307 2022 342 2083 iu
375 2022 525 2103 plenum
558 2020 653 2083 disci
681 2021 816 2084 Terrae
853 2020 1059 2100 projectae,
1103 2031 1191 2084 snut
1218 2022 1282 2084 sub
1311 2019 1458 2102 angulis
1487 2019 1521 2082 iu
1551 2017 1656 2082 Luna

305 2112 585 2193 proportionem
608 2129 683 2172 eam
703 2109 927 2172 habentibus
947 2110 991 2172 ad
1009 2111 1179 2190 angulos,
1205 2111 1333 2192 quibus
1355 2110 1460 2191 ipsae
1478 2107 1657 2171 videntur

374 2219 420 2264 ox
447 2199 579 2277 Terra,
615 2219 710 2282 qnae
739 2207 801 2262 est
832 2217 972 2262 summa
1000 2198 1244 2280 parallaxeou‘
1275 2200 1396 2262 Lunae
1424 2195 1588 2261 etSolis

682 2289 726 2350 ad
756 2287 979 2368 parallaxiu
1002 2288 1126 2352 Lunae
1155 2290 1284 2354 solam.

398 2379 434 2440 lu
457 2377 610 2440 schemate
633 2375 664 2441 2.
689 2377 730 2439 uit
752 2379 767 2440 Ι
789 2385 930 2460 punctum
953 2377 1069 2441 orbitae
1093 2377 1195 2440 Lunae
1220 2379 1386 2458 subjectum
1409 2375 1580 2456 eclipticae,
1609 2371 1655 2438 LI

309 2486 398 2529 arcus
423 2466 607 2542 latitudiuis,
642 2468 767 2528 ducatur
789 2467 847 2529 AL
870 2475 902 2528 et
924 2467 1112 2529 continuetur
1135 2467 1164 2528 in
1188 2469 1211 2530 Z
1234 2475 1375 2549 punctum
1398 2467 1427 2528 in
1450 2466 1541 2547 pleno
1564 2463 1652 2525 disci.

309 2557 369 2620 uss
404 2554 494 2634 igitur
520 2561 555 2616 ut
575 2557 624 2619 AI
650 2557 687 2617 ad
712 2555 767 2630 lL,
801 2555 845 2616 sic
867 2556 924 2618 AB
948 2556 986 2617 ad
1010 2555 1072 2618 BZ.
1124 2555 1186 2618 Sed
1214 2559 1269 2622 AB
1294 2556 1402 2619 estad
1425 2555 1470 2619 ΔΙ
1492 2553 1653 2634 utparel·

297 2639 385 2708 'lexis
407 2646 433 2718 J
459 2651 491 2706 et
514 2639 554 2722 Θ
578 2645 617 2706 ad
639 2643 934 2727 parallaxiu·Lunoe
958 2645 1135 2722 solitariam,
1160 2665 1189 2728 q.
1214 2666 1239 2708 e.
1263 2646 1292 2708 d.

830 2803 1033 2867 Problema
1056 2805 1127 2869 Vll.

725 2901 920 2973 Horatium
942 2911 1016 2974 rite
1041 2913 1230 2994 ampliare.

396 3000 558 3064 Dividetur
579 2999 744 3081 parallexis
766 3001 793 3073 J
818 3019 872 3081 per
894 3001 1063 3081 parallexiu
1089 2999 1140 3080 Θ,
1165 2999 1301 3082 quotiens
1325 2996 1442 3060 dividat
1463 3015 1564 3059 arcum
1578 2996 1653 3059 lati-

309 3091 422 3155 tudiuis
445 3089 494 3154 vel
516 3089 668 3153 horarium
691 3089 794 3152 Lunae
820 3097 852 3152 et
874 3089 922 3152 luic
946 3091 1083 3172 quotiens
1107 3091 1264 3174 adjiciatur
1286 3088 1351 3150 toti.

826 3250 1028 3313 Theorema
1049 3250 1139 3315 XIV.

309 3357 458 3420 Duobus
486 3356 647 3422 circulis
675 3356 774 3418 iuter
802 3375 839 3417 ee
871 3357 1129 3436 inaequalibus
1158 3375 1194 3418 re
1222 3361 1341 3416 mutuo
1365 3349 1597 3425 secantibus,
1622 3349 1654 3412 si

308 3457 412 3511 recta
433 3464 500 3526 per
522 3455 651 3509 centra
674 3444 870 3527 utriusque
895 3446 1004 3508 ducta
1027 3455 1065 3508 et
1083 3441 1373 3508 continuata'ad
1390 3440 1653 3504 circumferen-

310 3536 384 3599 tiae
412 3533 583 3616 utrinque
616 3541 721 3598 secta
756 3535 872 3598 luerit
899 3553 963 3616 per
989 3546 1129 3598 rectam
1153 3533 1362 3596 sectionum
1387 3528 1652 3594 circumferen-

309 3625 464 3687 tiarum:
503 3624 687 3706 siquidem
726 3633 893 3686 centrum
930 3624 1084 3687 minoris
1123 3624 1235 3687 fuerit
1270 3623 1303 3685 iu
1342 3619 1653 3684 circumferentia

309 3714 479 3793 majoris,
511 3713 727 3794 quadratum
765 3712 1034 3776 semidiametri
1062 3713 1217 3777 minoris
1247 3711 1425 3791 aequabit
1455 3717 1652 3788 rectangu·

249 3877 253 3886 ,
354 3805 422 3866 lum
446 3802 509 3864 sub
533 3809 616 3866 tuta
639 3805 827 3867 diametro
850 3801 982 3882 majori
1005 3811 1042 3864 et
1069 3804 1151 3883 ejus
1175 3808 1364 3881 segmento
1387 3795 1518 3862 miuori
1541 3815 1610 3878 per

727 3899 870 3956 rectam
895 3891 1100 3955 sectionum
1126 3892 1234 3954 iacto.

846 3978 894 4042 Sit
926 3980 1052 4043 circulus
1081 3981 1175 4061 nrajnr
1194 3979 1298 4055 ΑΚΝ,
1321 3996 1406 4060 quero
1439 3982 1523 4038 secet
1545 3973 1651 4050 minor,

756 4077 860 4142 centro
889 4071 920 4132 A
947 4071 975 4132 iu
1006 4070 1243 4136 circumferentia
1273 4067 1396 4147 majoris
1427 4074 1548 4127 stante:
1583 4083 1651 4126 sec-

756 4158 853 4222 tiones
877 4159 937 4221 eint
957 4159 996 4234 V,
1010 4160 1053 4234 X,
1077 4170 1184 4240 etper
1205 4177 1257 4244 eas
1279 4157 1404 4218 ducatur
1426 4165 1519 4228 recta,
1545 4171 1651 4218 secana

757 4247 878 4310 ductam
901 4268 955 4332 per
977 4257 1080 4310 centra
1102 4249 1139 4325 E,
1158 4251 1198 4325 A,
1223 4257 1254 4309 et
1276 4247 1481 4308 continuatam
1504 4243 1542 4305 ad
1563 4242 1602 4318 B,
1622 4237 1653 4304 Y

756 4337 1030 4400 clrcunrierentiae:
1069 4339 1163 4400 sectio
1200 4336 1241 4399 sit
1269 4334 1308 4399 D.
1360 4333 1436 4396 Dico
1474 4333 1650 4414 quadratum

378 4412 393 4457 '¹'
469 4466 487 4493 -ι
582 4448 583 4451 ’
670 4492 671 4497 ,
757 4425 971 4490 semidiametri
1003 4426 1123 4490 minoris
1150 4428 1207 4490 AB
1237 4423 1358 4504 aequari
1388 4422 1562 4502 rectaugulo
1596 4421 1651 4484 sub

755 4511 812 4577 YA
835 4522 866 4575 et
887 4515 957 4578 AD.
982 4547 1023 4559 -
1048 4513 1252 4580 connectatur
1274 4534 1303 4575 u.
1326 4521 1460 4576 centrum
1481 4512 1511 4574 A
1536 4530 1602 4573 cum
1620 4509 1653 4574 X

758 4603 900 4664 sectione.
947 4601 1026 4676 Quia
1056 4605 1147 4686 igitur
1175 4603 1232 4684 ipsi
1260 4603 1315 4665 AB
1344 4601 1478 4683 aequalis
1508 4609 1558 4662 est
1580 4599 1650 4674 Ax,

756 4698 789 4755 et
810 4691 872 4757 DX
892 4695 1146 4774 perpendicularis
1169 4694 1206 4755 ad
1232 4687 1308 4766 AY,
1323 4691 1383 4753 erit
1404 4698 1437 4752 ut
1455 4688 1514 4752 DA
1538 4687 1576 4751 ad
1590 4687 1652 4753 AX

314 4785 358 4847 ste
372 4787 436 4850 Ax
457 4780 496 4842 ad
509 4779 577 4843 AY.
615 4782 649 4844 lu
663 4781 934 4861 proportionalibus
951 4799 1022 4846 vero
1042 4784 1179 4846 continue
1204 4781 1381 4862 quadratum
1401 4778 1517 4856 neniae
1541 4786 1651 4860 aequat
1801 4829 1802 4880 l

313 4870 516 4956 rectongnlum
538 4869 593 4938 sul>
616 4871 779 4954 aconis,
798 4889 829 4960 q.
852 4889 879 4933 e.
903 4871 932 4934 d
