3678 5532
334 271 398 344 392
812 281 853 333 lle
869 279 978 335 Motibus
996 279 1090 334 Stellae
1107 279 1195 334 Martia

420 457 486 522 Hoc
508 465 599 541 pacto
622 475 763 522 accessus
785 459 837 522 ille
859 460 1032 526 libratcrins
1055 461 1133 524 citra
1155 459 1264 523 mentis
1280 477 1402 542 operam
1417 481 1436 524 a
1449 460 1481 523 vi
1494 461 1677 542 magnetica,

333 545 426 620 insita
448 545 567 630 quidem
590 554 621 609 et
645 547 794 625 solitaria,
824 552 991 631 perficitur,
1021 552 1075 613 sed
1098 551 1182 631 cujus
1206 557 1306 612 tamen
1328 549 1461 613 delinitio
1486 571 1505 612 a
1529 550 1678 614 forinseco

331 657 455 718 corpore
478 635 561 701 Solis
583 639 741 718 dependet.
786 639 936 702 Deinitur
964 641 1041 703 euim
1069 638 1116 702 sis
1139 638 1221 702 Solis
1254 647 1401 720 appatens
1429 639 1478 702 rel
1501 641 1539 703 ab
1567 659 1602 702 eo
1627 641 1678 704 iu·

331 728 427 808 gisus
471 727 519 791 Ao
550 725 609 790 etsi
637 727 684 790 vis
707 727 783 789 baec
804 729 883 792 inter
905 737 1073 810 magnetes,
1096 749 1172 810 quas
1195 729 1263 790 illos
1287 729 1458 810 conjungit,
1495 729 1587 791 debet
1609 747 1678 792 esse

246 883 252 888 ,
328 823 446 892 mutua,
470 835 527 896 ego
554 833 626 878 vero
656 835 747 897 supra
773 837 837 898 cap.
861 818 1015 883 XXXIX.
1040 820 1077 880 de
1101 817 1172 880 Sole
1195 817 1305 899 negavi
1326 819 1387 880 viru
1414 818 1603 898 planetarum
1626 825 1678 881 at-

330 905 517 968 tractricam:
546 904 772 985 intelligebatur
797 913 897 970 tamen
930 908 1136 971 tantummodo
1158 926 1238 969 mere
1262 908 1436 984 attractrix‚
1469 918 1504 970 nt
1526 927 1564 970 er
1585 927 1677 972 usur·

325 991 404 1076 'pato
427 1002 603 1076 argumento
625 1001 721 1077 patet.
767 996 826 1058 Hic
849 1005 949 1060 autem
971 997 1093 1080 ponitur
1116 995 1203 1060 simul
1227 996 1397 1072 attractrix,
1422 997 1509 1060 simul
1532 997 1592 1060 alio
1616 997 1678 1060 situ

330 1084 485 1166 repnltrix.
531 1085 593 1146 Vel
615 1083 708 1154 etiam
730 1084 787 1146 hoc
810 1093 955 1164 ponatur,
978 1094 1012 1148 ut
1034 1085 1088 1149 Sol
1111 1085 1208 1148 instar
1231 1087 1302 1148 terri
1324 1086 1454 1150 nondum
1477 1085 1582 1149 imbuti
1604 1095 1678 1149 tan-

329 1175 484 1238 tummodo
513 1181 649 1254 petatur,
678 1192 739 1237 uon
767 1173 902 1237 vicissim
928 1183 1029 1257 petat:
1058 1193 1124 1238 cum
1156 1173 1252 1256 ipsius
1275 1175 1429 1238 filamenta
1450 1195 1543 1258 supra
1565 1175 1678 1238 tuerint

314 1262 503 1338 .oircularia,
528 1263 720 1344 planetarum
742 1282 813 1325 vero
836 1263 885 1326 hic
906 1273 1055 1345 ponantur
1076 1271 1170 1328 recta.

417 1352 536 1416 Sufficit
557 1352 631 1414 mibi
653 1371 691 1414 ex
713 1351 771 1414 boc
795 1354 930 1434 exemplo
957 1353 1108 1434 magnetis
1131 1353 1356 1416 demonstrasse
1379 1353 1616 1433 possibilitatem
1632 1355 1676 1418 rei

328 1443 359 1504 iu
388 1459 507 1522 genere.
555 1439 696 1504 Ceterum
725 1441 762 1502 de
793 1460 826 1503 re
859 1441 928 1523 ipsa
956 1445 987 1506 in
1016 1443 1116 1524 specie
1139 1441 1266 1520 ambigo.
1312 1441 1392 1505 Nam
1421 1443 1499 1523 quod
1523 1443 1677 1506 Tellurem

328 1531 451 1608 attinet,
476 1539 590 1594 certum
613 1539 677 1604 est,
701 1549 789 1593 axem
812 1531 894 1611 eins,
925 1533 1010 1612 cujus
1034 1532 1182 1612 aequabili
1206 1539 1238 1593 et
1259 1531 1475 1613 aequidistanti
1509 1531 1677 1598 directione

328 1621 397 1682 auui
441 1629 579 1702 tempora
612 1620 780 1683 efficiuntur
815 1620 846 1682 iu
878 1621 998 1700 punctis
1028 1620 1250 1698 seminalibus,
1281 1621 1413 1702 ineptum
1441 1639 1509 1684 esse
1534 1621 1573 1684 ad
1595 1623 1675 1684 hauc

328 1707 517 1773 bbratiouem
541 1716 573 1771 et
594 1710 634 1771 ad
656 1708 822 1790 aphelium,
847 1728 914 1772 cnm
937 1710 1019 1773 Solis
1043 1728 1210 1792 apogaeum
1227 1711 1275 1771 vel
1291 1710 1403 1772 Terrae
1422 1709 1572 1792 aphelinm
1586 1711 1677 1775 hodie

327 1816 404 1879 pene
433 1798 584 1862 coincidet
612 1798 819 1877 compunctis
852 1799 1078 1874 solstitialibus,
1107 1818 1166 1862 non
1198 1817 1270 1860 vero
1297 1819 1363 1861 curn
1395 1799 1674 1880 aequinoctialibus,

329 1889 410 1970 quod
433 1887 520 1952 nobis
543 1883 627 1953 es'set
649 1895 863 1968 opportunum
892 1907 947 1950 uec
976 1889 1120 1952 manserit
1143 1888 1174 1951 iu
1198 1888 1302 1950 eadem
1325 1889 1491 1952 remotione
1514 1911 1533 1952 a
1555 1890 1676 1972 punctis

329 1977 542 2040 cardinalibus.
588 1974 706 2047 Quodsi
728 1976 778 2039 hic
800 1975 868 2040 axis
891 1995 949 2038 uon
973 1986 1022 2040 est
1043 1978 1178 2052 idoneus,
1201 1978 1299 2040 nullus
1322 1977 1351 2040 iu
1375 1985 1440 2042 toto
1459 1978 1590 2042 Telluris
1604 1999 1675 2042 cor-

326 2085 401 2146 pore
424 2067 549 2130 idonens
572 2085 640 2129 esse
663 2064 791 2141 videtur,
815 2083 881 2127 cum
903 2066 1003 2130 nullus
1027 2067 1092 2146 ejus
1114 2074 1231 2130 tractus
1246 2067 1296 2140 sit,
1320 2065 1369 2148 qui
1384 2069 1676 2149 quiescatineodem

329 2156 403 2232 situ,
434 2164 500 2219 toto
523 2154 606 2237 globi
629 2173 752 2238 corpore
776 2154 858 2216 circa
879 2154 1008 2235 priorem
1031 2156 1117 2218 illum
1138 2175 1225 2217 axem
1249 2156 1354 2218 diuma
1376 2164 1408 2219 et
1430 2156 1593 2239 irrequieta
1615 2177 1674 2241 gy-

328 2245 445 2308 ratione
469 2245 691 2308 circumvoluto.
738 2245 783 2306 At
804 2262 891 2318 vero,
921 2244 947 2306 si
969 2245 1052 2307 nulla
1074 2245 1163 2325 plane
1186 2244 1352 2307 materialis
1375 2254 1407 2307 et
1430 2247 1601 2326 magnetica
1624 2248 1675 2309 fa-

329 2334 428 2398 cultas
452 2335 609 2403 absolvere
630 2340 734 2414 potest
755 2333 856 2395 munia
878 2333 932 2396 illa
953 2333 1084 2414 planetis
1107 2333 1246 2414 privatim
1269 2334 1439 2410 commissa,
1463 2336 1501 2398 ob
1524 2337 1675 2400 deiectum

328 2423 506 2500 mediorum,
535 2423 662 2485 idoneae
693 2420 809 2484 seilicet
836 2421 974 2486 diametri
998 2423 1142 2504 corporis,
1165 2422 1295 2503 sibiipsi
1313 2423 1343 2483 iu
1359 2424 1583 2488 circumlatione
1601 2444 1674 2507 per-

326 2519 418 2592 petuo
441 2511 686 2594 aequidistantis,
712 2511 762 2591 qui
784 2511 920 2574 defectus
940 2512 1004 2593 jam
1026 2513 1057 2573 in
1080 2531 1138 2574 nno
1160 2513 1366 2592 planetarum,
1391 2513 1422 2576 iu
1445 2515 1534 2593 globo
1558 2515 1676 2578 scilicet

326 2600 455 2663 Telluris
478 2599 630 2682 apparuit:
655 2608 827 2663 accersatur
850 2619 922 2680 ergo
946 2599 1102 2676 meus‚*)
1126 2620 1201 2682 qnae
1224 2609 1259 2663 ut
1281 2621 1349 2688 cap.
1370 2601 1523 2667 XXXIX.
1548 2604 1671 2678 dictum,

327 2709 366 2752 ex
398 2690 648 2772 contemplatione
681 2688 821 2751 diametri
845 2687 928 2752 Solis
958 2691 1122 2754 crescentis
1149 2689 1404 2771 incognitionem
1426 2693 1531 2755 veniat
1551 2693 1672 2756 distan-

326 2779 446 2855 tiarum,
470 2798 545 2860 quas
568 2777 701 2854 conficit3
731 2785 763 2840 et
782 2778 960 2859 praesideat
996 2779 1136 2842 facultati
1158 2799 1212 2841 sen
1244 2779 1365 2842 animali
1389 2799 1442 2844 seu
1471 2782 1602 2844 neutrali
1628 2781 1673 2845 sic

328 2867 571 2932 aceommcdaudi
594 2867 641 2930 sui
663 2867 744 2947 globi
766 2867 797 2930 in
821 2869 881 2930 situ
902 2869 1070 2949 parallelo,
1104 2875 1139 2930 ut
1160 2869 1261 2932 debito
1285 2869 1372 2932 modo
1397 2890 1416 2932 a
1438 2870 1539 2933 Solari
1561 2871 1674 2934 virtute

326 2956 497 3040 impellatur
519 2965 552 3020 et
573 2955 713 3038 respectu
736 2954 817 3019 Solis
840 2955 964 3019 libretur
987 2959 1087 3032 (mens
1110 2958 1189 3020 euim
1210 2957 1291 3021 nuda
1310 2965 1343 3019 et
1356 2957 1501 3021 facultate
1520 2960 1673 3024 inferioris

326 3047 438 3128 gradus
470 3045 618 3110 destituta
640 3065 675 3108 eo
699 3044 764 3126 ipso
787 3065 847 3108 nou
869 3055 976 3126 posset
999 3049 1157 3128 quicquam
1179 3047 1210 3110 iu
1233 3051 1355 3128 corpus)
1380 3048 1524 3130 simulque
1544 3049 1672 3112 consilio

327 3143 430 3198 utatur
453 3137 491 3198 ad
513 3134 682 3198 librationis
706 3140 845 3215 tempora
866 3135 1051 3198 restitutioni
1073 3135 1243 3216 periodicas
1266 3155 1325 3199 nou
1347 3137 1436 3218 plane
1461 3139 1618 3218 aequanda
1641 3148 1673 3200 et

326 3225 372 3288 aie
409 3225 449 3288 ad
492 3225 719 3288 transferendas
761 3223 893 3304 apsidas.
960 3223 1093 3295 Quarum
1134 3244 1231 3288 rernm
1270 3226 1544 3290 verisimilitudines
1581 3247 1673 3309 supra

327 3333 391 3396 cap.
415 3311 567 3380 XXXIX.
593 3320 664 3376 sunt
684 3313 863 3394 explicatae.

417 3405 546 3480 Restat,
573 3410 608 3467 ut
630 3402 700 3484 qnia
721 3421 760 3465 ex
783 3401 1042 3464 observationibus
1061 3402 1127 3483 jam
1154 3410 1290 3466 tenemus
1314 3404 1398 3483 legas
1421 3410 1453 3465 et
1475 3406 1674 3486 quantitatem

331 3491 420 3572 hujus
444 3493 627 3568 librationis,
652 3512 709 3574 qna
732 3490 870 3554 diametri
894 3490 975 3555 Solis
999 3499 1138 3572 aspectus
1161 3494 1309 3562 variatur,
1333 3511 1407 3572 quas
1430 3512 1495 3574 cap.
1518 3495 1673 3560 XXXIX.

330 3580 428 3642 adhuc
450 3581 704 3662 ignoraveramus,
722 3581 787 3662 jam
809 3580 973 3655 videamus,
998 3598 1036 3641 an
1058 3581 1128 3643 illae
1151 3581 1235 3661 leges
1257 3583 1336 3644 tales
1359 3581 1434 3658 siut,
1456 3591 1491 3645 ut
1512 3584 1674 3648 verisimile

329 3669 385 3745 sit,
416 3689 469 3732 eas
497 3670 683 3733 innotescere
705 3671 856 3751 planetae.
903 3670 1004 3748 Leges
1027 3669 1197 3733 librationis
1220 3680 1306 3734 eraut
1328 3671 1423 3746 istae,
1448 3679 1483 3734 ut
1504 3675 1673 3738 anomaliae

330 3758 461 3821 eceentm
488 3759 572 3827 sinus
601 3777 706 3820 versus
737 3759 893 3822 metiretur
923 3765 1043 3839 partem
1075 3758 1245 3822 librationis
1277 3759 1455 3824 confectam.
1499 3755 1576 3825 Dico
1600 3783 1672 3844 ergo

327 3846 432 3910 initio:
465 3847 537 3910 dato
565 3855 597 3909 et
624 3865 767 3910 concesso
799 3848 869 3920 illo,
902 3847 939 3908 de
970 3866 1027 3928 qno
1058 3854 1210 3910 testantur
1239 3849 1485 3925 observationes,
1517 3853 1672 3932 planetam

328 3937 445 4000 scilicet
465 3944 537 4018 post
568 3937 710 4018 aequales
737 3955 825 4000 arcus
853 3935 983 3998 ecceutri
1010 3936 1136 3998 inveniri
1159 3937 1189 4001 in
1214 3938 1308 4018 siguis
1331 3961 1353 4019 y,
1378 3961 1403 4014 a,
1426 3962 1457 4016 μ,
1478 3934 1502 4012 ζ
1520 3947 1585 4016 (ng.
1606 3948 1671 4014 ιιι)

293 4105 299 4114 ¹
327 4044 388 4089 non
420 4043 491 4089 vero
520 4025 552 4088 iu
583 4023 678 4104 signis
700 4049 724 4106 y,
748 4052 767 4102 r,
790 4029 817 4101 l,
840 4021 871 4102 ζ,
906 4033 977 4088 tuuc
1009 4025 1145 4088 diametri
1169 4027 1251 4092 Solis
1283 4027 1498 4091 incrementum
1530 4031 1671 4094 exhibere

327 4115 491 4196 legitimam
514 4132 684 4177 mensnram
708 4113 791 4177 sinus
814 4115 896 4177 versi
926 4115 1096 4178 anomaliae
1125 4125 1323 4198 coaequatae,
1354 4134 1413 4180 non
1444 4117 1543 4182 miuus
1578 4128 1669 4204 atqua

328 4205 449 4281 scimus,
474 4203 641 4268 anomaliae
665 4204 796 4266 ecaentri
819 4201 901 4266 siuns
923 4223 1028 4267 versos
1052 4223 1122 4267 esse
1145 4223 1313 4269 mensuram
1335 4205 1514 4272 librationis.
1522 4205 1576 4285 ”i

416 4361 444 4435 ⁸)
464 4365 569 4422 Vereor
589 4365 678 4421 dicere
698 4365 881 4432 rationali,
908 4383 943 4421 ne
963 4366 1100 4423 discerem
1120 4367 1235 4424 rationis
1255 4368 1491 4442 subintelligatur.

403 4475 446 4554 ⁴*)
466 4481 610 4540 Mananret
630 4479 785 4537 memmiae
803 4443 816 4590 ἧ
836 4445 1007 4598 ωῒξξῦὶ
1059 4481 1133 4539 ainus
1160 4501 1255 4540 versus
