3672 5538
630 313 692 368 ran
709 314 801 366 rosea.
837 313 918 380 capue
935 313 1047 368 xxxm.
1441 311 1504 382 soi

166 489 279 572 pondus
293 511 351 572 qno
365 492 485 574 longius
508 499 599 586 exest
612 492 649 556 ab
672 492 892 574 hypomochlio‚
909 494 966 557 hoc
981 490 1067 556 reddi
1080 491 1295 572 ponderosius;
1320 513 1379 556 non
1394 513 1427 557 se
1441 493 1507 574 ipso

168 579 219 642 sed
240 588 364 662 propter
386 582 527 645 virtutem
549 582 666 646 brachii
690 582 887 646 sustentantis
910 583 941 645 in
964 584 1022 644 hac
1044 581 1196 644 distantia.
1243 583 1389 664 Utrinque
1422 603 1508 647 nam-

167 687 231 750 qne,
255 669 357 732 ethic
381 671 411 732 in
435 679 549 735 statera
574 691 627 734 sen
649 679 736 733 vecte
759 679 790 733 et
812 671 873 734 illic
894 671 924 734 in
947 680 1029 735 motu
1052 669 1248 752 planetarum,
1272 673 1347 738 baec
1369 673 1523 736 debilitas.

167 755 300 839 sequitur
321 760 544 841 proportionem
568 759 789 823 distantiarum.
878 791 882 798 ·
1344 819 1349 826 .

253 845 413 919 Quodnam
435 857 536 913 autem
559 868 667 930 corpus
689 849 720 911 in
744 857 847 913 centro
871 851 929 926 sit,
953 849 1119 924 nullumne,
1143 856 1177 912 nt
1199 851 1278 932 apud
1302 850 1508 931 Gopernicum,

167 936 284 1017 quando
307 946 475 1018 computat,
508 946 539 1001 et
561 939 641 1020 apud
664 939 837 1021 Tychonem
860 959 898 1002 ex
919 945 1024 1021 parte;
1048 959 1087 1000 an
1110 939 1219 1015 Terra,
1246 947 1281 1003 ut
1303 941 1382 1021 apud
1403 940 1510 1003 Ptole-

166 1043 283 1088 maeum
306 1035 337 1088 et
360 1028 531 1110 Tychonem
554 1046 593 1090 ex
615 1037 717 1108 parte;
748 1047 786 1090 an
810 1028 936 1110 deniqne
960 1028 1015 1091 Sol
1037 1029 1120 1110 ipse,
1153 1028 1232 1109 qnod
1262 1029 1351 1105 mihi,
1381 1029 1459 1112 quod
1481 1036 1513 1093 ct

167 1111 343 1195 Gopernico,
367 1118 437 1180 dum
461 1116 647 1200 speculatur,
669 1117 786 1198 placet:
811 1117 842 1180 id
864 1125 951 1199 parte
972 1118 1069 1198 prima
1091 1116 1259 1181 rationibus
1280 1119 1413 1201 physicis
1428 1117 1513 1202 coepi

168 1201 327 1268 discutere.
373 1206 419 1268 Ibi
443 1207 577 1271 enimin
600 1206 814 1288 principiorum
836 1225 958 1270 numero
980 1206 1078 1287 posui,
1101 1207 1181 1288 quod
1199 1207 1263 1287 jam
1286 1227 1351 1288 cap.
1375 1207 1511 1272 XXXII.

167 1311 204 1353 ex
225 1294 364 1373 professo
388 1302 419 1357 ct
431 1295 614 1377 geometrice
630 1296 867 1358 demonstratum
887 1304 949 1358 est:
974 1296 1126 1376 planetam
1144 1296 1258 1358 moveri
1274 1297 1423 1374 debiliter,
1447 1315 1513 1360 cnm

165 1377 295 1445 discedit
316 1403 336 1446 a
357 1393 477 1466 puncto,
500 1385 580 1448 unde
605 1385 669 1466 ejus
693 1392 881 1465 computatur
904 1385 1121 1448 eccentricitas.

252 1471 302 1533 Ex
323 1473 380 1536 hoc
403 1473 550 1556 principio
573 1481 799 1554 argumentatus
823 1495 887 1538 sum
914 1474 1124 1555 probabiliter,
1148 1473 1251 1538 Solem
1273 1474 1375 1556 potius
1401 1473 1432 1537 in
1460 1475 1513 1538 illo

164 1565 275 1641 puncto
300 1569 332 1624 et
353 1571 456 1626 centro
485 1563 589 1627 mundi
615 1582 700 1638 esse,
732 1564 782 1625 vel
804 1564 978 1627 Ptolemaeo
1006 1564 1144 1639 Terram,
1176 1583 1264 1647 qnam
1288 1564 1370 1626 alind
1393 1563 1515 1646 aliquod

163 1655 308 1732 punctum
330 1671 453 1734 corpore
477 1643 614 1716 vacnnn'r.
661 1652 768 1715 Liceat
782 1647 860 1733 'ergo
885 1653 977 1715 etiarn
999 1652 1056 1715 hoc
1079 1653 1192 1733 capite,
1223 1654 1428 1718 demonstrato
1447 1654 1512 1734 jam

163 1745 269 1801 nostro
291 1740 457 1822 principio,
489 1743 570 1804 idem
593 1749 799 1822 argumentum
821 1742 975 1822 probabile
998 1750 1143 1823 repetere.
1189 1743 1306 1805 Deinde
1334 1742 1515 1819 memineris,

164 1847 211 1892 me
237 1828 463 1894 demonstrasse
485 1839 573 1914 parte
598 1832 744 1906 secunda,
775 1831 981 1912 phaenomena
1004 1831 1058 1893 snb
1080 1831 1212 1894 noctium
1236 1839 1372 1896 extrem
1393 1832 1515 1913 pulchre

166 1917 262 1998 sequi,
285 1919 313 1980 si
336 1921 540 2002 oppositiones
564 1919 676 1984 Martis
699 1939 765 1982 cum
788 1920 945 2002 apparenti
961 1919 1043 1984 Solis
1066 1920 1098 1982 in
1121 1921 1278 1984 consilium
1301 1921 1513 1984 adhibeamus:

164 2025 221 2088 quo
245 2007 327 2070 facto
356 2009 446 2072 simul
469 2009 725 2072 eccentricitatem
748 2016 779 2071 et
797 2008 959 2072 distantias
981 2029 1020 2070 ex
1041 2008 1109 2088 ipso
1124 2008 1259 2089 corporis
1274 2009 1391 2074 Solaris
1413 2018 1516 2074 centro

166 2095 350 2160 exstruimus
356 2117 365 2174 ;
389 2106 424 2161 nt
445 2099 490 2162 ita
508 2118 627 2162 rursum
642 2097 696 2162 Sol
719 2097 784 2180 ipse
801 2099 833 2161 in
851 2107 985 2160 centrum
999 2097 1100 2162 mundi
1117 2096 1314 2178 (Cupernico)
1332 2099 1382 2161 vel
1406 2101 1515 2164 saltem
1616 2127 1621 2145 ·

165 2185 193 2248 in
228 2193 364 2248 centrum
394 2189 569 2270 systematis
602 2187 765 2269 planetarii
797 2187 962 2269 (Tychoni)
994 2187 1105 2248 veniat.
1159 2187 1221 2258 Sed
1252 2189 1357 2252 horum
1379 2190 1513 2252 'duorum

170 2283 414 2356 argumentorum
428 2278 556 2340 alterum
571 2277 678 2340 nititur
699 2276 913 2358 probabilitate
933 2276 1069 2360 physica,
1093 2277 1222 2340 alterum
1243 2278 1380 2357 procedit
1393 2299 1411 2340 a
1425 2297 1516 2360 posse

166 2365 205 2428 ad
229 2383 309 2426 esse.
347 2366 453 2448 ltaque
476 2368 567 2430 tertio
582 2369 613 2429 in
637 2375 728 2447 capnt
748 2368 815 2430 LII.
841 2365 954 2441 distuli,
979 2366 1016 2429 ob
1032 2373 1139 2446 captus
1152 2366 1366 2443 difficultatem,
1390 2368 1515 2432 demon·

167 2462 267 2517 strare
287 2473 325 2516 ex
343 2455 522 2532 observatis,
543 2457 625 2538 qnod
647 2457 714 2519 fieri
735 2457 823 2518 aliter
845 2474 905 2518 non
926 2457 1035 2536 possit,
1058 2457 1129 2536 quin
1150 2456 1306 2537 planetam
1324 2458 1454 2520 Martem
1478 2458 1517 2519 ad

167 2543 349 2624 apparentia
370 2543 453 2608 Solis
476 2545 545 2608 loca
566 2546 744 2621 reseramus,
767 2554 799 2607 et
814 2546 992 2608 diametrum
1015 2544 1160 2626 apsidum,
1188 2564 1264 2626 quae
1279 2545 1517 2610 bisecateeoen-

165 2631 286 2707 tricnm,
310 2632 402 2696 talem
418 2633 578 2697 admittere
596 2635 734 2709 velimus,
758 2654 834 2716 quae
848 2633 930 2696 nullo
954 2641 1041 2713 pacto
1057 2633 1295 2713 aparallaxibus
1318 2637 1399 2700 orbis
1427 2636 1518 2700 annui

166 2721 323 2784 toleretur.
361 2723 461 2802 Legat
473 2723 531 2786 hac
547 2724 583 2786 de
597 2742 640 2800 re,
664 2724 691 2786 si
707 2723 772 2804 quis
786 2742 902 2786 moram
920 2724 980 2786 fert
1000 2723 1216 2803 impatientius,
1231 2731 1321 2804 caput
1335 2725 1407 2801 LII;
1424 2744 1517 2808 eoque

167 2811 248 2872 lecto
273 2811 317 2872 sic
340 2813 461 2874 tandem
484 2812 532 2875 hic
562 2813 688 2894 legendo
710 2812 930 2896 progrediatur.
977 2812 1061 2876 Nihil
1088 2812 1168 2874 eninr
1195 2812 1237 2875 ibi
1264 2813 1427 2878 assumitur
1457 2815 1517 2878 nisi

168 2918 271 2962 merae
295 2900 531 2964 observationes.
579 2901 717 2966 Similem
739 2901 1027 2968 demonstrationem
1059 2901 1194 2964 iuvenies
1225 2909 1313 2982 parte
1345 2903 1449 2984 quinta
1480 2921 1518 2966 err

166 2988 361 3052 latitudinum
383 2990 559 3054 rationibus.

258 3077 333 3141 Sole
355 3077 447 3158 igitur
475 3081 505 3143 in
534 3087 667 3142 centrum
697 3078 873 3161 systematis
897 3085 1101 3157 competente,
1134 3078 1202 3140 lons
1232 3077 1353 3141 uirtutis
1382 3079 1518 3143 metricis

169 3187 207 3229 ex
224 3167 294 3248 jam
316 3167 531 3232 demonstratis
554 3170 585 3232 in
608 3169 710 3232 Solem
733 3174 901 3248 competet,
924 3175 1046 3230 sumet
1067 3167 1131 3246 ipse
1155 3167 1186 3229 in
1209 3174 1310 3229 centro
1333 3167 1435 3230 mnndi
1453 3168 1518 3248 jam

168 3257 258 3320 modo
283 3265 421 3337 repertus
444 3258 493 3321 sit.
540 3258 621 3323 Sane
645 3258 672 3320 si
695 3258 751 3319 hoc
774 3255 888 3338 ipsum,
920 3256 998 3338 qnod
1016 3255 1081 3335 jam
1104 3276 1123 3316 a
1145 3256 1306 3336 posteriori
1330 3258 1383 3328 (ex
1412 3256 1519 3320 obser-

167 3345 359 3420 vationibus)
381 3365 435 3426 per
457 3347 674 3429 longiusculam
696 3345 906 3410 deductionem
929 3345 1146 3420 demonstravi,
1179 3345 1206 3406 si
1234 3345 1308 3422 hoc,
1336 3345 1472 3428 inquam,
1501 3367 1520 3410 a

167 3435 264 3517 priori
289 3435 343 3507 (ex
372 3435 519 3516 dignitate
550 3445 582 3500 et
610 3437 798 3520 praestantia
820 3435 919 3512 Solis)
944 3434 1209 3497 demonstrandum
1238 3435 1455 3516 suscepissem,
1486 3443 1520 3498 ut

168 3523 251 3587 idein
276 3522 408 3586 sitione
431 3525 512 3588 vitae
534 3527 635 3590 muudi
660 3527 750 3608 (qnae
778 3523 842 3586 vita
871 3524 902 3586 in
925 3531 1007 3587 motu
1035 3523 1167 3586 siderum
1189 3528 1371 3609 spectatur),
1394 3525 1444 3606 qni
1461 3533 1520 3601 ¹est

147 3625 201 3675 'et
224 3611 323 3687 lucis,
355 3631 412 3694 quo
436 3613 531 3678 totins
554 3615 709 3678 machinae
733 3619 854 3676 constat
877 3621 1017 3687 ornatus,
1050 3612 1100 3695 qni
1122 3611 1227 3693 itidem
1250 3622 1281 3676 et
1303 3610 1428 3690 caloris,
1461 3633 1519 3697 quo

169 3701 274 3766 omnia
298 3709 490 3782 vegetantur}
522 3711 594 3786 puto
618 3724 664 3766 me
688 3703 792 3786 aequis
815 3703 939 3769 auribus
963 3702 1059 3765 audiri
1081 3701 1236 3764 meruisse.
1283 3703 1396 3766 Videat
1418 3700 1518 3768 adtem

168 3794 235 3875 ipse
261 3791 366 3873 Tycho
388 3792 535 3872 Braheus,
559 3813 613 3858 seu
636 3794 702 3876 quis
726 3792 845 3875 estqui
870 3791 951 3856 illius
974 3792 1144 3872 generalem
1167 3790 1347 3874 hypothssin
1371 3794 1518 3872 secundae

169 3879 401 3962 inaequalitatis
424 3883 508 3963 sequi
530 3883 632 3958 malit,
660 3903 719 3964 qua
742 3880 804 3944 veri
828 3880 928 3963 specie
951 3882 1028 3943 hanc
1051 3880 1205 3962 physicam
1229 3882 1459 3944 concinnitatem
1482 3901 1521 3946 ex

168 3969 335 4052 potissima
362 3976 448 4052 parte
480 3981 630 4054 receptam
654 3974 738 4047 (nam
768 3978 799 4033 et
826 3972 884 4052 ipsi
916 3989 970 4052 per
1001 3970 1226 4050 usurpationem
1256 3970 1316 4033 loci
1346 3972 1518 4052 apparentis

170 4059 257 4122 Solis
287 4057 342 4122 Sol
371 4059 479 4122 recidit
499 4059 531 4125 in
555 4069 688 4124 centrum
711 4059 885 4145 systematis
905 4058 1084 4142 planetarii)
1102 4067 1188 4141 parte
1212 4080 1280 4148 una·
1293 4060 1401 4124 itemm
1423 4081 1442 4122 a
1465 4081 1520 4124 sua

169 4147 337 4232 hypothesi
359 4150 495 4230 repellat.

262 4235 387 4300 Etenim
411 4256 448 4300 ex
471 4239 560 4302 dictis
583 4245 724 4322 apparet,
756 4238 884 4302 alterum
907 4235 1027 4300 omnine
1049 4237 1150 4318 sequi:
1184 4244 1248 4299 aut
1269 4243 1308 4299 nt
1329 4235 1454 4300 virtus
1482 4235 1519 4299 in

171 4327 265 4392 Sole
290 4327 485 4404 residens,
518 4311 610 4411 (fuae
634 4329 814 4410 planetas
837 4345 966 4390 omnes
987 4333 1123 4402 movet,
1155 4326 1338 4388 eademst
1362 4326 1519 4388 Terram

171 4424 343 4482 moveat:
367 4425 431 4479 aut
452 4416 580 4494 utSol,
603 4417 740 4499 illique
762 4416 918 4496 pervim
942 4425 1043 4478 suam
1065 4416 1257 4478 motricem
1279 4415 1519 4477 concatenati

170 4507 366 4589 planetae,
386 4526 405 4567 a
425 4503 569 4570 virtute
592 4506 732 4590 aliqua,
750 4523 840 4588 qnae
863 4504 1067 4567 inTellnre
1092 4504 1233 4580 sedeat,
1256 4503 1519 4567 circaTerram

172 4597 376 4660 vehantur

263 4687 347 4751 Nam
369 4682 539 4748 realitatem
554 4683 668 4746 orbium
692 4683 814 4766 Tycho
837 4681 902 4764 ipse
925 4680 1088 4756 destruxit3
1112 4677 1245 4742 vicissim
1267 4697 1323 4758 ego
1342 4689 1520 4761 aequantem

175 4775 206 4839 in
228 4775 316 4842 Solis
339 4791 395 4838 seu
418 4773 528 4836 Terrae
552 4773 670 4836 theoria
692 4791 759 4834 esse
789 4771 899 4835 invicte
923 4769 1125 4833 demonstravi
1152 4767 1209 4830 hac
1238 4776 1324 4850 parte
1352 4771 1457 4832 tertia:
1482 4791 1520 4834 ex

176 4885 234 4950 qno
259 4861 414 4949 seqnitur,
445 4861 539 4944 ipsius
561 4879 676 4946 qnoque
699 4861 797 4940 Solis,
830 4860 1030 4934 sisteretur,
1063 4857 1176 4922 intendi
1198 4865 1230 4920 et
1257 4857 1371 4926 remitti
1396 4867 1518 4946 motum,
