3606 5562
344 285 408 362 aas
782 367 784 371 ι
942 295 981 348 ιι.
1002 294 1082 348 ιιι..

345 476 461 556 quidem
483 463 577 538 totius
596 473 822 538 accelerationis
836 494 891 556 per
905 481 1000 537 totum
1023 475 1216 556 quadrantem
1235 477 1299 557 jam
1320 485 1386 540 erat
1398 475 1471 540 milri
1485 479 1693 559 praescripta,

345 565 449 626 eadem
479 563 596 627 scilicet
627 585 702 646 quae
732 564 885 627 hacteuus.
941 566 1045 668 ltaque
1079 573 1188 644 quanto
1219 585 1368 646 augerem
1390 567 1631 630 accelerationes
1661 569 1694 632 ιιι

344 655 474 758 copulis,
507 663 592 716 tanto
622 655 761 716 videbam
791 653 999 716 diminutum
991 654 1026 716 ιιι
1050 665 1167 716 ceteras
1194 663 1280 717 extra
1311 657 1444 738 copulas.
1491 656 1587 720 Sinus
1618 677 1693 738 ergo

224 775 228 786 ·
343 745 505 832 primorum
529 743 672 846 graduum
697 743 890 823 digressionis
913 743 1017 804 Lunae
1041 765 1060 804 a
1082 743 1197 824 copulis
1221 765 1278 806 non
1303 755 1390 808 erant
1417 747 1518 826 magni
1541 765 1597 828 pro
1623 765 1694 808 mea

344 851 493 907 mensura,
519 833 600 895 sinos
623 851 694 894 vero
718 833 796 894 circa
819 831 948 914 quadras
972 839 1003 894 et
1025 833 1111 894 linem
1140 833 1314 914 quadrantis
1342 835 1430 912 nimis
1458 843 1546 897 erant
1574 837 1691 917 magni.

253 931 256 938 “
345 923 435 984 At'
411 943 494 984 smus
516 923 627 1002 primus
651 930 681 983 et
704 922 888 984 incrementa
919 921 1102 1002 sequentinm
1131 932 1201 984 sunt
1232 924 1321 985 index
1354 923 1551 1006 apparitionis
1580 926 1692 987 latitu-

345 1012 423 1074 dinis
446 1013 547 1074 circuli
572 1011 795 1102 illuminationis
820 1012 949 1086 Terrae,
979 1031 1035 1072 noo
1061 1029 1131 1091 erge
1155 1019 1190 1073 ιιι
1211 1014 1365 1076 evanescit
1392 1014 1519 1076 circulos
1542 1015 1592 1076 hic
1617 1015 1691 1076 illu-

344 1101 515 1164 minationis
538 1088 684 1164 Terrae'
677 1121 705 1162 ιιι
730 1101 831 1174 Luna,
865 1101 952 1161 sice
955 1100 1027 1161 tiam
1058 1100 1200 1164 minuitur
1231 1101 1409 1166 variationis
1441 1103 1601 1179 celeritas,
1636 1103 1692 1165 sed

344 1193 440 1272 magis
462 1191 667 1273 praecipitatis
691 1192 785 1253 utitur
807 1189 1016 1264 decrementis,
1039 1198 1113 1251 orta
1129 1212 1148 1251 a
1170 1191 1277 1272 majori
1299 1191 1468 1272 quantitate
1492 1194 1598 1257 totius.
1649 1259 1657 1270 ,

432 1281 525 1362 Coepi
558 1281 648 1361 igitur
677 1279 912 1359 circumspicere,
945 1279 1084 1360 quidnam
1109 1289 1191 1341 esset
1222 1280 1272 1342 bic
1301 1281 1434 1344 circulus
1459 1283 1691 1346 illuminationis

342 1373 464 1446 Terrae,
480 1371 527 1451 qui
547 1389 601 1450 pro
620 1379 735 1432 motore
754 1367 954 1440 constituitur,
976 1368 1066 1446 juxta
1080 1368 1316 1449 Terramrpsam
1337 1371 1536 1451 inaequaliter
1553 1391 1691 1441 movens,

338 1461 427 1541 juxta
444 1467 611 1522 moventem
631 1459 843 1540 aequaliterne
861 1457 986 1536 ipsotl),
1007 1456 1122 1536 etquid
1143 1468 1375 1522 consentaneum
1394 1460 1435 1522 sit
1449 1461 1486 1521 ab
1502 1461 1558 1523 hoc
1578 1461 1692 1523 circulo

343 1549 570 1612 illuminationis
585 1549 706 1611 moveri.
743 1547 822 1611 Nam
842 1567 868 1608 ει
861 1546 986 1608 'eadem
1007 1555 1054 1606 est
1068 1547 1170 1622 Terra,
1195 1567 1271 1628 quae
1287 1556 1390 1610 movet
1406 1539 1516 1630 duplici
1536 1559 1688 1629 respectu,

343 1648 374 1699 at
397 1639 512 1700 ratione
537 1638 582 1700 soi
606 1639 740 1717 corporis
770 1637 874 1698 diurno
904 1645 985 1697 motu
1019 1636 1112 1698 rotati
1140 1645 1171 1697 et
1194 1637 1321 1698 ratione
1342 1657 1414 1700 suae
1446 1639 1687 1710 illuminationis,

343 1729 446 1790 eodem
469 1727 557 1790 modo
576 1735 608 1788 et
629 1729 665 1788 de
686 1728 788 1788 Luna'e
813 1743 934 1805 corpore
956 1725 1112 1787 dicendum
1136 1745 1204 1788 esse
1229 1727 1394 1802 videbatur,
1419 1737 1451 1790 ut
1473 1728 1581 1790 eadem
1604 1737 1690 1790 esset

344 1818 428 1880 Luna
452 1836 526 1898 quae
550 1823 720 1878 moveretur
742 1815 852 1896 duplici
876 1821 1027 1892 respectu,
1053 1823 1083 1876 et
1106 1813 1137 1876 ιιι
1160 1823 1303 1895 qnantum
1327 1825 1375 1878 est
1398 1817 1525 1880 solidam
1547 1817 1579 1878 in
1603 1818 1688 1878 coelo

342 1925 460 1986 corpus,
477 1913 508 1968 et
522 1907 551 1968 in
573 1913 770 1986 quantumst
790 1905 857 1984 ipsa
874 1903 1058 1965 illuminatur
1078 1901 1193 1966 aSole.
1241 1905 1288 1990 De
1311 1905 1398 1986 hujus
1417 1906 1460 1967 rei
1482 1905 1689 1986 possibilitate

342 2003 374 2056 et
398 1995 494 2058 modis
518 2003 549 2056 et
572 1995 608 2056 de
633 2017 673 2072 sq
696 1999 769 2056 droa
792 1994 945 2074 disputent
966 1991 1173 2074 metaphysici,
1199 1993 1269 2055 milri
1293 2003 1440 2076 utsupra
1463 1995 1576 2058 dictum
1599 2015 1689 2058 men-

341 2105 429 2148 surae
461 2092 593 2147 motuum
621 2085 716 2159 tales,
751 2102 826 2164 quae
859 2088 1025 2168 appareant
1051 2082 1081 2142 in
1104 2101 1201 2143 rerum
1229 2091 1346 2160 natura,
1378 2084 1415 2145 ad
1443 2083 1690 2164 investigandum

342 2181 412 2238 suut
441 2174 614 2255 propositae
638 2181 670 2236 et
691 2195 725 2234 ao
750 2169 803 2234 ὁτι.
850 2172 957 2249 Itaque
981 2169 1098 2244 divisim
1123 2171 1224 2233 etiarn.
1271 2173 1400 2236 Telluris
1425 2173 1543 2253 quidem
1567 2181 1690 2236 rotatae

231 2273 235 2284 “
343 2263 467 2344 species,
491 2273 525 2326 ut
539 2263 627 2325 solidi
651 2261 793 2341 corporis
820 2258 969 2342 aequabili
988 2279 1106 2336 suarum
1127 2260 1234 2322 virium
1253 2263 1442 2324 contentione
1466 2271 1567 2324 movet
1582 2263 1689 2324 Lunae

343 2371 465 2431 corpus,
490 2362 524 2414 ut
546 2371 672 2432 corpus,
703 2347 940 2412 modificantibus
969 2357 1069 2410 tamen
1101 2350 1269 2412 intervallis
1292 2359 1326 2412 ιιι
1348 2353 1377 2414 in
1400 2351 1531 2432 planetis
1556 2352 1687 2414 ceteris:

343 2448 375 2503 ιι
397 2441 530 2520 ejusdem
544 2441 672 2504 Telluris
687 2457 794 2518 corpus
813 2439 855 2500 uti
877 2439 1034 2516 figuratum
1049 2439 1131 2500 varie
1146 2439 1239 2500 babet
1258 2441 1434 2520 adspectum
1456 2440 1688 2504 illuminationis

343 2549 415 2592 suae
437 2547 542 2591 versus
566 2530 682 2591 Lunam
705 2535 882 2608 porrectum,
907 2533 1007 2586 movet
1034 2526 1168 2605 ejusdem
1191 2529 1294 2591 Lunae
1318 2549 1442 2610 corpus,
1466 2530 1510 2592 uti
1533 2539 1564 2591 et
1588 2531 1688 2610 ipsum

342 2618 425 2681 varie
443 2619 601 2698 figuratum
616 2617 709 2678 habet
723 2614 950 2678 illuminationis
969 2634 1040 2677 suae
1056 2615 1232 2696 adspectum
1248 2637 1353 2680 versus
1368 2620 1490 2681 Terram
1504 2628 1686 2700 porrectum.

342 2711 447 2776 Movet
478 2708 580 2786 itaque
608 2723 756 2786 apparens
790 2703 917 2766 latitudo
949 2703 1089 2766 circulum
1119 2705 1365 2784 illuminationis,
1399 2715 1430 2770 et
1453 2716 1595 2790 qnantum
1619 2709 1690 2790 ipsa

342 2798 435 2860 habet
456 2797 487 2859 in
510 2815 542 2857 se
566 2795 734 2858 latitudinis
765 2791 938 2873 apparentis
962 2800 994 2853 et
1015 2803 1157 2874 quantum
1187 2796 1252 2876 ejus
1281 2797 1394 2859 invenit
1416 2797 1445 2860 in
1469 2797 1557 2860 Luna
1579 2797 1688 2881 quovis

343 2897 487 2966 tempore
527 2884 620 2966 Atqui
646 2884 749 2946 eadem
774 2891 844 2944 sunt
866 2881 1050 2944 incrementa
1072 2882 1209 2962 phasium
1232 2893 1443 2970 utrarumque:
1466 2897 1501 2950 ut
1524 2906 1581 2968 quo
1606 2895 1688 2949 tem-

341 2995 413 3058 pore
437 2977 531 3038 Terra
553 2974 637 3035 videt
659 2973 775 3036 Lunam
807 2972 967 3044 falcatam,
999 2971 1102 3033 eodem
1126 2971 1212 3034 Luna
1244 2973 1346 3037 videat
1368 2977 1492 3038 Terram
1515 2973 1688 3056 gibbosam,

344 3073 376 3126 ut
398 3065 442 3128 ita
465 3063 568 3126 circuli
597 3061 823 3127 illuminationis
854 3061 993 3122 diametri
1022 3060 1212 3124 latitudinum
1236 3063 1297 3126 sint
1328 3078 1445 3146 semper
1473 3065 1631 3145 paralleli,
1656 3073 1689 3126 et

343 3155 476 3234 ejusdem
500 3172 537 3214 ex
558 3153 751 3215 inclinatione
774 3149 952 3232 quantitatis
975 3151 1157 3230 apparentis,
1181 3151 1210 3214 ιιι
1236 3155 1457 3235 comparatione
1480 3154 1520 3216 ad
1542 3155 1687 3234 cujusque

294 3292 296 3296 .
343 3250 422 3306 recte
449 3242 588 3322 objectae
617 3240 763 3304 visionem
795 3238 881 3321 quasi
903 3239 1039 3300 totalem.
1085 3239 1167 3322 Ergo
1191 3261 1249 3304 non
1272 3251 1319 3305 est
1346 3243 1582 3306 distribuendum
1611 3243 1688 3306 illud

343 3333 508 3398 auctarium
530 3326 610 3394 132ο
625 3327 679 3395 45‘
702 3331 792 3410 super
809 3325 848 3391 12
872 3329 975 3390 Lunae
999 3328 1201 3394 revolutiones
1223 3331 1366 3411 integras,
1391 3341 1528 3408 nonest,
1553 3333 1686 3413 inquam,

343 3420 578 3484 distribuendum
601 3421 762 3482 secundum
790 3435 957 3480 mensuram
987 3417 1131 3496 simplicis
1154 3419 1242 3499 hujus
1266 3420 1434 3483 latitudinis
1465 3423 1607 3502 ellipseoa
1632 3435 1687 3485 seu

343 3511 445 3574 circuli
468 3509 695 3574 illuminationis
724 3505 916 3590 apparentis,
950 3506 1003 3567 sed
1027 3513 1148 3586 oportet
1177 3507 1260 3570 illam
1282 3508 1328 3570 bis
1352 3510 1513 3574 adhibere:
1544 3511 1602 3573 hoc
1627 3519 1685 3586 eat,

343 3611 377 3662 ut
399 3599 578 3681 geometrice
611 3617 672 3660 rem
706 3599 844 3677 eloquar,
876 3613 932 3656 non
962 3594 1145 3660 incrementa
1176 3597 1308 3677 ipsorum
1337 3598 1454 3661 sinuum
1485 3599 1685 3681 digressionis

344 3690 447 3752 Lunae
462 3689 500 3750 ab
515 3687 703 3790 oppositione
722 3687 770 3748 vel
787 3683 994 3764 conjunctione
1010 3681 1101 3760 Solis,
1119 3693 1152 3747 ιιι
1167 3687 1322 3763 hactenns,
1337 3688 1416 3749 sed
1407 3697 1592 3752 rncrementa
1608 3709 1686 3772 qua-

344 3780 495 3841 dratomnr
519 3775 636 3838 sinuum
659 3777 771 3839 debent
794 3773 887 3837 statui
909 3791 963 3854 pro
983 3791 1123 3836 mensura
1146 3735 1373 3838 acceleratidnis'
1395 3777 1515 3858 hujus'
1505 3798 1535 3839 ιιι
1555 3778 1683 3860 copulis

332 3919 335 3924 .
431 3867 524 3930 Porro
548 3875 582 3928 ut
603 3873 738 3928 revertar
761 3865 799 3926 ad
822 3862 954 3935 initium,
986 3862 1057 3924 talis
1087 3865 1221 3927 nascitur
1250 3867 1345 3927 forma
1376 3866 1464 3946 hujus
1493 3867 1624 3944 calculi,
1647 3887 1685 3930 ex

344 3977 403 4042 qua
425 3954 656 4020 luculentissime
689 3960 852 4036 appareat,
886 3961 948 4014 tam
980 3951 1178 4016 variationem
1206 3951 1355 4036 Tycbonis
1387 3973 1476 4036 quam
1507 3979 1685 4038 spomaooo

343 4046 508 4153 Ptolemaei
531 4064 568 4107 ex
590 4045 694 4107 eodem
717 4064 784 4106 esse
809 4044 901 4104 fonte.
939 4041 1018 4104 Nam
1042 4049 1107 4123 estq
1130 4043 1161 4103 in
1173 4043 1303 4122 adjecto
1324 4045 1475 4108 schemate
1496 4047 1526 4108 A
1550 4055 1685 4109 centrum

599 4187 653 4238 F
675 4183 715 4235 18
974 4131 1094 4204 Terrae,
1118 4131 1175 4194 AB
1205 4133 1426 4197 semidiameter
1455 4133 1684 4198 illuminationis

438 4295 462 4338 ὓ
619 4203 1321 4293 18’Τιιιιε,(ιοοιιιι·ιιιιι
1349 4224 1468 4300 Lunae,
1502 4223 1562 4288 GD
1591 4227 1684 4289 semi-

550 4329 731 4410 X--m
890 4325 912 4368 s
957 4308 1116 4371 diameter
1143 4309 1368 4374 illuminationis
1391 4312 1504 4376 Lunae.
1551 4315 1589 4379 Si
1611 4335 1683 4397 ergo

414 4397 438 4515 ζ
607 4407 695 4524 Ξ
846 4401 867 4466 l
973 4416 1090 4478 semper
1113 4397 1172 4462 GD
1187 4408 1218 4462 et
1231 4401 1287 4465 ΑΒ
1310 4402 1474 4482 parallelae
1497 4421 1587 4484 quam
1612 4425 1683 4485 pro-

375 4496 394 4538 n
972 4485 1067 4561 xime,
1092 4497 1123 4550 et
1139 4487 1166 4551 si
1190 4490 1272 4552 sinus
1297 4489 1386 4555 Gan
1409 4491 1632 4572 multiplicatus
1654 4496 1683 4558 in

822 4517 848 4565 A

973 4575 1068 4640 sinum
1093 4577 1179 4642 ΑΘΒ
1204 4579 1278 4640 lacit
1300 4598 1463 4655 numerum,
1488 4581 1538 4661 qni
1560 4585 1684 4648 metitur

344 4665 543 4746 quantitatem
573 4685 626 4730 seu
656 4667 789 4772 vigorem
819 4666 1048 4730 accelerationis
1079 4673 1295 4748 competentem
1325 4668 1354 4730 in
1385 4669 1440 4731 tali
1469 4669 1548 4746 situ,
1582 4674 1628 4736 sic
1651 4681 1684 4736 ut

344 4755 441 4817 lactus
464 4755 522 4816 iste
545 4755 587 4818 sit
609 4756 754 4820 maximus
777 4756 806 4818 in
830 4756 953 4836 copulis,
977 4754 1084 4820 nibil
1074 4777 1103 4818 ιιι
1127 4757 1268 4840 quadris:
1293 4757 1380 4820 facile
1404 4768 1546 4841 apparet,
1572 4763 1598 4824 si
1617 4763 1682 4844 jam

304 4863 313 4870 ·
345 4844 436 4908 etiam
458 4846 673 4928 prolongentur
696 4847 792 4909 lineae
812 4843 880 4922 An,
905 4846 974 4924 BG,
997 4863 1051 4927 per
1074 4847 1307 4910 eccentricitatis
1332 4847 1530 4912 interventum
1555 4853 1681 4934 angulos
