3582 5558
534 299 566 354 de
584 297 771 354 Commentariis
789 301 820 355 dc
837 301 1012 355 motusultae
1033 297 1128 355 Martie.
1415 362 1421 372 ,
1460 295 1501 366 73

129 472 215 536 uicus
245 481 283 536 et
307 473 423 558 'chho
452 475 563 540 Solem.
610 475 772 549 Quaeritur
801 479 943 560 amplius,
967 477 1083 542 ¹Martis
1110 479 1258 542 mctlcues
1290 479 1329 541 ad
1360 496 1501 540 remmue

132 561 211 627 Solia
235 571 364 628 motum
389 587 440 628 au
454 567 491 628 ad
506 566 635 630 medium
649 568 712 630 sint
725 570 909 643 referendae,
936 569 1014 648 quod
1027 569 1149 648 perinde
1165 577 1212 631 est
1227 589 1261 632 ac
1276 568 1302 630 si
1317 587 1499 649 quaererem,

133 653 212 716 linea
235 655 387 734 apsidum
413 655 544 718 eccentri
567 657 677 719 Martis
700 675 753 737 per
776 657 941 720 mediumue
965 659 1061 719 locum
1084 657 1166 720 Solis
1191 679 1227 722 au
1251 657 1415 738 peripsum
1430 676 1499 720 cor-

136 741 217 824 poris
242 741 370 807 Solaria
395 755 531 808 centrum
554 747 711 808 trauseat?
756 748 813 810 Hic
832 746 1027 828 rOoperuicrrs
1052 753 1084 809 et
1107 747 1208 830 Tyoho
1237 747 1500 811 imitatione.Pto-

140 833 247 896 lernaei
277 841 368 896 stant
398 855 418 896 a
445 835 543 898 medio
576 836 641 897 loco
666 834 762 912 Solis,
795 856 850 917 ego
874 859 900 897 a
928 855 999 914 uero
1032 836 1107 899 loco.
1158 838 1285 899 Invento
1317 844 1420 899 centro
1452 835 1499 898 uel

142 922 342 1005 quasicentro
359 923 508 987 communi
524 925 612 986 trium
629 927 819 1008 superiorum,
838 927 866 988 h.
879 949 905 990 e.
918 933 1031 1006 puncto
1047 923 1149 1006 in'quo
1165 945 1266 988 omues
1282 925 1375 988 lineae
1393 943 1499 987 eccen-

138 1013 314 1075 tricitatum
329 1013 423 1076 trium
443 1013 626 1101 superiorum
642 1025 829 1090 concurrunt,
844 1015 906 1095 jam
922 1016 957 1088 is,
984 1015 1033 1096 qui
1048 1016 1245 1078 ecoeutricum
1261 1015 1403 1096 sequitur,
1428 1033 1499 1076 sane

136 1121 172 1164 ec
197 1103 267 1182 ipso
283 1111 422 1166 centrum
435 1103 517 1184 orbis
533 1112 639 1165 extra
653 1103 709 1166 hoo
723 1105 851 1166 medium
867 1103 954 1174 dicit;
979 1102 1027 1184 qui
1043 1103 1261 1168 concentricum
1276 1123 1341 1166 cum
1356 1103 1499 1185 epicyclo,

137 1201 279 1254 centrum
304 1191 362 1254 huo
390 1193 457 1272 ipso
489 1193 527 1256 in
560 1193 616 1254 hoc
649 1193 796 1256 communi
828 1202 952 1274 puncto¹
988 1194 1066 1272 quod
1098 1193 1167 1255 mihi
1200 1202 1335 1256 centrum
1366 1193 1497 1273 corporis

136 1277 262 1344 Solaria
287 1289 345 1354 est,
370 1283 509 1366 collucet.
547 1281 617 1344 Jam
640 1283 709 1345 vide
734 1282 879 1364 quomodo
903 1301 959 1362 ego
983 1281 1117 1357 dixerim,
1142 1281 1271 1344 Martem
1293 1279 1498 1361 imaginarium

135 1379 287 1450 puuctum
311 1371 473 1452 respicere,
497 1371 585 1434 sisad
608 1373 738 1436 medium
759 1379 872 1434 motum
888 1367 927 1448 Θ
943 1369 1100 1446 referatur,
1125 1371 1157 1433 id
1179 1379 1226 1435 est
1248 1371 1274 1432 si
1299 1369 1402 1450 auguli
1424 1389 1499 1432 ano-

136 1461 254 1522 maliae
279 1461 413 1522 ecceutri
437 1469 622 1542 coaequatae
643 1451 731 1523 ‘stant
754 1461 792 1524 ad
815 1470 973 1541 punctum,
1007 1459 1084 1543 quod
1108 1468 1157 1524 eat
1187 1480 1245 1522 non
1270 1459 1333 1540 ipse
1358 1455 1412 1536 Θ,
1446 1459 1500 1520 sed

137 1551 220 1623 tale,
256 1545 337 1630 quod
370 1557 520 1627 monstrat
551 1549 666 1612 medius
697 1547 737 1630 Θ
767 1557 881 1622 motus,
913 1550 991 1632 quod
1023 1550 1172 1612 interdum
1202 1548 1358 1630 praecedit
1388 1547 1498 1624 Solem,

137 1639 296 1702 interdum
320 1639 466 1720 sequitur,
490 1635 697 1720 nuuc'shpra,
721 1659 798 1710 nunc
822 1639 900 1700 iufra
923 1637 1025 1722 Solem
1049 1649 1115 1713 θεὶς
1139 1647 1203 1701 tum
1226 1634 1396 1717 illi'anguli
1419 1647 1500 1698 stant

140 1729 181 1790 ad
204 1737 355 1808 punctum
377 1727 596 1810 imaginarium.
634 1729 676 1792 Ut
690 1729 855 1807 intelligas,
881 1727 951 1808 quid
968 1747 1023 1808 ego
1047 1728 1145 1791 dicam
1160 1727 1375 1808 imaginarium,
1401 1731 1499 1789 crasse

138 1827 243 1880 tecum
278 1818 395 1898 loquar.
449 1817 484 1886 Si
517 1818 618 1900 auguli
647 1818 815 1880 anomaliae
844 1826 1028 1898 coaequatae
1061 1826 1146 1880 stant
1175 1819 1214 1880 ad
1241 1811 1385 1898 punctum
1413 1815 1500 1880 medii

127 1917 244 1973 -motus
260 1905 354 1978 Solis,
378 1926 483 1970 vereor
501 1915 535 1971 ut
554 1907 584 1970 id
598 1916 749 1988 puuctum,
774 1907 799 1968 si
823 1925 882 1968 uon
906 1907 945 1969 sit
968 1907 1033 1986 ipse
1049 1906 1111 1982 Sol,
1136 1927 1195 1978 non
1220 1906 1261 1968 sit
1282 1925 1337 1986 par
1361 1905 1499 1968 ferendae

138 1996 259 2077 ingenti
292 1997 365 2058 moli
393 1997 542 2077 sphaerae
566 1995 675 2059 Martis
700 1995 729 2058 in
753 1994 904 2078 'lychonis
928 1996 1159 2080 hypothesibus3
1191 1996 1250 2072 vel,
1279 2005 1312 2058 ut
1343 1983 1435 2056 edam
1466 1994 1496 2056 iu

139 2083 315 2166 Ccpernico
339 2105 441 2148 crasse
466 2086 584 2168 loquar,
617 2105 723 2156 vereor
747 2093 780 2147 ut
802 2085 886 2147 Mars
910 2084 941 2147 id
963 2079 1120 2167 puuctum,
1150 2084 1177 2147 ei
1200 2102 1258 2148 non
1283 2085 1324 2146 sit
1346 2084 1411 2165 ipse
1436 2082 1497 2154 Sol,

138 2194 179 2238 ex
202 2175 301 2238 oculis
325 2175 457 2238 amittat.
496 2171 568 2238 Tale
594 2178 671 2237 euim
694 2182 836 2256 puuctum
860 2181 908 2238 est
931 2175 1017 2256 quasi
1037 2174 1344 2254 commuuispenillus
1360 2172 1497 2250 relaxis,

139 2285 159 2326 a
182 2284 244 2346 quo
267 2272 333 2328 tres
356 2272 441 2326 rotae
466 2284 519 2328 seu
542 2265 688 2345 sphaerae
716 2263 849 2339 Saturni,
874 2263 960 2326 Jovis
985 2271 1017 2326 et
1044 2265 1155 2328 Martis
1179 2263 1448 2342 circumportautur
1469 2261 1498 2326 iu

139 2353 296 2437 Tyohone.
344 2353 424 2416 Fieri
446 2363 575 2436 potest,
590 2363 624 2418 ut
647 2353 693 2416 his
716 2353 815 2415 verbis
840 2345 922 2416 aliud
945 2349 1093 2435 quoddam
1116 2354 1236 2416 innuere
1260 2350 1420 2428 voluerim,
1445 2351 1497 2414 sed

138 2445 208 2508 nolo
232 2444 338 2507 multia
363 2441 543 2526 conjeotriris
575 2451 604 2505 te
632 2443 828 2518 contundere3
860 2441 949 2504 mitto
982 2443 1058 2518 ista,
1093 2441 1118 2504 si
1152 2451 1182 2504 te
1211 2441 1384 2522 impediunt.
1431 2441 1497 2503 Non

138 2551 265 2614 possum
290 2543 393 2596 tamen
415 2533 581 2614 praeterire
605 2533 698 2596 verba
721 2539 788 2594 tua:
816 2530 890 2608 „Sol
913 2550 971 2593 nou
997 2539 1045 2594 cst
1066 2531 1275 2613 imaginarium
1292 2537 1442 2612 puuctum,
1468 2535 1497 2591 et

138 2633 244 2686 tamen
255 2623 321 2702 ejus
332 2631 431 2686 motus
441 2630 474 2684 ut
483 2642 572 2685 verus
582 2623 628 2692 ita
637 2629 669 2684 ct
679 2622 795 2684 medius
804 2619 1041 2684 consideratur.“
1055 2625 1115 2692 (aa.
1129 2643 1153 2694 p.
1163 2625 1219 2692 tl.)
1234 2621 1318 2684 Haec
1329 2629 1398 2681 suut
1408 2617 1499 2681 verba

140 2731 173 2773 se
196 2714 299 2794 ipsum
324 2711 546 2774 confundentis.
570 2707 572 2714 ⁴
591 2711 671 2774 Audi
695 2711 832 2774 Fabrici:
857 2729 923 2782 cum
947 2711 1013 2772 dico
1030 2709 1110 2772 Solis
1133 2720 1245 2772 motum
1268 2701 1405 2784 medium,
1431 2707 1496 2771 dico

138 2813 257 2864 motum
283 2801 411 2882 alicujus
434 2801 553 2882 puncti,
585 2802 661 2884 quod
686 2807 755 2863 ante
793 2818 883 2881 pone,
915 2819 1007 2880 supra
1034 2799 1113 2862 infra
1142 2799 1245 2862 Solem
1278 2807 1335 2860 est.
1381 2797 1496 2880 Imagi-

137 2910 249 2953 uamur
264 2890 355 2966 enim,
381 2890 580 2954 ecoeutricum
595 2890 677 2953 Solis
691 2889 815 2962 moveri,
831 2898 865 2950 ut
879 2897 984 2951 centra
998 2888 1063 2968 ejus
1086 2898 1119 2950 et
1141 2889 1242 2951 muudi
1265 2895 1388 2963 cocant;
1413 2881 1497 2970 quem
1591 2940 1594 2946 .

138 2981 234 3060 igitur
258 2980 352 3044 situm
375 2988 407 3042 et
429 2989 543 3043 motum
567 2979 621 3044 Sol
644 2981 673 3042 in
697 2979 750 3041 illc
773 2977 952 3059 imaginario
979 2975 1126 3058 sphaerae
1156 2979 1216 3041 situ
1247 2987 1279 3040 et
1306 2971 1388 3041 mhtu
1418 2986 1499 3040 esset

137 3069 312 3145 habiturus,
336 3089 403 3132 cnm
426 3063 673 3134 dicimus'locum
696 3077 727 3132 et
749 3077 862 3132 motum
884 3065 1015 3130 medinm
1033 3067 1124 3144 Solis,
1149 3088 1207 3131 uon
1231 3068 1310 3150 quod
1333 3067 1428 3148 ipsum
1443 3065 1498 3129 Sol

136 3177 271 3242 unquam
296 3159 445 3222 conficiat.
923 3193 927 3202 ·
1283 3205 1286 3211 .

227 3247 336 3312 Aliam
354 3249 419 3329 jum
434 3249 526 3324 affers
548 3247 763 3330 objectionem:
787 3243 886 3307 vereri
901 3252 941 3320 te,
967 3245 993 3307 si
1008 3251 1113 3308 centra
1135 3244 1368 3326 planetariomm
1382 3242 1495 3306 orbium

133 3337 206 3424 sint
233 3346 325 3401 extra
348 3339 468 3414 Solem,
500 3347 534 3401 ut
564 3358 690 3402 accessu
721 3342 753 3398 et
783 3354 907 3398 recessu
937 3335 1094 3416 eclipticas
1125 3333 1301 3402 latitudines
1331 3333 1495 3398 varientur.

130 3427 272 3502 Nescio,
304 3427 375 3509 quid
398 3429 485 3492 velis.
533 3419 630 3498 Quem
653 3426 728 3490 dicis
758 3443 914 3488 accessum
937 3431 970 3486 et
992 3443 1143 3488 recessum
1171 3419 1347 3505 eclipticae,
1372 3423 1402 3486 in
1424 3443 1496 3506 pro-

132 3518 266 3580 fundum
283 3537 323 3578 au
344 3517 373 3579 in
388 3517 507 3580 latum?
529 3515 596 3598 Ego
619 3517 693 3580 nihil
711 3515 808 3590 video,
834 3514 912 3595 quod
935 3513 1145 3578 latitudinibus
1169 3513 1291 3578 officiat.
1328 3513 1419 3576 Forte
1442 3511 1498 3575 tihi

129 3607 194 3669 hcc
221 3605 359 3670 suboluit
383 3607 460 3688 quod
483 3595 803 3690 apponam,'qramvis
827 3622 895 3667 mea
917 3603 1054 3685 opinione
1079 3613 1167 3668 extra
1189 3604 1289 3686 oleas,
1320 3602 1370 3668 Sit
1388 3603 1419 3666 A
1433 3599 1495 3680 Sol,

131 3693 193 3759 CD
229 3695 315 3758 linea
346 3697 377 3758 in
409 3697 499 3776 plano
533 3697 689 3778 eclipticae
719 3695 791 3771 EF,
823 3693 850 3756 B
884 3702 1018 3756 centrum

130 3786 304 3849 ecoeutrici
337 3794 426 3848 extra
456 3785 537 3850 Sole.
583 3787 649 3848 Hoc
678 3783 777 3866 posito
802 3779 827 3846 (l
852 3781 1019 3864 apogaeum

129 3875 261 3956 longius
280 3875 319 3938 ab
334 3874 387 3936 FE
411 3875 551 3957 ecliptica
573 3875 748 3956 digreditur,
773 3891 861 3956 quam
875 3873 914 3934 D.
951 3873 1018 3935 Hoc
1093 3881 1095 3888 '

129 3967 261 4048 quidem
285 3984 358 4028 vere
384 3965 427 4028 ita
449 3965 492 4036 lit,
516 3973 550 4027 at
567 3985 627 4028 uon
645 3965 712 4028 ideo
732 3961 834 4043 anguli
854 3961 1016 4038 mutantur,

129 4056 191 4119 scd
215 4055 344 4118 marre'nt
367 4054 457 4116 iidem
479 4051 563 4118 Fac
587 4063 619 4118 et
640 4053 737 4118 EAD.
763 4083 804 4094 -
1031 4045 1034 4054 '

224 4143 337 4210 Nullus
361 4145 487 4226 planeta
509 4163 579 4212 vere
609 4143 757 4226 duplicem
781 4137 877 4203 habet
896 4157 1016 4201 'ecoeu-

129 4237 324 4310 tricitatem,
364 4233 424 4296 nisi
461 4236 538 4298 forte
570 4233 657 4297 Luna
674 4255 677 4264 ·
692 4232 723 4294 in
743 4227 950 4311 ‚oppositione
983 4235 1016 4290 et

132 4328 337 4406 quadratura,
364 4325 420 4386 sed
444 4343 533 4409 uuam
554 4323 721 4408 simplicem
744 4321 866 4382 realem.
914 4315 1013 4388 Quam

135 4435 205 4480 uero
227 4412 395 4498 aequantia
428 4414 684 4476 eccentricitatem
715 4409 858 4498 dicimus,
882 4425 941 4468 uon
965 4413 1014 4468 e'st

135 4504 192 4572 ista
212 4508 244 4572 r‘n
265 4508 402 4591 planeta
426 4504 504 4585 ipsa,
528 4504 582 4566 sed
600 4502 686 4566 nobis
704 4494 896 4564 mensurandi
919 4513 1012 4558 cauea

135 4617 167 4662 ea
185 4600 306 4666 fictione
328 4613 411 4678 opus
427 4599 486 4656 est
522 4593 652 4660 Planeta
669 4608 740 4654 vero
762 4583 1010 4669 inaequalitatem
1144 4615 1233 4663 ῃ,

132 4689 206 4758 illam
234 4685 366 4758 conticit
408 4683 533 4746 intuens
560 4683 591 4746 iu
620 4681 682 4763 tale
713 4675 833 4759 aliquod
868 4681 1010 4757 punctum

130 4784 344 4858 emp-icum,
388 4772 473 4844 uude
508 4772 643 4836 diversae
681 4766 844 4832 distantiae
877 4786 897 4828 a
926 4761 1017 4840 Sole,
1056 4763 1139 4826 fonte
1176 4763 1298 4830 virtutis
1329 4773 1485 4854 moventis,

125 4879 281 4946 mnndum
307 4887 398 4957 quas
423 4860 522 4929 etiam
539 4861 571 4927 in
585 4862 705 4926 diversa
726 4855 902 4921 incitatione
920 4861 969 4916 eet
987 4861 1019 4916 et
1033 4851 1076 4915 sic
1099 4852 1248 4935 longiores
1270 4876 1370 4925 moras
1393 4865 1487 4934 nectit

480 3229 482 3238 r

1195 3765 1249 3831 Flg.
1274 3761 1315 3813 15.
1414 3780 1417 3786 ¹
