<?xml version="1.0" encoding="UTF-8"?>
<!DOCTYPE html PUBLIC "-//W3C//DTD XHTML 1.0 Transitional//EN"
    "http://www.w3.org/TR/xhtml1/DTD/xhtml1-transitional.dtd">
<html xmlns="http://www.w3.org/1999/xhtml" xml:lang="en" lang="en">
 <head>
  <title>
</title>
<meta http-equiv="Content-Type" content="text/html;charset=utf-8" />
  <meta name='ocr-system' content='tesseract 3.04.00' />
  <meta name='ocr-capabilities' content='ocr_page ocr_carea ocr_par ocr_line ocrx_word'/>
</head>
<body>
  <div class='ocr_page' id='page_1' title='image "./joanniskepleria28frisgoog_0403.png"; bbox 0 0 3678 5532; ppageno 0'>
   <div class='ocr_carea' id='block_1_1' title="bbox 311 265 1183 374">
    <p class='ocr_par' dir='ltr' id='par_1_1' title="bbox 311 265 1183 374">
     <span class='ocr_line' id='line_1_1' title="bbox 311 265 1183 374; baseline -0.003 -12"><span class='ocrx_word' id='word_1_1' title='bbox 311 299 384 374; x_wconf 75' lang='grc'>’384</span> <span class='ocrx_word' id='word_1_2' title='bbox 424 291 428 299; x_wconf 70' lang='grc'>’</span> <span class='ocrx_word' id='word_1_3' title='bbox 478 265 493 304; x_wconf 20' lang='lat' dir='ltr'>l&#39;</span> <span class='ocrx_word' id='word_1_4' title='bbox 798 309 965 362; x_wconf 71' lang='lat' dir='ltr'>nunonem</span> <span class='ocrx_word' id='word_1_5' title='bbox 983 307 1183 362; x_wconf 69' lang='lat' dir='ltr'>eonsensum</span> 
     </span>
    </p>
   </div>
   <div class='ocr_carea' id='block_1_2' title="bbox 201 486 1668 578">
    <p class='ocr_par' dir='ltr' id='par_1_2' title="bbox 201 486 1668 578">
     <span class='ocr_line' id='line_1_2' title="bbox 201 486 1668 578; baseline -0.001 -26"><span class='ocrx_word' id='word_1_6' title='bbox 201 536 238 578; x_wconf 32' lang='lat'>¹.</span> <span class='ocrx_word' id='word_1_7' title='bbox 315 487 468 570; x_wconf 75' lang='lat' dir='ltr'><strong>longiores</strong></span> <span class='ocrx_word' id='word_1_8' title='bbox 496 493 582 551; x_wconf 84' lang='lat' dir='ltr'>eraut</span> <span class='ocrx_word' id='word_1_9' title='bbox 613 487 644 551; x_wconf 93' lang='lat' dir='ltr'>iu</span> <span class='ocrx_word' id='word_1_10' title='bbox 666 487 772 552; x_wconf 86' lang='lat' dir='ltr'>mediis</span> <span class='ocrx_word' id='word_1_11' title='bbox 795 489 1046 572; x_wconf 78' lang='lat' dir='ltr'>longitudinibus,</span> <span class='ocrx_word' id='word_1_12' title='bbox 1079 507 1168 572; x_wconf 90' lang='lat' dir='ltr'>quam</span> <span class='ocrx_word' id='word_1_13' title='bbox 1190 489 1386 552; x_wconf 77' lang='lat' dir='ltr'>observatae:</span> <span class='ocrx_word' id='word_1_14' title='bbox 1418 487 1468 552; x_wconf 91' lang='lat' dir='ltr'>hio</span> <span class='ocrx_word' id='word_1_15' title='bbox 1491 486 1668 564; x_wconf 70' lang='lat' dir='ltr'>distantiae,</span> 
     </span>
    </p>
   </div>
   <div class='ocr_carea' id='block_1_3' title="bbox 313 577 1670 1196">
    <p class='ocr_par' dir='ltr' id='par_1_3' title="bbox 313 577 1670 1196">
     <span class='ocr_line' id='line_1_3' title="bbox 316 577 1669 661; baseline -0.001 -20"><span class='ocrx_word' id='word_1_16' title='bbox 316 597 390 659; x_wconf 89' lang='lat' dir='ltr'>quas</span> <span class='ocrx_word' id='word_1_17' title='bbox 414 578 590 661; x_wconf 89' lang='lat' dir='ltr'>hypothesis</span> <span class='ocrx_word' id='word_1_18' title='bbox 613 577 667 640; x_wconf 95' lang='lat' dir='ltr'>illa</span> <span class='ocrx_word' id='word_1_19' title='bbox 690 580 792 655; x_wconf 87' lang='grc'>5111511,</span> <span class='ocrx_word' id='word_1_20' title='bbox 817 599 892 660; x_wconf 86' lang='grc'>5555</span> <span class='ocrx_word' id='word_1_21' title='bbox 916 580 1033 642; x_wconf 85' lang='grc'>5151551</span> <span class='ocrx_word' id='word_1_22' title='bbox 1055 581 1196 660; x_wconf 85' lang='lat' dir='ltr'>planetae</span> <span class='ocrx_word' id='word_1_23' title='bbox 1221 577 1349 641; x_wconf 87' lang='lat' dir='ltr'>orbitam</span> <span class='ocrx_word' id='word_1_24' title='bbox 1373 577 1482 654; x_wconf 88' lang='lat' dir='ltr'>efficit,</span> <span class='ocrx_word' id='word_1_25' title='bbox 1511 577 1669 640; x_wconf 86' lang='lat' dir='ltr'>breviores</span> 
     </span>
     <span class='ocr_line' id='line_1_4' title="bbox 314 668 1668 750; baseline -0.001 -20"><span class='ocrx_word' id='word_1_26' title='bbox 314 668 398 730; x_wconf 88' lang='lat' dir='ltr'>finnt.</span> <span class='ocrx_word' id='word_1_27' title='bbox 451 668 535 748; x_wconf 85' lang='lat' dir='ltr'>Ergo</span> <span class='ocrx_word' id='word_1_28' title='bbox 566 675 665 749; x_wconf 90' lang='lat' dir='ltr'>patet,</span> <span class='ocrx_word' id='word_1_29' title='bbox 695 669 775 731; x_wconf 91' lang='lat' dir='ltr'>viam</span> <span class='ocrx_word' id='word_1_30' title='bbox 802 670 941 750; x_wconf 84' lang='lat' dir='ltr'>planetae</span> <span class='ocrx_word' id='word_1_31' title='bbox 969 689 1066 750; x_wconf 91' lang='grc'>55555</span> <span class='ocrx_word' id='word_1_32' title='bbox 1094 668 1237 731; x_wconf 90' lang='lat' dir='ltr'>circulum</span> <span class='ocrx_word' id='word_1_33' title='bbox 1269 685 1353 742; x_wconf 89' lang='lat' dir='ltr'>esse,</span> <span class='ocrx_word' id='word_1_34' title='bbox 1385 685 1480 750; x_wconf 89' lang='lat' dir='ltr'>neque</span> <span class='ocrx_word' id='word_1_35' title='bbox 1507 673 1668 729; x_wconf 89' lang='lat' dir='ltr'>tantuma</span> 
     </span>
     <span class='ocr_line' id='line_1_5' title="bbox 315 755 1670 840; baseline 0 -22"><span class='ocrx_word' id='word_1_36' title='bbox 315 757 426 820; x_wconf 90' lang='lat' dir='ltr'>circulo</span> <span class='ocrx_word' id='word_1_37' title='bbox 449 756 566 837; x_wconf 80' lang='lat' dir='ltr'>ingredi</span> <span class='ocrx_word' id='word_1_38' title='bbox 588 758 627 818; x_wconf 92' lang='lat' dir='ltr'>ad</span> <span class='ocrx_word' id='word_1_39' title='bbox 650 758 757 830; x_wconf 89' lang='lat' dir='ltr'>latera,</span> <span class='ocrx_word' id='word_1_40' title='bbox 780 767 923 840; x_wconf 87' lang='grc'>55551511</span> <span class='ocrx_word' id='word_1_41' title='bbox 946 758 1044 821; x_wconf 89' lang='lat' dir='ltr'>uvalis</span> <span class='ocrx_word' id='word_1_42' title='bbox 1067 757 1136 832; x_wconf 93' lang='lat' dir='ltr'>illa,</span> <span class='ocrx_word' id='word_1_43' title='bbox 1161 776 1199 818; x_wconf 83' lang='lat' dir='ltr'>ex</span> <span class='ocrx_word' id='word_1_44' title='bbox 1222 773 1287 837; x_wconf 86' lang='lat' dir='ltr'>cap.</span> <span class='ocrx_word' id='word_1_45' title='bbox 1310 755 1412 819; x_wconf 86' lang='lat' dir='ltr'>XLV.</span> <span class='ocrx_word' id='word_1_46' title='bbox 1438 755 1576 838; x_wconf 88' lang='lat' dir='ltr'>opinione</span> <span class='ocrx_word' id='word_1_47' title='bbox 1601 761 1670 818; x_wconf 82' lang='lat' dir='ltr'>orta</span> 
     </span>
     <span class='ocr_line' id='line_1_6' title="bbox 316 843 1668 928; baseline -0.001 -20"><span class='ocrx_word' id='word_1_48' title='bbox 316 854 348 909; x_wconf 89' lang='lat' dir='ltr'>et</span> <span class='ocrx_word' id='word_1_49' title='bbox 370 865 435 927; x_wconf 90' lang='lat' dir='ltr'>cap.</span> <span class='ocrx_word' id='word_1_50' title='bbox 459 846 576 910; x_wconf 88' lang='lat' dir='ltr'>XLVL</span> <span class='ocrx_word' id='word_1_51' title='bbox 601 846 762 927; x_wconf 89' lang='lat' dir='ltr'>descripta,</span> <span class='ocrx_word' id='word_1_52' title='bbox 784 848 960 928; x_wconf 79' lang='lat' dir='ltr'>ingreditur,</span> <span class='ocrx_word' id='word_1_53' title='bbox 985 847 1039 910; x_wconf 88' lang='lat' dir='ltr'>sed</span> <span class='ocrx_word' id='word_1_54' title='bbox 1061 847 1160 908; x_wconf 86' lang='lat' dir='ltr'>media</span> <span class='ocrx_word' id='word_1_55' title='bbox 1183 846 1320 908; x_wconf 78' lang='lat' dir='ltr'>incedere</span> <span class='ocrx_word' id='word_1_56' title='bbox 1345 845 1405 906; x_wconf 90' lang='lat' dir='ltr'>via.</span> <span class='ocrx_word' id='word_1_57' title='bbox 1456 843 1498 908; x_wconf 85' lang='lat' dir='ltr'>Et</span> <span class='ocrx_word' id='word_1_58' title='bbox 1520 845 1668 920; x_wconf 87' lang='lat' dir='ltr'>vicissim,</span> 
     </span>
     <span class='ocr_line' id='line_1_7' title="bbox 315 934 1669 1016; baseline -0.001 -18"><span class='ocrx_word' id='word_1_59' title='bbox 315 937 470 1016; x_wconf 88' lang='lat' dir='ltr'>usurpatis</span> <span class='ocrx_word' id='word_1_60' title='bbox 494 935 648 997; x_wconf 75' lang='lat' dir='ltr'>distantiis</span> <span class='ocrx_word' id='word_1_61' title='bbox 672 955 738 1016; x_wconf 93' lang='lat' dir='ltr'>cap.</span> <span class='ocrx_word' id='word_1_62' title='bbox 762 938 863 1011; x_wconf 86' lang='lat' dir='ltr'>XLV,</span> <span class='ocrx_word' id='word_1_63' title='bbox 887 939 913 998; x_wconf 88' lang='lat' dir='ltr'>si</span> <span class='ocrx_word' id='word_1_64' title='bbox 937 935 1156 1016; x_wconf 88' lang='lat' dir='ltr'>computaveris</span> <span class='ocrx_word' id='word_1_65' title='bbox 1180 935 1248 997; x_wconf 88' lang='lat' dir='ltr'>loca</span> <span class='ocrx_word' id='word_1_66' title='bbox 1263 935 1330 996; x_wconf 85' lang='lat' dir='ltr'>visa</span> <span class='ocrx_word' id='word_1_67' title='bbox 1344 934 1465 1011; x_wconf 87' lang='lat' dir='ltr'>Martis,</span> <span class='ocrx_word' id='word_1_68' title='bbox 1489 935 1669 1014; x_wconf 85' lang='lat' dir='ltr'>praesertim</span> 
     </span>
     <span class='ocr_line' id='line_1_8' title="bbox 313 1023 1668 1106; baseline -0.001 -20"><span class='ocrx_word' id='word_1_69' title='bbox 313 1023 377 1097; x_wconf 90' lang='lat' dir='ltr'>illa,</span> <span class='ocrx_word' id='word_1_70' title='bbox 401 1043 476 1106; x_wconf 87' lang='lat' dir='ltr'>quae</span> <span class='ocrx_word' id='word_1_71' title='bbox 500 1041 566 1105; x_wconf 89' lang='lat' dir='ltr'>cap.</span> <span class='ocrx_word' id='word_1_72' title='bbox 591 1024 674 1087; x_wconf 87' lang='lat' dir='ltr'><strong>LIII.</strong></span> <span class='ocrx_word' id='word_1_73' title='bbox 699 1025 814 1089; x_wconf 91' lang='lat' dir='ltr'>eminus</span> <span class='ocrx_word' id='word_1_74' title='bbox 838 1025 1057 1106; x_wconf 89' lang='lat' dir='ltr'>oppositionem</span> <span class='ocrx_word' id='word_1_75' title='bbox 1079 1025 1293 1099; x_wconf 78' lang='lat' dir='ltr'>choumstaut,</span> <span class='ocrx_word' id='word_1_76' title='bbox 1324 1024 1414 1085; x_wconf 89' lang='lat' dir='ltr'>cadet</span> <span class='ocrx_word' id='word_1_77' title='bbox 1435 1023 1491 1086; x_wconf 89' lang='lat' dir='ltr'>tibi</span> <span class='ocrx_word' id='word_1_78' title='bbox 1514 1030 1584 1086; x_wconf 86' lang='lat' dir='ltr'>ante</span> <span class='ocrx_word' id='word_1_79' title='bbox 1608 1041 1668 1103; x_wconf 92' lang='lat' dir='ltr'>up-</span> 
     </span>
     <span class='ocr_line' id='line_1_9' title="bbox 313 1111 1668 1196; baseline -0.002 -19"><span class='ocrx_word' id='word_1_80' title='bbox 313 1113 493 1195; x_wconf 88' lang='lat' dir='ltr'>positionem</span> <span class='ocrx_word' id='word_1_81' title='bbox 514 1114 638 1196; x_wconf 89' lang='lat' dir='ltr'>planeta</span> <span class='ocrx_word' id='word_1_82' title='bbox 660 1113 749 1178; x_wconf 90' lang='lat' dir='ltr'>nimis</span> <span class='ocrx_word' id='word_1_83' title='bbox 771 1116 801 1176; x_wconf 93' lang='lat' dir='ltr'>iu</span> <span class='ocrx_word' id='word_1_84' title='bbox 826 1116 1047 1196; x_wconf 81' lang='lat' dir='ltr'>consequentia,</span> <span class='ocrx_word' id='word_1_85' title='bbox 1071 1123 1142 1195; x_wconf 91' lang='lat' dir='ltr'>post</span> <span class='ocrx_word' id='word_1_86' title='bbox 1170 1111 1389 1195; x_wconf 88' lang='lat' dir='ltr'>oppositionem</span> <span class='ocrx_word' id='word_1_87' title='bbox 1410 1113 1499 1176; x_wconf 90' lang='lat' dir='ltr'>nimis</span> <span class='ocrx_word' id='word_1_88' title='bbox 1522 1111 1553 1174; x_wconf 93' lang='lat' dir='ltr'>in</span> <span class='ocrx_word' id='word_1_89' title='bbox 1576 1119 1668 1174; x_wconf 85' lang='lat' dir='ltr'>aute-</span> 
     </span>
    </p>
   </div>
   <div class='ocr_carea' id='block_1_4' title="bbox 191 1200 1669 1282">
    <p class='ocr_par' dir='ltr' id='par_1_4' title="bbox 191 1200 1669 1282">
     <span class='ocr_line' id='line_1_10' title="bbox 191 1200 1669 1282; baseline -0.001 -16"><span class='ocrx_word' id='word_1_90' title='bbox 191 1237 194 1248; x_wconf 85' lang='lat'>.</span> <span class='ocrx_word' id='word_1_91' title='bbox 314 1202 461 1266; x_wconf 78' lang='lat' dir='ltr'>cedentia.</span> <span class='ocrx_word' id='word_1_92' title='bbox 515 1204 617 1282; x_wconf 88' lang='lat' dir='ltr'>Atque</span> <span class='ocrx_word' id='word_1_93' title='bbox 647 1203 680 1264; x_wconf 90' lang='lat' dir='ltr'>id</span> <span class='ocrx_word' id='word_1_94' title='bbox 710 1224 788 1266; x_wconf 87' lang='lat' dir='ltr'>anuo</span> <span class='ocrx_word' id='word_1_95' title='bbox 824 1201 906 1270; x_wconf 98' lang='grc'>1589</span> <span class='ocrx_word' id='word_1_96' title='bbox 940 1211 971 1266; x_wconf 87' lang='grc'>51</span> <span class='ocrx_word' id='word_1_97' title='bbox 1005 1200 1085 1269; x_wconf 90' lang='grc'>1591</span> <span class='ocrx_word' id='word_1_98' title='bbox 1112 1203 1143 1266; x_wconf 91' lang='grc'>15</span> <span class='ocrx_word' id='word_1_99' title='bbox 1166 1203 1367 1266; x_wconf 85' lang='lat' dir='ltr'>descendente</span> <span class='ocrx_word' id='word_1_100' title='bbox 1392 1202 1599 1278; x_wconf 87' lang='lat' dir='ltr'>semicirculo,</span> <span class='ocrx_word' id='word_1_101' title='bbox 1635 1207 1669 1264; x_wconf 89' lang='lat' dir='ltr'>et</span> 
     </span>
    </p>
   </div>
   <div class='ocr_carea' id='block_1_5' title="bbox 312 1287 1669 1642">
    <p class='ocr_par' dir='ltr' id='par_1_5' title="bbox 312 1287 1669 1642">
     <span class='ocr_line' id='line_1_11' title="bbox 315 1287 1669 1372; baseline -0.001 -18"><span class='ocrx_word' id='word_1_102' title='bbox 315 1312 393 1354; x_wconf 89' lang='lat' dir='ltr'>auno</span> <span class='ocrx_word' id='word_1_103' title='bbox 421 1287 514 1368; x_wconf 88' lang='grc'>1582,</span> <span class='ocrx_word' id='word_1_104' title='bbox 541 1288 677 1356; x_wconf 93' lang='grc'>159515</span> <span class='ocrx_word' id='word_1_105' title='bbox 701 1295 897 1369; x_wconf 88' lang='lat' dir='ltr'>ascendente,</span> <span class='ocrx_word' id='word_1_106' title='bbox 928 1302 977 1356; x_wconf 91' lang='grc'>551</span> <span class='ocrx_word' id='word_1_107' title='bbox 998 1293 1263 1355; x_wconf 90' lang='lat' dir='ltr'>evidentissimum.</span> <span class='ocrx_word' id='word_1_108' title='bbox 1310 1291 1390 1354; x_wconf 88' lang='lat' dir='ltr'>Nam</span> <span class='ocrx_word' id='word_1_109' title='bbox 1413 1291 1454 1354; x_wconf 93' lang='lat' dir='ltr'>ibi</span> <span class='ocrx_word' id='word_1_110' title='bbox 1477 1291 1537 1353; x_wconf 92' lang='lat' dir='ltr'>loci</span> <span class='ocrx_word' id='word_1_111' title='bbox 1560 1296 1669 1372; x_wconf 89' lang='lat' dir='ltr'>peccat</span> 
     </span>
     <span class='ocr_line' id='line_1_12' title="bbox 314 1377 1669 1463; baseline -0.001 -20"><span class='ocrx_word' id='word_1_112' title='bbox 314 1381 413 1443; x_wconf 86' lang='lat' dir='ltr'>uvalis</span> <span class='ocrx_word' id='word_1_113' title='bbox 436 1381 496 1443; x_wconf 89' lang='lat' dir='ltr'>ista</span> <span class='ocrx_word' id='word_1_114' title='bbox 518 1401 585 1462; x_wconf 90' lang='lat' dir='ltr'>cap.</span> <span class='ocrx_word' id='word_1_115' title='bbox 609 1381 709 1444; x_wconf 88' lang='lat' dir='ltr'><strong>XLV.</strong></span> <span class='ocrx_word' id='word_1_116' title='bbox 735 1377 800 1446; x_wconf 88' lang='grc'>660</span> <span class='ocrx_word' id='word_1_117' title='bbox 812 1383 971 1463; x_wconf 82' lang='lat' dir='ltr'>particulis</span> <span class='ocrx_word' id='word_1_118' title='bbox 986 1383 1016 1445; x_wconf 94' lang='lat' dir='ltr'>iu</span> <span class='ocrx_word' id='word_1_119' title='bbox 1030 1381 1158 1458; x_wconf 86' lang='lat' dir='ltr'>deiectu,</span> <span class='ocrx_word' id='word_1_120' title='bbox 1182 1388 1216 1444; x_wconf 91' lang='lat' dir='ltr'>nt</span> <span class='ocrx_word' id='word_1_121' title='bbox 1230 1380 1360 1444; x_wconf 89' lang='lat' dir='ltr'>circulus</span> <span class='ocrx_word' id='word_1_122' title='bbox 1373 1382 1526 1461; x_wconf 86' lang='lat' dir='ltr'>perfectus</span> <span class='ocrx_word' id='word_1_123' title='bbox 1539 1380 1669 1443; x_wconf 85' lang='lat' dir='ltr'>totidem</span> 
     </span>
     <span class='ocr_line' id='line_1_13' title="bbox 312 1466 1667 1553; baseline -0.001 -21"><span class='ocrx_word' id='word_1_124' title='bbox 312 1477 420 1551; x_wconf 88' lang='lat' dir='ltr'>peccat</span> <span class='ocrx_word' id='word_1_125' title='bbox 441 1471 472 1531; x_wconf 93' lang='lat' dir='ltr'>in</span> <span class='ocrx_word' id='word_1_126' title='bbox 497 1489 640 1532; x_wconf 83' lang='lat' dir='ltr'>excessu:</span> <span class='ocrx_word' id='word_1_127' title='bbox 664 1489 740 1553; x_wconf 88' lang='lat' dir='ltr'>quae</span> <span class='ocrx_word' id='word_1_128' title='bbox 763 1481 890 1551; x_wconf 89' lang='lat' dir='ltr'>possunt</span> <span class='ocrx_word' id='word_1_129' title='bbox 911 1472 941 1533; x_wconf 95' lang='lat' dir='ltr'>iu</span> <span class='ocrx_word' id='word_1_130' title='bbox 965 1472 1143 1552; x_wconf 83' lang='lat' dir='ltr'>apparentia</span> <span class='ocrx_word' id='word_1_131' title='bbox 1165 1471 1284 1534; x_wconf 85' lang='lat' dir='ltr'>efficere</span> <span class='ocrx_word' id='word_1_132' title='bbox 1301 1466 1355 1532; x_wconf 77' lang='lat'>20‘</span> <span class='ocrx_word' id='word_1_133' title='bbox 1379 1469 1560 1551; x_wconf 89' lang='lat' dir='ltr'>etamplius.</span> <span class='ocrx_word' id='word_1_134' title='bbox 1599 1469 1667 1531; x_wconf 88' lang='lat' dir='ltr'>Ita·</span> 
     </span>
     <span class='ocr_line' id='line_1_14' title="bbox 313 1556 1669 1642; baseline -0.002 -21"><span class='ocrx_word' id='word_1_135' title='bbox 313 1579 370 1641; x_wconf 91' lang='lat' dir='ltr'>que</span> <span class='ocrx_word' id='word_1_136' title='bbox 398 1568 430 1622; x_wconf 90' lang='lat' dir='ltr'>et</span> <span class='ocrx_word' id='word_1_137' title='bbox 447 1559 549 1622; x_wconf 87' lang='lat' dir='ltr'>David</span> <span class='ocrx_word' id='word_1_138' title='bbox 571 1560 726 1622; x_wconf 87' lang='lat' dir='ltr'>Fabricius</span> <span class='ocrx_word' id='word_1_139' title='bbox 756 1581 794 1622; x_wconf 86' lang='lat' dir='ltr'>ex</span> <span class='ocrx_word' id='word_1_140' title='bbox 821 1561 884 1624; x_wconf 88' lang='lat' dir='ltr'>suis</span> <span class='ocrx_word' id='word_1_141' title='bbox 913 1560 1081 1624; x_wconf 90' lang='lat' dir='ltr'>observatis</span> <span class='ocrx_word' id='word_1_142' title='bbox 1112 1559 1291 1642; x_wconf 88' lang='lat' dir='ltr'>hypothesin</span> <span class='ocrx_word' id='word_1_143' title='bbox 1314 1574 1412 1621; x_wconf 89' lang='lat' dir='ltr'>meam</span> <span class='ocrx_word' id='word_1_144' title='bbox 1435 1556 1544 1639; x_wconf 91' lang='lat' dir='ltr'>capitis</span> <span class='ocrx_word' id='word_1_145' title='bbox 1566 1557 1669 1631; x_wconf 87' lang='lat' dir='ltr'>XLV,</span> 
     </span>
    </p>
   </div>
   <div class='ocr_carea' id='block_1_6' title="bbox 207 1645 1668 1730">
    <p class='ocr_par' dir='ltr' id='par_1_6' title="bbox 207 1645 1668 1730">
     <span class='ocr_line' id='line_1_15' title="bbox 207 1645 1668 1730; baseline -0.001 -21"><span class='ocrx_word' id='word_1_146' title='bbox 207 1677 212 1686; x_wconf 65' lang='lat'><strong><em>¹</em></strong></span> <span class='ocrx_word' id='word_1_147' title='bbox 316 1667 404 1730; x_wconf 89' lang='lat' dir='ltr'>quam</span> <span class='ocrx_word' id='word_1_148' title='bbox 427 1649 486 1729; x_wconf 89' lang='lat' dir='ltr'>ipsi</span> <span class='ocrx_word' id='word_1_149' title='bbox 509 1666 562 1727; x_wconf 92' lang='lat' dir='ltr'>pro</span> <span class='ocrx_word' id='word_1_150' title='bbox 587 1667 660 1712; x_wconf 88' lang='lat' dir='ltr'>vera</span> <span class='ocrx_word' id='word_1_151' title='bbox 682 1650 979 1728; x_wconf 86' lang='lat' dir='ltr'>communicaveram,</span> <span class='ocrx_word' id='word_1_152' title='bbox 1005 1649 1114 1712; x_wconf 86' lang='grc'>5115115</span> <span class='ocrx_word' id='word_1_153' title='bbox 1137 1649 1236 1728; x_wconf 90' lang='lat' dir='ltr'>hujus,</span> <span class='ocrx_word' id='word_1_154' title='bbox 1260 1649 1349 1709; x_wconf 89' lang='lat' dir='ltr'>nimis</span> <span class='ocrx_word' id='word_1_155' title='bbox 1372 1655 1524 1710; x_wconf 86' lang='grc'>5511515111</span> <span class='ocrx_word' id='word_1_156' title='bbox 1547 1645 1668 1709; x_wconf 85' lang='lat' dir='ltr'>distau-</span> 
     </span>
    </p>
   </div>
   <div class='ocr_carea' id='block_1_7' title="bbox 312 1733 1670 2798">
    <p class='ocr_par' dir='ltr' id='par_1_7' title="bbox 312 1733 1669 2176">
     <span class='ocr_line' id='line_1_16' title="bbox 316 1733 1669 1820; baseline -0.001 -20"><span class='ocrx_word' id='word_1_157' title='bbox 316 1736 427 1802; x_wconf 85' lang='lat' dir='ltr'>tiarum</span> <span class='ocrx_word' id='word_1_158' title='bbox 448 1739 479 1799; x_wconf 92' lang='lat' dir='ltr'>iu</span> <span class='ocrx_word' id='word_1_159' title='bbox 502 1737 610 1800; x_wconf 88' lang='lat' dir='ltr'>mediis</span> <span class='ocrx_word' id='word_1_160' title='bbox 634 1733 886 1818; x_wconf 83' lang='lat' dir='ltr'>longitudinibus,</span> <span class='ocrx_word' id='word_1_161' title='bbox 915 1758 1076 1820; x_wconf 89' lang='lat' dir='ltr'>coarguere</span> <span class='ocrx_word' id='word_1_162' title='bbox 1099 1738 1215 1818; x_wconf 90' lang='lat' dir='ltr'>potuit,</span> <span class='ocrx_word' id='word_1_163' title='bbox 1239 1757 1274 1800; x_wconf 91' lang='lat' dir='ltr'>eo</span> <span class='ocrx_word' id='word_1_164' title='bbox 1298 1737 1364 1817; x_wconf 89' lang='lat' dir='ltr'>ipso</span> <span class='ocrx_word' id='word_1_165' title='bbox 1388 1743 1522 1817; x_wconf 89' lang='lat' dir='ltr'>tempore</span> <span class='ocrx_word' id='word_1_166' title='bbox 1546 1735 1669 1816; x_wconf 87' lang='lat' dir='ltr'>scriptis</span> 
     </span>
     <span class='ocr_line' id='line_1_17' title="bbox 314 1823 1668 1910; baseline 0 -21"><span class='ocrx_word' id='word_1_167' title='bbox 314 1825 430 1902; x_wconf 84' lang='lat' dir='ltr'>literis,</span> <span class='ocrx_word' id='word_1_168' title='bbox 464 1846 523 1908; x_wconf 93' lang='grc'>555</span> <span class='ocrx_word' id='word_1_169' title='bbox 555 1846 624 1907; x_wconf 87' lang='lat' dir='ltr'>ego</span> <span class='ocrx_word' id='word_1_170' title='bbox 658 1827 689 1890; x_wconf 92' lang='lat' dir='ltr'>in</span> <span class='ocrx_word' id='word_1_171' title='bbox 719 1827 895 1908; x_wconf 90' lang='lat' dir='ltr'>inquirenda</span> <span class='ocrx_word' id='word_1_172' title='bbox 926 1849 998 1890; x_wconf 90' lang='lat' dir='ltr'>vera</span> <span class='ocrx_word' id='word_1_173' title='bbox 1034 1827 1211 1910; x_wconf 84' lang='lat' dir='ltr'>hypothesi,</span> <span class='ocrx_word' id='word_1_174' title='bbox 1244 1825 1374 1906; x_wconf 91' lang='lat' dir='ltr'>repetita</span> <span class='ocrx_word' id='word_1_175' title='bbox 1401 1845 1490 1902; x_wconf 90' lang='lat' dir='ltr'>cura,</span> <span class='ocrx_word' id='word_1_176' title='bbox 1522 1823 1668 1889; x_wconf 85' lang='lat' dir='ltr'>laboravi.</span> 
     </span>
     <span class='ocr_line' id='line_1_18' title="bbox 312 1914 1668 1999; baseline -0.001 -21"><span class='ocrx_word' id='word_1_177' title='bbox 312 1914 401 1979; x_wconf 84' lang='lat' dir='ltr'>Adeo</span> <span class='ocrx_word' id='word_1_178' title='bbox 435 1935 540 1996; x_wconf 90' lang='lat' dir='ltr'>parum</span> <span class='ocrx_word' id='word_1_179' title='bbox 569 1917 682 1992; x_wconf 87' lang='lat' dir='ltr'>abfuit,</span> <span class='ocrx_word' id='word_1_180' title='bbox 717 1918 786 1999; x_wconf 90' lang='lat' dir='ltr'>quin</span> <span class='ocrx_word' id='word_1_181' title='bbox 821 1917 871 1979; x_wconf 91' lang='lat' dir='ltr'>ille</span> <span class='ocrx_word' id='word_1_182' title='bbox 902 1938 949 1981; x_wconf 91' lang='lat' dir='ltr'>me</span> <span class='ocrx_word' id='word_1_183' title='bbox 972 1918 1002 1980; x_wconf 92' lang='lat' dir='ltr'>iu</span> <span class='ocrx_word' id='word_1_184' title='bbox 1025 1916 1275 1998; x_wconf 86' lang='lat' dir='ltr'>deprehendenda</span> <span class='ocrx_word' id='word_1_185' title='bbox 1298 1915 1427 1977; x_wconf 88' lang='lat' dir='ltr'>veritate</span> <span class='ocrx_word' id='word_1_186' title='bbox 1449 1921 1668 1996; x_wconf 87' lang='lat' dir='ltr'>praeverteret.</span> 
     </span>
     <span class='ocr_line' id='line_1_19' title="bbox 313 2003 1668 2087; baseline -0.006 -13"><span class='ocrx_word' id='word_1_187' title='bbox 313 2009 410 2078; x_wconf 80' lang='lat' dir='ltr'>(comp.</span> <span class='ocrx_word' id='word_1_188' title='bbox 442 2024 467 2074; x_wconf 79' lang='grc'>5·</span> <span class='ocrx_word' id='word_1_189' title='bbox 487 2009 543 2072; x_wconf 75' lang='grc'>951.</span> <span class='ocrx_word' id='word_1_190' title='bbox 592 2005 725 2087; x_wconf 86' lang='lat' dir='ltr'>Cumque</span> <span class='ocrx_word' id='word_1_191' title='bbox 757 2007 907 2086; x_wconf 88' lang='lat' dir='ltr'>perfectus</span> <span class='ocrx_word' id='word_1_192' title='bbox 931 2006 1061 2070; x_wconf 87' lang='lat' dir='ltr'>circulus</span> <span class='ocrx_word' id='word_1_193' title='bbox 1084 2006 1261 2069; x_wconf 88' lang='lat' dir='ltr'>tantundem</span> <span class='ocrx_word' id='word_1_194' title='bbox 1284 2013 1389 2085; x_wconf 91' lang='lat' dir='ltr'>peccet</span> <span class='ocrx_word' id='word_1_195' title='bbox 1417 2003 1447 2066; x_wconf 92' lang='lat' dir='ltr'>in</span> <span class='ocrx_word' id='word_1_196' title='bbox 1477 2003 1668 2080; x_wconf 87' lang='lat' dir='ltr'>contrarium,</span> 
     </span>
     <span class='ocr_line' id='line_1_20' title="bbox 312 2093 1408 2176; baseline -0.002 -19"><span class='ocrx_word' id='word_1_197' title='bbox 312 2093 383 2157; x_wconf 89' lang='lat' dir='ltr'>hinc</span> <span class='ocrx_word' id='word_1_198' title='bbox 407 2101 648 2174; x_wconf 86' lang='lat' dir='ltr'>argumentemur</span> <span class='ocrx_word' id='word_1_199' title='bbox 672 2104 774 2171; x_wconf 88' lang='lat' dir='ltr'>recte,</span> <span class='ocrx_word' id='word_1_200' title='bbox 798 2095 955 2160; x_wconf 84' lang='lat' dir='ltr'>veritatem</span> <span class='ocrx_word' id='word_1_201' title='bbox 980 2117 1047 2158; x_wconf 90' lang='lat' dir='ltr'>esse</span> <span class='ocrx_word' id='word_1_202' title='bbox 1071 2097 1101 2158; x_wconf 91' lang='lat' dir='ltr'>iu</span> <span class='ocrx_word' id='word_1_203' title='bbox 1124 2095 1277 2176; x_wconf 89' lang='lat' dir='ltr'>utriusque</span> <span class='ocrx_word' id='word_1_204' title='bbox 1300 2093 1408 2156; x_wconf 91' lang='lat' dir='ltr'>medio.</span> 
     </span>
    </p>

    <p class='ocr_par' dir='ltr' id='par_1_8' title="bbox 313 2180 1670 2798">
     <span class='ocr_line' id='line_1_21' title="bbox 403 2180 1670 2265; baseline -0.004 -17"><span class='ocrx_word' id='word_1_205' title='bbox 403 2184 505 2264; x_wconf 82' lang='lat' dir='ltr'>Atque</span> <span class='ocrx_word' id='word_1_206' title='bbox 547 2183 627 2246; x_wconf 91' lang='lat' dir='ltr'>idem</span> <span class='ocrx_word' id='word_1_207' title='bbox 659 2184 751 2246; x_wconf 90' lang='lat' dir='ltr'>etiam</span> <span class='ocrx_word' id='word_1_208' title='bbox 781 2185 929 2265; x_wconf 88' lang='lat' dir='ltr'>capitibus</span> <span class='ocrx_word' id='word_1_209' title='bbox 960 2185 1076 2248; x_wconf 88' lang='lat' dir='ltr'><strong>XLIX.</strong></span> <span class='ocrx_word' id='word_1_210' title='bbox 1109 2187 1145 2248; x_wconf 92' lang='lat' dir='ltr'>L.</span> <span class='ocrx_word' id='word_1_211' title='bbox 1177 2184 1370 2248; x_wconf 88' lang='lat' dir='ltr'>testabantur</span> <span class='ocrx_word' id='word_1_212' title='bbox 1401 2180 1598 2264; x_wconf 87' lang='lat' dir='ltr'>aequatioues</span> <span class='ocrx_word' id='word_1_213' title='bbox 1630 2199 1670 2244; x_wconf 85' lang='lat' dir='ltr'>ex</span> 
     </span>
     <span class='ocr_line' id='line_1_22' title="bbox 313 2269 1668 2356; baseline -0.001 -21"><span class='ocrx_word' id='word_1_214' title='bbox 313 2271 413 2335; x_wconf 87' lang='lat' dir='ltr'>causis</span> <span class='ocrx_word' id='word_1_215' title='bbox 445 2272 578 2355; x_wconf 81' lang='lat' dir='ltr'>physicis</span> <span class='ocrx_word' id='word_1_216' title='bbox 610 2281 817 2354; x_wconf 86' lang='lat' dir='ltr'>computatae;</span> <span class='ocrx_word' id='word_1_217' title='bbox 861 2275 992 2337; x_wconf 92' lang='lat' dir='ltr'>lunulam</span> <span class='ocrx_word' id='word_1_218' title='bbox 1024 2294 1146 2356; x_wconf 90' lang='lat' dir='ltr'>nempe,</span> <span class='ocrx_word' id='word_1_219' title='bbox 1176 2294 1252 2356; x_wconf 90' lang='lat' dir='ltr'>quae</span> <span class='ocrx_word' id='word_1_220' title='bbox 1279 2294 1299 2335; x_wconf 88' lang='lat' dir='ltr'>a</span> <span class='ocrx_word' id='word_1_221' title='bbox 1320 2272 1466 2354; x_wconf 84' lang='lat' dir='ltr'>perfecto·</span> <span class='ocrx_word' id='word_1_222' title='bbox 1479 2269 1668 2334; x_wconf 84' lang='lat' dir='ltr'>semicirculo</span> 
     </span>
     <span class='ocr_line' id='line_1_23' title="bbox 313 2360 1667 2443; baseline -0.001 -19"><span class='ocrx_word' id='word_1_223' title='bbox 313 2365 485 2434; x_wconf 85' lang='lat' dir='ltr'>resecatur,</span> <span class='ocrx_word' id='word_1_224' title='bbox 517 2361 625 2423; x_wconf 89' lang='lat' dir='ltr'>debere</span> <span class='ocrx_word' id='word_1_225' title='bbox 664 2362 773 2424; x_wconf 89' lang='lat' dir='ltr'>saltem</span> <span class='ocrx_word' id='word_1_226' title='bbox 803 2363 956 2425; x_wconf 89' lang='lat' dir='ltr'>dimidiam</span> <span class='ocrx_word' id='word_1_227' title='bbox 983 2363 1096 2426; x_wconf 89' lang='lat' dir='ltr'>habere</span> <span class='ocrx_word' id='word_1_228' title='bbox 1119 2364 1310 2426; x_wconf 88' lang='lat' dir='ltr'>latitudinem</span> <span class='ocrx_word' id='word_1_229' title='bbox 1331 2363 1415 2443; x_wconf 88' lang='lat' dir='ltr'>ejus,</span> <span class='ocrx_word' id='word_1_230' title='bbox 1445 2379 1543 2442; x_wconf 86' lang='grc' dir='ltr'>Ι55551</span> <span class='ocrx_word' id='word_1_231' title='bbox 1566 2360 1667 2442; x_wconf 87' lang='lat' dir='ltr'>opinio</span> 
     </span>
     <span class='ocr_line' id='line_1_24' title="bbox 313 2449 1667 2535; baseline 0 -23"><span class='ocrx_word' id='word_1_232' title='bbox 313 2468 379 2529; x_wconf 86' lang='lat' dir='ltr'>cap.</span> <span class='ocrx_word' id='word_1_233' title='bbox 402 2449 502 2512; x_wconf 87' lang='lat' dir='ltr'><strong>XLV.</strong></span> <span class='ocrx_word' id='word_1_234' title='bbox 526 2457 653 2512; x_wconf 83' lang='lat' dir='ltr'>resecat.</span> <span class='ocrx_word' id='word_1_235' title='bbox 699 2451 806 2531; x_wconf 90' lang='lat' dir='ltr'>Itaque</span> <span class='ocrx_word' id='word_1_236' title='bbox 829 2451 902 2513; x_wconf 92' lang='lat' dir='ltr'>nihil</span> <span class='ocrx_word' id='word_1_237' title='bbox 926 2472 981 2516; x_wconf 90' lang='grc'>555</span> <span class='ocrx_word' id='word_1_238' title='bbox 1004 2453 1142 2534; x_wconf 87' lang='lat' dir='ltr'>impedit,</span> <span class='ocrx_word' id='word_1_239' title='bbox 1167 2453 1238 2535; x_wconf 92' lang='lat' dir='ltr'>quin</span> <span class='ocrx_word' id='word_1_240' title='bbox 1260 2471 1324 2515; x_wconf 90' lang='lat' dir='ltr'>rem</span> <span class='ocrx_word' id='word_1_241' title='bbox 1347 2449 1515 2514; x_wconf 88' lang='lat' dir='ltr'>certissime</span> <span class='ocrx_word' id='word_1_242' title='bbox 1539 2449 1667 2512; x_wconf 87' lang='lat' dir='ltr'>demun-</span> 
     </span>
     <span class='ocr_line' id='line_1_25' title="bbox 314 2537 1668 2622; baseline 0 -22"><span class='ocrx_word' id='word_1_243' title='bbox 314 2545 443 2601; x_wconf 87' lang='lat' dir='ltr'>stratam</span> <span class='ocrx_word' id='word_1_244' title='bbox 466 2557 534 2600; x_wconf 89' lang='grc'>5555</span> <span class='ocrx_word' id='word_1_245' title='bbox 559 2538 710 2602; x_wconf 87' lang='lat' dir='ltr'>dicamus:</span> <span class='ocrx_word' id='word_1_246' title='bbox 736 2539 906 2621; x_wconf 90' lang='lat' dir='ltr'>opinionem</span> <span class='ocrx_word' id='word_1_247' title='bbox 925 2542 1042 2604; x_wconf 90' lang='lat' dir='ltr'>scilicet</span> <span class='ocrx_word' id='word_1_248' title='bbox 1070 2561 1136 2622; x_wconf 92' lang='lat' dir='ltr'>cap.</span> <span class='ocrx_word' id='word_1_249' title='bbox 1160 2542 1262 2616; x_wconf 92' lang='lat' dir='ltr'>XLV,</span> <span class='ocrx_word' id='word_1_250' title='bbox 1286 2542 1356 2604; x_wconf 90' lang='lat' dir='ltr'>dum</span> <span class='ocrx_word' id='word_1_251' title='bbox 1378 2539 1518 2603; x_wconf 86' lang='lat' dir='ltr'>excessui</span> <span class='ocrx_word' id='word_1_252' title='bbox 1539 2537 1668 2620; x_wconf 86' lang='lat' dir='ltr'>perfecti</span> 
     </span>
     <span class='ocr_line' id='line_1_26' title="bbox 313 2626 1668 2715; baseline 0.001 -27"><span class='ocrx_word' id='word_1_253' title='bbox 313 2626 416 2689; x_wconf 89' lang='lat' dir='ltr'>circuli</span> <span class='ocrx_word' id='word_1_254' title='bbox 440 2627 591 2705; x_wconf 90' lang='lat' dir='ltr'>medetur,</span> <span class='ocrx_word' id='word_1_255' title='bbox 621 2628 652 2690; x_wconf 93' lang='lat' dir='ltr'>iu</span> <span class='ocrx_word' id='word_1_256' title='bbox 676 2629 857 2692; x_wconf 87' lang='lat' dir='ltr'>contrarium</span> <span class='ocrx_word' id='word_1_257' title='bbox 879 2631 1030 2695; x_wconf 87' lang='lat' dir='ltr'>delectum</span> <span class='ocrx_word' id='word_1_258' title='bbox 1052 2632 1193 2694; x_wconf 89' lang='lat' dir='ltr'>incidere.</span> <span class='ocrx_word' id='word_1_259' title='bbox 1244 2632 1349 2715; x_wconf 90' lang='lat' dir='ltr'>ltaque</span> <span class='ocrx_word' id='word_1_260' title='bbox 1387 2649 1496 2694; x_wconf 88' lang='lat' dir='ltr'>causae</span> <span class='ocrx_word' id='word_1_261' title='bbox 1524 2627 1668 2712; x_wconf 84' lang='lat' dir='ltr'>physicae</span> 
     </span>
     <span class='ocr_line' id='line_1_27' title="bbox 313 2715 1376 2798; baseline 0 -18"><span class='ocrx_word' id='word_1_262' title='bbox 313 2735 379 2798; x_wconf 87' lang='lat' dir='ltr'>cap.</span> <span class='ocrx_word' id='word_1_263' title='bbox 406 2715 505 2780; x_wconf 83' lang='lat' dir='ltr'>XLV.</span> <span class='ocrx_word' id='word_1_264' title='bbox 528 2715 559 2778; x_wconf 91' lang='lat' dir='ltr'>in</span> <span class='ocrx_word' id='word_1_265' title='bbox 582 2717 679 2781; x_wconf 86' lang='lat' dir='ltr'>fumos</span> <span class='ocrx_word' id='word_1_266' title='bbox 701 2717 823 2782; x_wconf 92' lang='lat' dir='ltr'>abeunt.</span> <span class='ocrx_word' id='word_1_267' title='bbox 1372 2749 1376 2763; x_wconf 82' lang='lat'><em>=</em></span> 
     </span>
    </p>
   </div>
   <div class='ocr_carea' id='block_1_8' title="bbox 895 2949 1076 2962">
    <p class='ocr_par' dir='ltr' id='par_1_9' title="bbox 895 2949 1076 2962">
     <span class='ocr_line' id='line_1_28' title="bbox 895 2949 1076 2962; baseline 0.006 -3"><span class='ocrx_word' id='word_1_268' title='bbox 895 2949 1076 2962; x_wconf 73' lang='grc' dir='ltr'>ιι--ι-ι-</span> 
     </span>
    </p>
   </div>
   <div class='ocr_carea' id='block_1_9' title="bbox 864 3127 1112 3229">
    <p class='ocr_par' dir='ltr' id='par_1_10' title="bbox 864 3127 1112 3229">
     <span class='ocr_line' id='line_1_29' title="bbox 864 3127 1112 3229; baseline -0.008 -23"><span class='ocrx_word' id='word_1_269' title='bbox 864 3129 983 3229; x_wconf 87' lang='lat' dir='ltr'>Caput</span> <span class='ocrx_word' id='word_1_270' title='bbox 1018 3127 1112 3204; x_wconf 92' lang='lat' dir='ltr'>LVI.</span> 
     </span>
    </p>
   </div>
   <div class='ocr_carea' id='block_1_10' title="bbox 315 3275 1665 3463">
    <p class='ocr_par' dir='ltr' id='par_1_11' title="bbox 315 3275 1665 3463">
     <span class='ocr_line' id='line_1_30' title="bbox 315 3275 1665 3373; baseline -0.001 -19"><span class='ocrx_word' id='word_1_271' title='bbox 315 3290 558 3354; x_wconf 78' lang='lat' dir='ltr'>Deorwnetratio</span> <span class='ocrx_word' id='word_1_272' title='bbox 586 3275 627 3354; x_wconf 80' lang='lat' dir='ltr'>ea</span> <span class='ocrx_word' id='word_1_273' title='bbox 650 3290 916 3368; x_wconf 70' lang='lat' dir='ltr'>obsanctions&#39;bqe</span> <span class='ocrx_word' id='word_1_274' title='bbox 947 3299 1020 3355; x_wconf 79' lang='lat' dir='ltr'>aute</span> <span class='ocrx_word' id='word_1_275' title='bbox 1048 3291 1176 3373; x_wconf 82' lang='lat' dir='ltr'>positis,</span> <span class='ocrx_word' id='word_1_276' title='bbox 1209 3288 1380 3352; x_wconf 75' lang='grc'>5151515155</span> <span class='ocrx_word' id='word_1_277' title='bbox 1402 3285 1522 3352; x_wconf 79' lang='grc'>11151115</span> <span class='ocrx_word' id='word_1_278' title='bbox 1543 3307 1566 3352; x_wconf 85' lang='lat' dir='ltr'>c</span> <span class='ocrx_word' id='word_1_279' title='bbox 1589 3287 1665 3353; x_wconf 76' lang='grc'>8515</span> 
     </span>
     <span class='ocr_line' id='line_1_31' title="bbox 580 3374 1399 3463; baseline -0.004 -22"><span class='ocrx_word' id='word_1_280' title='bbox 580 3379 792 3445; x_wconf 81' lang='lat' dir='ltr'>desumendaa</span> <span class='ocrx_word' id='word_1_281' title='bbox 814 3401 880 3443; x_wconf 85' lang='lat' dir='ltr'>ease</span> <span class='ocrx_word' id='word_1_282' title='bbox 902 3382 996 3463; x_wconf 81' lang='lat' dir='ltr'>quusi</span> <span class='ocrx_word' id='word_1_283' title='bbox 1019 3401 1059 3445; x_wconf 76' lang='grc'>515</span> <span class='ocrx_word' id='word_1_284' title='bbox 1081 3379 1233 3444; x_wconf 72' lang='lat' dir='ltr'>dtamen-o</span> <span class='ocrx_word' id='word_1_285' title='bbox 1257 3374 1399 3462; x_wconf 78' lang='lat' dir='ltr'>epicycle&#39;.</span> 
     </span>
    </p>
   </div>
   <div class='ocr_carea' id='block_1_11' title="bbox 312 3517 1734 4943">
    <p class='ocr_par' dir='ltr' id='par_1_12' title="bbox 312 3517 1734 4210">
     <span class='ocr_line' id='line_1_32' title="bbox 399 3517 1665 3604; baseline 0.001 -21"><span class='ocrx_word' id='word_1_286' title='bbox 399 3521 527 3583; x_wconf 84' lang='lat' dir='ltr'>Iuventa</span> <span class='ocrx_word' id='word_1_287' title='bbox 559 3526 608 3580; x_wconf 89' lang='grc'>551</span> <span class='ocrx_word' id='word_1_288' title='bbox 640 3539 730 3601; x_wconf 87' lang='lat' dir='ltr'>supra</span> <span class='ocrx_word' id='word_1_289' title='bbox 762 3541 827 3604; x_wconf 87' lang='lat' dir='ltr'>cap.</span> <span class='ocrx_word' id='word_1_290' title='bbox 850 3521 967 3585; x_wconf 91' lang='lat' dir='ltr'>XLVI.</span> <span class='ocrx_word' id='word_1_291' title='bbox 992 3522 1118 3585; x_wconf 90' lang='lat' dir='ltr'>latitudo</span> <span class='ocrx_word' id='word_1_292' title='bbox 1142 3521 1279 3596; x_wconf 90' lang='lat' dir='ltr'>lunulae,</span> <span class='ocrx_word' id='word_1_293' title='bbox 1318 3539 1407 3603; x_wconf 85' lang='lat' dir='ltr'>quarn</span> <span class='ocrx_word' id='word_1_294' title='bbox 1436 3517 1554 3601; x_wconf 88' lang='lat' dir='ltr'>peperit</span> <span class='ocrx_word' id='word_1_295' title='bbox 1576 3517 1665 3584; x_wconf 84' lang='lat' dir='ltr'>nobie</span> 
     </span>
     <span class='ocr_line' id='line_1_33' title="bbox 314 3607 1665 3693; baseline 0 -21"><span class='ocrx_word' id='word_1_296' title='bbox 314 3607 414 3690; x_wconf 89' lang='lat' dir='ltr'>opinio</span> <span class='ocrx_word' id='word_1_297' title='bbox 452 3627 518 3689; x_wconf 92' lang='lat' dir='ltr'>cap.</span> <span class='ocrx_word' id='word_1_298' title='bbox 552 3607 659 3686; x_wconf 89' lang='lat' dir='ltr'>XLV,</span> <span class='ocrx_word' id='word_1_299' title='bbox 696 3611 854 3693; x_wconf 89' lang='lat' dir='ltr'>docuitque</span> <span class='ocrx_word' id='word_1_300' title='bbox 890 3613 1086 3674; x_wconf 89' lang='lat' dir='ltr'>resecandam</span> <span class='ocrx_word' id='word_1_301' title='bbox 1123 3609 1371 3684; x_wconf 89' lang='lat' dir='ltr'>asemicirculo;</span> <span class='ocrx_word' id='word_1_302' title='bbox 1408 3607 1500 3685; x_wconf 87' lang='lat' dir='ltr'>haec,</span> <span class='ocrx_word' id='word_1_303' title='bbox 1533 3609 1665 3689; x_wconf 88' lang='lat' dir='ltr'>iuquam,</span> 
     </span>
     <span class='ocr_line' id='line_1_34' title="bbox 312 3694 1664 3782; baseline -0.003 -18"><span class='ocrx_word' id='word_1_304' title='bbox 312 3701 435 3764; x_wconf 86' lang='grc'>1515515</span> <span class='ocrx_word' id='word_1_305' title='bbox 471 3705 519 3760; x_wconf 87' lang='grc'>551</span> <span class='ocrx_word' id='word_1_306' title='bbox 554 3697 685 3777; x_wconf 89' lang='lat' dir='ltr'>partium</span> <span class='ocrx_word' id='word_1_307' title='bbox 722 3696 804 3775; x_wconf 83' lang='lat'>858,</span> <span class='ocrx_word' id='word_1_308' title='bbox 866 3703 997 3782; x_wconf 85' lang='lat' dir='ltr'>qualium</span> <span class='ocrx_word' id='word_1_309' title='bbox 1034 3699 1137 3762; x_wconf 90' lang='lat' dir='ltr'>circuli</span> <span class='ocrx_word' id='word_1_310' title='bbox 1173 3698 1393 3762; x_wconf 84' lang='lat' dir='ltr'>semidiameter</span> <span class='ocrx_word' id='word_1_311' title='bbox 1434 3705 1483 3760; x_wconf 90' lang='lat' dir='ltr'>est</span> <span class='ocrx_word' id='word_1_312' title='bbox 1525 3694 1664 3762; x_wconf 93' lang='grc'>100000.</span> 
     </span>
     <span class='ocr_line' id='line_1_35' title="bbox 313 3784 1666 3871; baseline -0.002 -17"><span class='ocrx_word' id='word_1_313' title='bbox 313 3784 389 3854; x_wconf 80' lang='lat' dir='ltr'>Cum</span> <span class='ocrx_word' id='word_1_314' title='bbox 411 3785 503 3868; x_wconf 79' lang='lat' dir='ltr'>igitur</span> <span class='ocrx_word' id='word_1_315' title='bbox 527 3787 642 3850; x_wconf 88' lang='lat' dir='ltr'>duobus</span> <span class='ocrx_word' id='word_1_316' title='bbox 666 3789 860 3867; x_wconf 86' lang='lat' dir='ltr'>argumentis,</span> <span class='ocrx_word' id='word_1_317' title='bbox 885 3809 960 3871; x_wconf 93' lang='lat' dir='ltr'>quae</span> <span class='ocrx_word' id='word_1_318' title='bbox 983 3809 1049 3868; x_wconf 88' lang='lat' dir='ltr'>cap.</span> <span class='ocrx_word' id='word_1_319' title='bbox 1073 3789 1189 3853; x_wconf 87' lang='lat' dir='ltr'>XLIX.</span> <span class='ocrx_word' id='word_1_320' title='bbox 1214 3788 1251 3852; x_wconf 93' lang='lat' dir='ltr'>L.</span> <span class='ocrx_word' id='word_1_321' title='bbox 1276 3796 1308 3851; x_wconf 89' lang='lat' dir='ltr'>et</span> <span class='ocrx_word' id='word_1_322' title='bbox 1329 3788 1397 3852; x_wconf 92' lang='lat' dir='ltr'>LV.</span> <span class='ocrx_word' id='word_1_323' title='bbox 1422 3786 1582 3869; x_wconf 88' lang='lat' dir='ltr'>praemisi,</span> <span class='ocrx_word' id='word_1_324' title='bbox 1605 3806 1666 3851; x_wconf 92' lang='lat' dir='ltr'>uon</span> 
     </span>
     <span class='ocr_line' id='line_1_36' title="bbox 313 3876 1664 3958; baseline 0 -18"><span class='ocrx_word' id='word_1_325' title='bbox 313 3877 439 3941; x_wconf 90' lang='lat' dir='ltr'>obscura</span> <span class='ocrx_word' id='word_1_326' title='bbox 462 3876 650 3958; x_wconf 90' lang='lat' dir='ltr'>colligerem,</span> <span class='ocrx_word' id='word_1_327' title='bbox 674 3877 793 3940; x_wconf 91' lang='lat' dir='ltr'>lunulae</span> <span class='ocrx_word' id='word_1_328' title='bbox 816 3878 898 3942; x_wconf 91' lang='lat' dir='ltr'>illius</span> <span class='ocrx_word' id='word_1_329' title='bbox 921 3879 1112 3942; x_wconf 88' lang='lat' dir='ltr'>latitudinem</span> <span class='ocrx_word' id='word_1_330' title='bbox 1135 3878 1426 3942; x_wconf 65' lang='lat' dir='ltr'>dimidiam&#39;tantum</span> <span class='ocrx_word' id='word_1_331' title='bbox 1441 3877 1664 3952; x_wconf 82' lang='lat' dir='ltr'>assumendam,</span> 
     </span>
     <span class='ocr_line' id='line_1_37' title="bbox 313 3961 1734 4050; baseline 0.001 -19"><span class='ocrx_word' id='word_1_332' title='bbox 313 3961 527 4043; x_wconf 79' lang='grc'>55111551429,</span> <span class='ocrx_word' id='word_1_333' title='bbox 552 3965 715 4028; x_wconf 89' lang='lat' dir='ltr'>correctius</span> <span class='ocrx_word' id='word_1_334' title='bbox 738 3961 812 4042; x_wconf 86' lang='grc'>432,</span> <span class='ocrx_word' id='word_1_335' title='bbox 838 3969 921 4031; x_wconf 90' lang='lat' dir='ltr'>etin</span> <span class='ocrx_word' id='word_1_336' title='bbox 944 3968 1138 4044; x_wconf 84' lang='lat' dir='ltr'>dimensione,</span> <span class='ocrx_word' id='word_1_337' title='bbox 1162 3967 1293 4050; x_wconf 88' lang='lat' dir='ltr'>qualium</span> <span class='ocrx_word' id='word_1_338' title='bbox 1317 3966 1540 4030; x_wconf 85' lang='lat' dir='ltr'>semidiameter</span> <span class='ocrx_word' id='word_1_339' title='bbox 1553 3965 1664 4030; x_wconf 86' lang='lat' dir='ltr'>Martis</span> <span class='ocrx_word' id='word_1_340' title='bbox 1730 4019 1734 4032; x_wconf 95' lang='lat'>.</span> 
     </span>
     <span class='ocr_line' id='line_1_38' title="bbox 313 4050 1663 4138; baseline -0.001 -19"><span class='ocrx_word' id='word_1_341' title='bbox 313 4051 533 4131; x_wconf 88' lang='grc'>551152350,</span> <span class='ocrx_word' id='word_1_342' title='bbox 568 4055 631 4117; x_wconf 88' lang='grc'>1515</span> <span class='ocrx_word' id='word_1_343' title='bbox 655 4050 734 4118; x_wconf 83' lang='lat'><strong>660:</strong></span> <span class='ocrx_word' id='word_1_344' title='bbox 768 4058 853 4137; x_wconf 90' lang='lat' dir='ltr'>coepi</span> <span class='ocrx_word' id='word_1_345' title='bbox 886 4058 923 4119; x_wconf 90' lang='lat' dir='ltr'>de</span> <span class='ocrx_word' id='word_1_346' title='bbox 956 4059 1055 4123; x_wconf 86' lang='grc'>555515</span> <span class='ocrx_word' id='word_1_347' title='bbox 1076 4063 1110 4120; x_wconf 84' lang='lat' dir='ltr'>et</span> <span class='ocrx_word' id='word_1_348' title='bbox 1132 4055 1222 4120; x_wconf 90' lang='lat' dir='ltr'>modo</span> <span class='ocrx_word' id='word_1_349' title='bbox 1246 4057 1397 4136; x_wconf 89' lang='lat' dir='ltr'>cogitare,</span> <span class='ocrx_word' id='word_1_350' title='bbox 1430 4055 1536 4138; x_wconf 91' lang='lat' dir='ltr'>quibus</span> <span class='ocrx_word' id='word_1_351' title='bbox 1559 4062 1663 4118; x_wconf 85' lang='lat' dir='ltr'>tautae</span> 
     </span>
     <span class='ocr_line' id='line_1_39' title="bbox 313 4144 861 4210; baseline 0.004 -2"><span class='ocrx_word' id='word_1_352' title='bbox 313 4144 483 4208; x_wconf 90' lang='lat' dir='ltr'>latitudiuis</span> <span class='ocrx_word' id='word_1_353' title='bbox 507 4144 610 4207; x_wconf 92' lang='lat' dir='ltr'>lunula</span> <span class='ocrx_word' id='word_1_354' title='bbox 631 4144 861 4210; x_wconf 89' lang='lat' dir='ltr'>rescinderetur.</span> 
     </span>
    </p>

    <p class='ocr_par' dir='ltr' id='par_1_13' title="bbox 313 4232 1662 4943">
     <span class='ocr_line' id='line_1_40' title="bbox 401 4232 1662 4316; baseline -0.002 -20"><span class='ocrx_word' id='word_1_355' title='bbox 401 4232 470 4306; x_wconf 83' lang='lat' dir='ltr'>Qua</span> <span class='ocrx_word' id='word_1_356' title='bbox 498 4233 529 4296; x_wconf 96' lang='lat' dir='ltr'>iu</span> <span class='ocrx_word' id='word_1_357' title='bbox 559 4233 742 4314; x_wconf 87' lang='lat' dir='ltr'>cogitatione</span> <span class='ocrx_word' id='word_1_358' title='bbox 773 4237 842 4298; x_wconf 91' lang='lat' dir='ltr'>dum</span> <span class='ocrx_word' id='word_1_359' title='bbox 873 4252 978 4298; x_wconf 87' lang='lat' dir='ltr'>versor</span> <span class='ocrx_word' id='word_1_360' title='bbox 999 4234 1103 4310; x_wconf 80' lang='lat' dir='ltr'>auxie,</span> <span class='ocrx_word' id='word_1_361' title='bbox 1137 4235 1207 4298; x_wconf 92' lang='lat' dir='ltr'>dum</span> <span class='ocrx_word' id='word_1_362' title='bbox 1229 4241 1335 4314; x_wconf 87' lang='lat' dir='ltr'>reputo</span> <span class='ocrx_word' id='word_1_363' title='bbox 1357 4251 1423 4316; x_wconf 81' lang='lat' dir='ltr'>usp.</span> <span class='ocrx_word' id='word_1_364' title='bbox 1446 4232 1548 4298; x_wconf 90' lang='lat' dir='ltr'>XLV.</span> <span class='ocrx_word' id='word_1_365' title='bbox 1572 4233 1662 4314; x_wconf 88' lang='lat' dir='ltr'>plane</span> 
     </span>
     <span class='ocr_line' id='line_1_41' title="bbox 313 4323 1661 4405; baseline -0.002 -18"><span class='ocrx_word' id='word_1_366' title='bbox 313 4323 387 4387; x_wconf 93' lang='lat' dir='ltr'>nihil</span> <span class='ocrx_word' id='word_1_367' title='bbox 417 4323 530 4386; x_wconf 86' lang='lat' dir='ltr'>dictum</span> <span class='ocrx_word' id='word_1_368' title='bbox 558 4341 642 4400; x_wconf 89' lang='grc'>5555,</span> <span class='ocrx_word' id='word_1_369' title='bbox 675 4323 774 4405; x_wconf 86' lang='grc'>115555</span> <span class='ocrx_word' id='word_1_370' title='bbox 797 4325 913 4388; x_wconf 86' lang='lat' dir='ltr'>futilem</span> <span class='ocrx_word' id='word_1_371' title='bbox 935 4323 1029 4388; x_wconf 90' lang='grc'>151555</span> <span class='ocrx_word' id='word_1_372' title='bbox 1052 4344 1150 4389; x_wconf 90' lang='grc'>5155111</span> <span class='ocrx_word' id='word_1_373' title='bbox 1172 4325 1209 4386; x_wconf 92' lang='lat' dir='ltr'>de</span> <span class='ocrx_word' id='word_1_374' title='bbox 1233 4325 1332 4386; x_wconf 88' lang='lat' dir='ltr'>Marte</span> <span class='ocrx_word' id='word_1_375' title='bbox 1355 4323 1553 4405; x_wconf 91' lang='lat' dir='ltr'>triumphum,</span> <span class='ocrx_word' id='word_1_376' title='bbox 1583 4323 1661 4385; x_wconf 87' lang='grc'>15115</span> 
     </span>
     <span class='ocr_line' id='line_1_42' title="bbox 313 4410 1661 4495; baseline -0.002 -18"><span class='ocrx_word' id='word_1_377' title='bbox 313 4412 437 4477; x_wconf 90' lang='grc'>15115115</span> <span class='ocrx_word' id='word_1_378' title='bbox 469 4411 568 4475; x_wconf 91' lang='lat' dir='ltr'>incido</span> <span class='ocrx_word' id='word_1_379' title='bbox 601 4413 631 4475; x_wconf 91' lang='lat' dir='ltr'>iu</span> <span class='ocrx_word' id='word_1_380' title='bbox 658 4421 812 4476; x_wconf 85' lang='lat' dir='ltr'>secantem</span> <span class='ocrx_word' id='word_1_381' title='bbox 841 4414 942 4495; x_wconf 86' lang='lat' dir='ltr'>anguli</span> <span class='ocrx_word' id='word_1_382' title='bbox 972 4411 1010 4479; x_wconf 87' lang='lat'>5⁰</span> <span class='ocrx_word' id='word_1_383' title='bbox 1042 4410 1110 4491; x_wconf 82' lang='lat'>18¹,</span> <span class='ocrx_word' id='word_1_384' title='bbox 1139 4431 1215 4494; x_wconf 82' lang='grc'>5555</span> <span class='ocrx_word' id='word_1_385' title='bbox 1239 4421 1288 4476; x_wconf 89' lang='grc'>551</span> <span class='ocrx_word' id='word_1_386' title='bbox 1310 4431 1450 4476; x_wconf 88' lang='grc'>51555515</span> <span class='ocrx_word' id='word_1_387' title='bbox 1473 4410 1661 4493; x_wconf 87' lang='lat' dir='ltr'>aequatiouis</span> 
     </span>
     <span class='ocr_line' id='line_1_43' title="bbox 315 4493 1661 4586; baseline -0.001 -20"><span class='ocrx_word' id='word_1_388' title='bbox 315 4503 431 4584; x_wconf 89' lang='lat' dir='ltr'>opticae</span> <span class='ocrx_word' id='word_1_389' title='bbox 455 4503 612 4565; x_wconf 86' lang='lat' dir='ltr'>maximae.</span> <span class='ocrx_word' id='word_1_390' title='bbox 660 4502 756 4574; x_wconf 89' lang='lat' dir='ltr'>Quem</span> <span class='ocrx_word' id='word_1_391' title='bbox 779 4521 854 4586; x_wconf 89' lang='lat' dir='ltr'>cum</span> <span class='ocrx_word' id='word_1_392' title='bbox 867 4493 1008 4571; x_wconf 74' lang='lat' dir='ltr'>viderem</span> <span class='ocrx_word' id='word_1_393' title='bbox 1021 4523 1090 4566; x_wconf 88' lang='lat' dir='ltr'>esse</span> <span class='ocrx_word' id='word_1_394' title='bbox 1117 4497 1256 4578; x_wconf 86' lang='grc'>100429,</span> <span class='ocrx_word' id='word_1_395' title='bbox 1279 4501 1328 4564; x_wconf 90' lang='lat' dir='ltr'>hic</span> <span class='ocrx_word' id='word_1_396' title='bbox 1351 4503 1661 4584; x_wconf 86' lang='grc'>555515555155511-</span> 
     </span>
     <span class='ocr_line' id='line_1_44' title="bbox 314 4589 1661 4675; baseline -0.001 -23"><span class='ocrx_word' id='word_1_397' title='bbox 314 4592 515 4675; x_wconf 79' lang='lat' dir='ltr'>pergefactus,</span> <span class='ocrx_word' id='word_1_398' title='bbox 538 4599 700 4655; x_wconf 80' lang='grc'>51551551</span> <span class='ocrx_word' id='word_1_399' title='bbox 723 4593 820 4654; x_wconf 89' lang='lat' dir='ltr'>lucem</span> <span class='ocrx_word' id='word_1_400' title='bbox 843 4593 976 4669; x_wconf 90' lang='lat' dir='ltr'>intuitus,</span> <span class='ocrx_word' id='word_1_401' title='bbox 1001 4595 1045 4657; x_wconf 87' lang='lat' dir='ltr'>sic</span> <span class='ocrx_word' id='word_1_402' title='bbox 1068 4593 1153 4673; x_wconf 91' lang='lat' dir='ltr'>coepi</span> <span class='ocrx_word' id='word_1_403' title='bbox 1176 4591 1359 4656; x_wconf 88' lang='lat' dir='ltr'>ratiocinari.</span> <span class='ocrx_word' id='word_1_404' title='bbox 1406 4592 1441 4653; x_wconf 94' lang='lat' dir='ltr'>Iu</span> <span class='ocrx_word' id='word_1_405' title='bbox 1463 4589 1661 4671; x_wconf 89' lang='lat' dir='ltr'>longitudini-</span> 
     </span>
     <span class='ocr_line' id='line_1_45' title="bbox 313 4675 1660 4764; baseline 0 -22"><span class='ocrx_word' id='word_1_406' title='bbox 313 4675 370 4742; x_wconf 88' lang='lat' dir='ltr'>bus</span> <span class='ocrx_word' id='word_1_407' title='bbox 391 4679 498 4743; x_wconf 88' lang='lat' dir='ltr'>mediis</span> <span class='ocrx_word' id='word_1_408' title='bbox 532 4681 719 4764; x_wconf 90' lang='lat' dir='ltr'>aequatiouis</span> <span class='ocrx_word' id='word_1_409' title='bbox 748 4700 820 4761; x_wconf 91' lang='lat' dir='ltr'>pars</span> <span class='ocrx_word' id='word_1_410' title='bbox 848 4682 949 4763; x_wconf 91' lang='lat' dir='ltr'>optica</span> <span class='ocrx_word' id='word_1_411' title='bbox 976 4683 1010 4744; x_wconf 85' lang='grc'>111</span> <span class='ocrx_word' id='word_1_412' title='bbox 1037 4684 1178 4745; x_wconf 72' lang='lat' dir='ltr'>manlius.</span> <span class='ocrx_word' id='word_1_413' title='bbox 1224 4682 1259 4743; x_wconf 94' lang='lat' dir='ltr'>Iu</span> <span class='ocrx_word' id='word_1_414' title='bbox 1274 4679 1525 4760; x_wconf 70' lang='lat' dir='ltr'>‘longitudinibus</span> <span class='ocrx_word' id='word_1_415' title='bbox 1552 4679 1660 4742; x_wconf 83' lang='grc'>51511115</span> 
     </span>
     <span class='ocr_line' id='line_1_46' title="bbox 314 4769 1659 4852; baseline -0.001 -21"><span class='ocrx_word' id='word_1_416' title='bbox 314 4769 416 4832; x_wconf 88' lang='lat' dir='ltr'>lunula</span> <span class='ocrx_word' id='word_1_417' title='bbox 439 4789 493 4832; x_wconf 88' lang='grc'>555</span> <span class='ocrx_word' id='word_1_418' title='bbox 515 4771 642 4834; x_wconf 85' lang='grc'>55115115</span> <span class='ocrx_word' id='word_1_419' title='bbox 664 4770 874 4834; x_wconf 89' lang='lat' dir='ltr'>distantiarum</span> <span class='ocrx_word' id='word_1_420' title='bbox 897 4779 945 4833; x_wconf 92' lang='grc'>551</span> <span class='ocrx_word' id='word_1_421' title='bbox 966 4771 1113 4846; x_wconf 82' lang='grc'>11511155,</span> <span class='ocrx_word' id='word_1_422' title='bbox 1138 4777 1243 4852; x_wconf 84' lang='grc'>551555</span> <span class='ocrx_word' id='word_1_423' title='bbox 1264 4775 1360 4844; x_wconf 83' lang='grc'>15515,</span> <span class='ocrx_word' id='word_1_424' title='bbox 1385 4777 1514 4850; x_wconf 89' lang='grc'>5555155</span> <span class='ocrx_word' id='word_1_425' title='bbox 1537 4777 1586 4832; x_wconf 86' lang='grc'>551</span> <span class='ocrx_word' id='word_1_426' title='bbox 1602 4787 1659 4831; x_wconf 87' lang='lat' dir='ltr'>ex-</span> 
     </span>
     <span class='ocr_line' id='line_1_47' title="bbox 315 4847 1658 4943; baseline 0 -21"><span class='ocrx_word' id='word_1_427' title='bbox 315 4875 420 4926; x_wconf 77' lang='lat' dir='ltr'>cessua</span> <span class='ocrx_word' id='word_1_428' title='bbox 442 4860 575 4933; x_wconf 80' lang='grc'>15555115</span> <span class='ocrx_word' id='word_1_429' title='bbox 597 4847 785 4943; x_wconf 73' lang='lat' dir='ltr'>aequaberis</span> <span class='ocrx_word' id='word_1_430' title='bbox 809 4860 926 4942; x_wconf 86' lang='lat' dir='ltr'>opticae</span> <span class='ocrx_word' id='word_1_431' title='bbox 948 4861 1096 4924; x_wconf 88' lang='lat' dir='ltr'>maximae</span> <span class='ocrx_word' id='word_1_432' title='bbox 1126 4855 1252 4926; x_wconf 79' lang='grc'>100429</span> <span class='ocrx_word' id='word_1_433' title='bbox 1274 4875 1366 4942; x_wconf 88' lang='lat' dir='ltr'>supra</span> <span class='ocrx_word' id='word_1_434' title='bbox 1386 4857 1503 4926; x_wconf 87' lang='lat' dir='ltr'>radium</span> <span class='ocrx_word' id='word_1_435' title='bbox 1519 4854 1658 4924; x_wconf 93' lang='grc'>100000.</span> 
     </span>
    </p>
   </div>
   <div class='ocr_carea' id='block_1_12' title="bbox 0 0 1844 5532">
    <p class='ocr_par' dir='ltr' id='par_1_14' title="bbox 0 0 1844 5532">
     <span class='ocr_line' id='line_1_48' title="bbox 0 0 1844 5532; baseline 0 1"><span class='ocrx_word' id='word_1_436' title='bbox 0 0 1844 5532; x_wconf 95' lang='lat' dir='ltr'> </span> 
     </span>
    </p>
   </div>
  </div>
 </body>
</html>
