3640 5538
898 271 1061 360 memus.

308 469 429 553 punctis
443 469 488 545 M,
505 469 668 552 Ptotoque
691 469 802 534 circulo
824 488 879 552 per
901 470 956 533 illa
976 471 1114 534 traducto
1129 467 1184 532 Sol
1199 467 1304 532 ultimo
1324 475 1407 534 totus
1422 469 1515 536 videri
1535 477 1645 556 potest.

308 560 425 624 Exinde
458 558 536 621 euim
561 579 618 640 quo
641 559 739 641 magis
761 559 944 640 ingredimur
967 560 1005 620 ad
1027 559 1182 634 interiora,
1211 559 1270 621 hoc
1292 560 1360 639 plns
1384 563 1420 624 de
1444 561 1514 626 Sole
1539 564 1650 645 tegitur

309 670 329 711 a
350 649 455 724 Luna,
489 649 588 730 quoad
619 657 740 712 ventum
763 649 855 712 fuerit
877 650 916 712 ad
939 649 1080 711 circulum
1102 667 1156 731 per
1178 647 1222 725 N,
1253 646 1416 730 Opuuota
1439 653 1573 730 ductum,
1602 653 1651 716 ubi

310 747 393 802 totos
417 737 471 801 Sol
495 739 558 818 tegi
581 738 694 822 incipit.
1578 770 1582 777 ·

398 827 584 891 Definitio
607 829 664 891 111.
711 825 850 890 Discus
875 828 1014 889 Terrae
1038 834 1085 888 est
1107 826 1235 890 circulus
1258 845 1350 908 prope
1372 829 1517 892 maximus
1541 829 1653 893 illumi-

310 917 440 980 nationis
464 916 604 992 Telluris,
628 935 716 979 axem
738 913 867 979 umbrae*
875 917 986 978 Terrae
1009 915 1298 997 perpendiculariter
1313 936 1418 981 secans
1436 937 1528 1000 prope
1543 920 1653 982 Terrae

310 1015 453 1069 centrum.
488 1005 600 1069 Discus
624 1006 743 1078 dicitnr,
765 1005 836 1087 qnia
857 1004 995 1084 fingimus
1020 1003 1205 1086 superficiem
1219 1005 1348 1068 Telluris
1371 1007 1569 1070 illuminatam
1583 1028 1655 1090 pro·

199 1111 203 1122 ·
306 1097 420 1178 jectam
444 1113 511 1158 esse
534 1095 565 1157 in
587 1096 711 1176 planum
733 1094 821 1175 hujus
846 1093 958 1157 circuli.

827 1253 1031 1317 Theorema
1057 1253 1143 1318 VIIl.

312 1361 482 1442 Angulus
510 1359 725 1442 apparentis
754 1379 797 1422 ex
825 1369 958 1423 centro
986 1361 1119 1423 Terrae
1150 1360 1419 1434 semidiametri
1446 1361 1596 1426 luminis
1623 1361 1656 1424 iu

312 1452 396 1517 loc‘o
424 1450 610 1513 transitus
633 1449 757 1513 Lunae
780 1456 840 1512 est
861 1449 1033 1532 aequalis
1061 1449 1248 1530 parallaxi
1276 1450 1398 1513 Lunae
1431 1451 1658 1514 lrorizontali

568 1547 605 1600 et
627 1539 899 1602 semimucroni
922 1537 1067 1600 umbrae
1090 1540 1233 1602 Terrae
1251 1538 1407 1618 junctis.

256 1707 260 1716 Ι
400 1627 436 1692 In
465 1627 618 1691 schemate
647 1625 677 1690 2.
703 1629 745 1691 eit
774 1629 858 1691 locus
881 1627 1029 1690 transitus
1052 1628 1157 1691 Lunae
1180 1647 1235 1709 per
1258 1629 1356 1691 lumen
1378 1630 1467 1706 HIT,
1498 1629 1543 1691 HI
1566 1627 1660 1692 semi-

314 1718 461 1782 diameter
499 1717 628 1780 luminis.
692 1718 829 1782 Ducatur
855 1718 927 1793 ΗΒ,
959 1717 1017 1779 erit
1043 1717 1117 1780 IBH
1143 1717 1270 1800 angulus
1297 1716 1327 1779 in
1355 1725 1457 1780 centro
1486 1719 1599 1782 Terrae
1622 1719 1659 1780 B.

314 1808 411 1888 Igitur
433 1808 463 1870 iu
487 1811 522 1876 Δ
546 1806 630 1872 HCB
655 1815 703 1869 est
724 1807 799 1870 HBI
827 1807 959 1868 exterior
984 1804 1130 1869 :BHG
1154 1805 1196 1886 -Ι-
1218 1805 1312 1882 ΒΟΗ,
1336 1806 1527 1871 interioribus
1551 1814 1584 1869 et
1603 1825 1660 1888 op-

314 1897 439 1976 positis;
476 1895 530 1958 sed
553 1895 638 1962 Bflc
671 1896 702 1960 h.
732 1915 758 1958 e.
789 1894 873 1957 ΒΗΕ
907 1903 955 1958 est
985 1895 1151 1978 parallaxis
1170 1895 1383 1960 ·horizontalis
1411 1895 1513 1977 puncti
1543 1897 1572 1958 Η
1610 1915 1662 1958 seo
1799 1901 1800 1906 ’

188 2009 193 2021 ·
319 1985 418 2050 Lunae
441 1985 472 2048 in
496 2004 542 2058 eo,
565 1995 597 2048 et
618 1983 705 2049 Bon
729 1993 778 2048 est
800 1984 977 2048 semimuoro
1002 1984 1134 2047 umbrae.
1180 1982 1220 2056 Q.
1243 1984 1280 2047 Ε.
1305 1984 1344 2048 Ι).

853 2144 1050 2209 Problema
1071 2145 1126 2207 III.

317 2253 430 2317 Datis
468 2253 729 2335 parallaxibns
764 2253 996 2316 luminarium
1035 2259 1071 2314 et
1097 2249 1376 2314 semidiametro
1413 2248 1515 2315 Solis
1548 2269 1663 2333 appa·
1800 2243 1801 2294 1

572 2342 683 2418 renti,
708 2341 878 2405 iuvenire
902 2340 1214 2404 semidiametrum
1242 2341 1406 2404 luminis.

404 2430 456 2493 Ad
482 2431 652 2513 parallaxiu
691 2433 795 2494 Lunae
822 2431 1038 2494 horizontalem
1065 2430 1141 2492 adde
1174 2430 1281 2493 semid.
1305 2429 1387 2493 Solis
1412 2437 1625 2511 apparentem,
1647 2450 1666 2491 a

319 2537 436 2586 summa
458 2520 543 2582 auser
564 2520 736 2601 parallaxiu
760 2520 857 2584 Solis:
881 2521 931 2582 vel
953 2520 1031 2601 quod
1053 2519 1132 2581 idem
1156 2527 1213 2590 est,
1237 2518 1352 2599 conjice
1367 2519 1395 2580 in
1415 2538 1502 2582 unam
1519 2538 1665 2581 summam

319 2607 489 2690 parallaxin
511 2609 616 2672 Lunae
639 2630 659 2670 a
681 2609 753 2673 Sole
778 2619 810 2673 et
833 2609 1088 2674 semidiametrum
1111 2607 1208 2682 Solis,
1237 2609 1338 2692 prodit
1361 2609 1497 2692 utrinque
1519 2609 1666 2671 semidia-

318 2706 415 2762 meter
437 2697 558 2762 luminis
580 2717 739 2780 apparens.
764 2699 850 2776 (Vid.
874 2699 971 2781 probl.
995 2700 1037 2772 1.)

848 2860 1056 2923 Theorema
1077 2858 1134 2922 lx.

320 2964 526 3048 Duplicata
558 2964 679 3028 Lunae
707 2965 930 3047 parallaxia
953 2967 987 3028 iu
1015 2970 1120 3028 certa
1142 2963 1332 3028 distantia
1353 2963 1480 3026 Lunae
1503 2985 1523 3026 a
1545 2963 1665 3028 Terra

373 3062 517 3138 aequat
546 3062 777 3135 apparentes
805 3055 840 3116 in
864 3056 994 3118 eadem
1016 3053 1207 3118 distantia
1235 3075 1255 3116 a
1277 3055 1401 3116 Terra
1427 3053 1614 3116 semidia-

619 3152 767 3207 metros
795 3145 945 3207 umbrae
973 3145 1114 3206 Terrae
1146 3151 1177 3206 et
1204 3143 1367 3207 luminis.

409 3232 489 3296 Nam
504 3231 728 3296 semidiameter
741 3232 861 3296 luminis
875 3233 994 3296 excedit
1007 3231 1176 3314 parallaxin
1191 3233 1296 3295 Lunae
1311 3231 1525 3295 semimucroue
1535 3231 1668 3293 umbrae.

324 3323 383 3398 (th.
415 3321 521 3396 VIII.)
565 3323 611 3384 At
642 3321 864 3384 semidiameter
897 3322 1018 3385 umbrae
1046 3321 1141 3384 minor
1168 3329 1216 3384 est
1250 3322 1354 3385 Lunae
1384 3319 1533 3402 parallaxi
1563 3320 1671 3382 eodem

325 3410 539 3474 semimucroue
564 3409 702 3474 umbrae:
722 3411 846 3493 junctae
870 3411 962 3492 igitur
984 3410 1198 3474 semidiametri
1211 3410 1332 3474 luminis
1352 3418 1384 3473 et
1400 3410 1522 3474 umbrae
1540 3417 1673 3490 aequant

326 3502 401 3562 duas
423 3499 596 3578 parallaxes
618 3500 732 3576 Lunae,
756 3519 882 3562 excessu
905 3509 1116 3581 compensante
1141 3501 1289 3563 delectum
1312 3499 1477 3581 aequalem.
1515 3499 1600 3576 Ergo
1615 3499 1670 3560 dre.

323 3588 454 3653 Brevius
489 3605 526 3648 ex
559 3587 730 3653 schemate:
776 3588 850 3652 IBH
872 3599 996 3670 superat
1016 3590 1101 3653 ΒΗΕ
1128 3590 1236 3670 angulo
1259 3587 1341 3653 Bos
1384 3607 1451 3652 cum
1472 3579 1566 3662 ΒΗΕ,
1591 3585 1671 3650 BFE

738 3675 822 3742 GBF
843 3686 1002 3760 superatur
1023 3679 1103 3743 ΒΓΕ
1126 3679 1235 3760 angulo
1256 3677 1339 3742 BCE
1406 3677 1468 3740 siut
1495 3677 1649 3759 aequales.

864 3838 1067 3902 Theorema
1088 3838 1128 3904 X.

326 3943 501 4026 ungulus
524 3943 759 4024 apparentis
783 3945 1063 4010 semidiametri
1086 3945 1213 4009 Lunae
1239 3950 1431 4008 excentro
1447 3942 1588 4007 Terrae
1612 3951 1674 4027 est

326 4031 516 4118 aequalis
534 4033 680 4113 junctis
704 4034 1009 4110 semidiametris,
1033 4033 1138 4098 Solis
1162 4053 1203 4096 ex
1221 4043 1353 4098 centro
1373 4033 1512 4096 Terrae
1535 4034 1610 4095 visi
1635 4039 1675 4095 et

372 4124 524 4188 umbrae
547 4121 675 4185 Lunae
699 4124 793 4202 apud
815 4132 985 4187 centrum
1010 4123 1155 4187 Terrae
1178 4125 1292 4186 velut
1314 4142 1358 4186 ex
1381 4123 1481 4186 Luna
1504 4123 1628 4185 visae.

418 4213 453 4275 ln
485 4211 639 4275 schemate
669 4221 884 4277 connectantur
915 4219 1029 4295 puncta
1058 4211 1098 4288 L,
1126 4214 1162 4275 B.
1208 4213 1290 4294 Ergo
1322 4213 1353 4274 in
1376 4215 1412 4282 Δ
1434 4211 1517 4275 LRB
1542 4211 1674 4275 exterior

334 4303 403 4368 LBI
425 4307 474 4365 est
496 4300 632 4382 aequalis
655 4299 846 4365 interioribus
870 4311 902 4365 et
925 4301 1073 4384 oppositis
1096 4301 1188 4378 BLR‚
1212 4301 1306 4365 BRL.
1352 4300 1414 4364 Sed
1427 4299 1497 4363 LBI
1517 4310 1566 4363 est
1581 4301 1672 4364 semi-

334 4393 480 4454 diameter
510 4390 614 4452 Lunae
648 4407 685 4452 ex
713 4397 815 4452 centro
844 4392 955 4454 Terrae
983 4409 1145 4473 apparens,
1184 4399 1216 4454 et
1237 4389 1335 4465 BLR,
1369 4389 1400 4451 id
1427 4397 1475 4452 est
1496 4389 1596 4464 BLO,
1626 4396 1674 4450 est

335 4480 438 4545 semid.
467 4479 588 4542 umbrae
619 4479 784 4540 constituta
813 4481 851 4542 ad
879 4489 1011 4543 centrum
1041 4482 1152 4544 Terrae
1175 4482 1201 4543 Β
1225 4488 1256 4542 et
1283 4497 1432 4559 apparens
1455 4497 1493 4539 ex
1515 4479 1543 4541 L
1565 4487 1674 4558 puncto

336 4569 458 4633 Lunaet
482 4567 608 4648 denique
630 4567 724 4644 BRL‚
746 4565 776 4631 b.
801 4587 827 4631 e.
851 4569 940 4632 ARD
963 4581 1012 4632 est
1035 4569 1255 4632 semidiameter
1278 4568 1359 4632 Solis
1382 4576 1551 4646 expuncto
1566 4567 1596 4629 R
1617 4586 1674 4648 ap-

335 4675 455 4739 parens,
478 4656 559 4740 quod
580 4674 698 4736 semper
721 4664 769 4719 est
789 4657 922 4738 proxime
946 4660 972 4721 Β
997 4668 1129 4722 centrum
1152 4659 1273 4721 Terrae.
1320 4657 1402 4738 Ergo
1426 4656 1478 4718 lac.
1511 4677 1539 4739 q.
1558 4676 1584 4718 e.
1600 4656 1629 4717 d.

330 4773 332 4778 ·
426 4744 700 4810 Corollariur‘n.
742 4744 865 4808 Summa
887 4747 1173 4810 semidiametrornm
1196 4745 1279 4809 Solis
1304 4755 1335 4806 et
1350 4745 1452 4808 Lunae
1467 4755 1577 4828 aequat
1592 4763 1672 4808 sum-

337 4851 418 4898 mam
440 4853 479 4900 ex
503 4833 650 4898 diametro
673 4830 754 4898 Solis
777 4831 1049 4902 et.'semidiametro
1072 4835 1193 4899 umbrae
1216 4835 1331 4898 Lunae.
