3674 5532
322 287 387 356 sot
793 289 833 342 ne
851 289 958 340 nausa
981 285 1179 340 satiaturus·

318 470 396 534 lucis
418 467 619 533 illustratione
641 467 796 530 confundit
818 475 850 530 et
878 466 999 530 tertium
1022 465 1173 548 quippiam
1196 465 1293 528 efficit.
1339 467 1387 526 Ita
1413 463 1509 528 virtus
1536 481 1660 528 movens

319 559 349 622 in
372 577 457 622 mora
479 577 537 621 uou
560 565 616 632 est,
641 557 709 639 quin
732 557 872 638 planetae
895 563 983 618 tanta
999 554 1139 618 celeritas
1153 556 1276 628 existat,
1299 554 1471 637 quantam
1462 573 1531 636 rpsa
1552 552 1658 615 baba:

319 655 352 709 at
373 667 431 710 non
455 646 521 710 ideo
544 653 632 709 tanta
655 653 703 710 est
724 647 863 727 planetae
886 645 1037 719 celeritas,
1059 652 1243 725 repugnante
1267 644 1316 706 vel
1338 641 1532 718 intermedie,
1555 659 1660 743 nempe

319 755 409 799 anrae
425 737 586 798 aethereae
600 735 727 798 materia
742 735 948 818 qualicunque,
966 733 1015 796 vel
1034 733 1232 814 dispositione
1255 731 1406 796 mobilis
1397 732 1492 812 ipsius
1515 731 1556 794 ad
1575 729 1661 814 qnie-

319 833 380 888 tem
402 825 471 900 (alii
485 825 627 900 dicerent,
650 825 791 905 pondere,
814 843 860 886 me
883 844 944 887 non
967 823 1143 904 simpliciter
1164 823 1320 904 probante,
1343 819 1516 902 nequidem
1534 837 1601 882 oum
1624 818 1662 880 ιι

232 931 236 946 ’
320 916 414 978 Terra
436 913 567 995 agitur);
601 913 726 995 qnorum
748 931 846 976 rerum
875 911 1148 994 contemperatione
1171 931 1239 974 oum
1268 909 1402 973 metricis
1425 909 1547 972 virtutis
1569 906 1661 972 moli-

319 1003 450 1067 tionibus
473 1003 597 1068 efficitur
619 1001 803 1086 periodicnm
824 1003 965 1087 planetae
988 1009 1114 1083 tempus.

899 1232 1084 1245 ...n-..offl—

823 1413 943 1512 Caput
979 1407 1160 1486 XXXIV.

473 1573 594 1656 Cbrpus
616 1571 703 1636 Solia
725 1593 791 1636 esre
811 1572 1030 1654 ιιιιιιιιιιιιι,
1053 1577 1084 1633 et
1103 1573 1140 1634 ia
1160 1588 1218 1634 auo
1240 1567 1345 1651 spatio
1368 1567 1512 1632 ιοιιιιιιι.

409 1713 456 1778 De
472 1714 526 1776 illa
548 1713 647 1796 itaque
663 1714 774 1778 virtute
788 1713 928 1790 diximus,
951 1732 1026 1795 quae
1043 1732 1169 1794 corpora
1190 1712 1379 1794 planetarum
1393 1710 1527 1792 proxime
1541 1707 1667 1788 attingit

325 1810 356 1866 et
377 1801 480 1876 trahit,
505 1804 650 1884 quomedo
667 1812 850 1885 comparata,
874 1803 1020 1885 quomodo
1043 1803 1102 1864 luci
1125 1809 1254 1882 cognata
1276 1800 1326 1876 sit,
1350 1799 1474 1881 etquid
1497 1797 1587 1862 sitin
1611 1816 1666 1860 suo

324 1911 391 1954 esse
414 1893 628 1975 metaphysico:
674 1893 829 1973 Sequitur,
853 1903 886 1956 ut
908 1891 1005 1955 iudice
1028 1894 1085 1955 hac
1108 1892 1255 1954 defluente
1280 1890 1378 1970 speeie
1400 1891 1469 1964 (ceu
1491 1887 1665 1968 archetypo,

323 1979 468 2060 imagine)
492 1983 588 2060 ipsam
602 1982 693 2044 etiam
715 1981 891 2064 penitiorem
914 1981 1007 2044 lentis
1022 1989 1161 2043 naturam
1179 1979 1420 2058 contemplemur.
1458 1975 1565 2040 Videri
1578 1995 1667 2038 narn·

324 2089 381 2151 (ιιι
413 2071 519 2150 possit,
553 2071 582 2132 in
612 2090 736 2153 corpore
760 2070 842 2135 Solis
874 2071 995 2134 latitare
1027 2071 1158 2133 divinum
1190 2069 1342 2152 quippiam
1373 2076 1405 2130 ιι
1435 2064 1667 2146 ιιιιιιιιιιιιιι

326 2159 442 2221 animae
465 2167 603 2233 nostrae,
634 2179 672 2221 ex
701 2180 759 2240 quo
783 2162 883 2223 effluat
912 2161 1027 2242 species
1049 2161 1111 2223 ista
1140 2159 1278 2242 planetas
1302 2157 1520 2237 circumagens,
1551 2153 1597 2216 uti
1629 2171 1667 2214 ex

325 2247 425 2309 anima
442 2247 606 2326 jaculantis
639 2249 760 2330 lapillos
785 2251 901 2331 species
924 2257 1025 2312 motus
1045 2250 1075 2312 in
1098 2248 1212 2330 lapillis
1235 2247 1441 2320 adhaerescit,
1474 2263 1532 2327 qna
1554 2261 1666 2324 prove-

323 2337 433 2399 huntur
457 2337 517 2412 illi,
550 2338 640 2400 etiam
669 2357 733 2399 cum
764 2339 814 2420 qui
841 2339 994 2419 jaculatus
1022 2345 1070 2400 est
1100 2356 1221 2401 manum
1243 2337 1281 2400 ab
1312 2335 1375 2398 illis
1398 2331 1525 2398 reduxit
1571 2331 1667 2412 Atqui

325 2425 424 2486 sobrie
447 2426 705 2505 progredientibus
727 2429 817 2509 paulo
840 2428 918 2490 aliae
942 2426 1143 2507 cogitationes
1168 2425 1445 2507 suppeditabuntnr.
1490 2423 1570 2485 Nam
1597 2420 1667 2502 qnia

325 2513 421 2575 virtus
443 2513 559 2583 illaex
573 2515 644 2578 Sole
668 2515 705 2577 ad
729 2517 868 2598 planetas
892 2524 1069 2596 exporrecta
1091 2516 1122 2578 in
1145 2535 1251 2597 gyrum
1273 2515 1343 2576 illos
1365 2519 1467 2576 movet
1489 2511 1569 2573 circe
1583 2509 1667 2574 Solis

326 2621 434 2683 corpus
457 2601 733 2684 intransportabile,
756 2605 820 2668 fieri
843 2605 873 2667 id
896 2613 949 2667 aut
970 2603 1153 2684 cogitatione
1168 2602 1380 2684 comprehendi
1401 2601 1483 2664 nullo
1499 2599 1558 2662 alio
1577 2598 1666 2662 modo

324 2698 436 2773 potest,
459 2710 548 2772 quam
570 2693 640 2767 hoc,
669 2701 703 2756 ιι
724 2693 820 2756 virtus
843 2694 968 2758 eandem
990 2693 1071 2755 viam
1094 2701 1158 2769 cat,
1186 2713 1274 2775 quam
1297 2692 1375 2754 alios
1401 2691 1540 2773 planetas
1564 2706 1667 2750 omnes

327 2778 452 2861 abripit:
484 2782 563 2862 quod
587 2790 618 2844 et
640 2782 671 2844 in
691 2783 824 2846 ballistis
848 2791 879 2846 et
901 2783 1037 2846 omnibus
1059 2783 1190 2846 motibus
1212 2781 1353 2844 violentis
1376 2799 1414 2842 ιι
1437 2787 1522 2859 parte
1545 2795 1667 2840 cernere

327 2877 383 2932 est.
431 2868 498 2942 Quo
527 2879 618 2951 pacto
640 2873 904 2936 Fracastorins
932 2871 1041 2955 aliique
1065 2891 1102 2934 ιι
1129 2872 1227 2934 relatu
1248 2869 1467 2952 Aegyptiorum
1494 2864 1670 2930 vetustissi-

326 2977 440 3021 tuorum
462 2959 640 3022 verisimilia
662 2961 741 3023 baud
757 2962 898 3037 dixerint,
920 2963 984 3024 foro
1006 2969 1040 3024 ut
1061 2962 1250 3042 planetarum
1268 2959 1369 3040 aliqui,
1394 2957 1500 3020 orbitis
1522 2953 1670 3038 paulatim

326 3046 407 3110 ultra
418 3048 516 3149 'polos
538 3049 640 3110 mnndi
664 3049 805 3127 deflexis,
836 3051 917 3112 viam
948 3058 1057 3130 ιιοιιιι
1086 3057 1158 3112 eant
1179 3057 1227 3112 ιιι
1228 3049 1288 3112 eris
1311 3055 1343 3110 et
1368 3045 1545 3110 moderno
1537 3063 1670 3126 ipsorum

327 3135 426 3200 cursui
442 3137 631 3200 contrariam.
670 3137 749 3210 Quin
772 3140 871 3222 potius
893 3140 1030 3203 illumin
1052 3141 1174 3221 plagam
1196 3140 1328 3200 feruntur
1343 3155 1470 3217 corpora
1482 3134 1671 3216 planetarum

326 3227 512 3308 perpetuo,'
504 3246 534 3288 ιιι
558 3246 646 3308 quarn
668 3227 764 3290 uirtus
787 3230 847 3291 ista
870 3247 907 3290 ex
930 3229 1001 3292 Sole
1025 3249 1165 3292 emanans
1189 3227 1350 3289 contendit.

417 3315 493 3378 Cum
516 3323 616 3378 autem
639 3317 755 3395 species
776 3317 852 3380 haec
875 3317 1074 3380 imme-terlata
1096 3318 1152 3392 sit,
1180 3317 1243 3379 sirie
1266 3313 1411 3396 temporis
1433 3333 1518 3377 mora
1540 3331 1578 3374 ex
1600 3331 1670 3376 cor·

328 3422 399 3483 pore
423 3423 476 3465 sno
499 3405 530 3466 in
552 3404 629 3468 hanc
643 3404 819 3469 distantiam
842 3426 976 3486 egressa,
1000 3415 1031 3469 et
1054 3406 1112 3468 lnci
1134 3405 1301 3487 peremnia
1323 3403 1439 3484 reliqua
1462 3401 1587 3477 similis,
1610 3421 1670 3465 uon

328 3501 446 3554 tantum
467 3511 591 3554 necesse
614 3499 662 3556 est
684 3513 722 3555 ex
744 3503 852 3558 natura
874 3496 1002 3577 speciei,
1032 3496 1086 3558 ιιι
1110 3496 1200 3556 etiam
1221 3513 1274 3575 per
1298 3513 1330 3554 se
1353 3491 1517 3594 probabile
1532 3491 1569 3554 ob
1591 3492 1671 3555 hanc

329 3580 538 3660 cognationem
551 3601 618 3643 oum
640 3580 716 3659 luce,
739 3591 773 3645 ut
787 3603 851 3645 cnm
866 3586 1003 3688 corporis
1023 3604 1076 3648 ιιι
1099 3584 1191 3646 fontis
1215 3583 1261 3644 sni
1283 3581 1439 3683 particulis
1456 3589 1487 3642 ιι
1509 3579 1576 3660 ipsa
1590 3580 1671 3643 divi-

328 3670 425 3745 datur,
450 3678 481 3731 ιι
499 3690 586 3750 quam
609 3671 640 3732 in
661 3671 784 3753 plagam
797 3673 898 3734 mundi
920 3674 1020 3754 vergit
1033 3693 1092 3736 nna
1110 3673 1210 3754 aliqua
1232 3670 1381 3774 particula
1395 3669 1529 3751 corporis
1542 3668 1671 3744 Soletis,

327 3759 358 3822 in
376 3758 500 3820 eandem
517 3757 638 3839 plagam
660 3767 810 3864 perpetuo
819 3771 925 3842 vergat
943 3765 1034 3825 etiam
1050 3762 1198 3843 particula
1215 3759 1324 3842 speciei
1345 3757 1573 3832 immateriatae
1593 3777 1670 3840 quae

329 3847 374 3911 illi
389 3847 554 3929 particulae
569 3851 704 3930 corporis
718 3850 778 3912 ab
771 3850 855 3913 unitio
870 3853 1032 3915 creationis
1046 3851 1254 3931 respondebat.
1288 3849 1358 3913 Nisi
1371 3848 1427 3910 hoc
1442 3854 1534 3924 esset,
1553 3846 1671 3929 species

330 3958 390 4000 non
412 3945 504 4014 esset,
527 3956 582 3999 neo
604 3939 696 4001 rectis
720 3941 774 4002 sed
797 3940 895 4002 curvis
917 3941 1006 4003 lineis
1029 3955 1048 4002 a
1070 3959 1193 4021 corpore
1216 3939 1413 4002 delaberetur.
1460 3935 1567 4018 Specie
1598 3955 1671 4017 ergo

328 4034 413 4090 mota
435 4027 465 4088 in
479 4045 593 4108 gyrum,
617 4035 651 4089 nt
673 4048 708 4090 eo
722 4037 804 4092 motu
827 4037 938 4092 motum
956 4029 1086 4110 planetis
1109 4028 1228 4104 inferat,
1252 4047 1359 4108 corpus
1378 4025 1460 4091 Solis
1483 4045 1536 4090 ιιι
1558 4026 1672 4088 iontem

330 4138 389 4180 uua
411 4116 523 4178 moveri
546 4135 669 4180 neeesse
683 4125 745 4195 est;
770 4139 830 4182 non
852 4119 1020 4199 quidemde
1044 4117 1142 4198 spatio
1157 4118 1187 4180 in
1211 4117 1341 4198 spatium
1363 4115 1477 4179 mnndi:
1503 4116 1565 4178 dixi
1581 4115 1671 4191 enirn,

287 4209 292 4220 '
329 4226 376 4270 me
400 4205 431 4268 id
454 4224 561 4287 corpus
585 4205 668 4269 Solis
691 4227 757 4270 cum
781 4205 948 4288 Copemieo
979 4208 1009 4270 in
1032 4216 1135 4269 centro
1157 4206 1259 4270 mnndi
1281 4207 1466 4288 relinquere:
1498 4206 1552 4268 sed
1581 4223 1672 4286 snper

331 4316 385 4358 sno
408 4303 510 4358 centro
535 4314 587 4358 seu
611 4315 667 4358 axe
690 4296 907 4372 immobilibus,
931 4296 1068 4378 partibus
1091 4297 1216 4376 ejusde
1239 4295 1305 4358 loco
1328 4296 1359 4357 in
1382 4296 1478 4358 locum
1498 4293 1543 4368 (in
1566 4295 1672 4358 eodem

330 4393 430 4448 ιιιιιι
453 4383 552 4465 spatio
575 4392 639 4448 toto
663 4404 786 4467 corpore
809 4389 963 4461 manente)
986 4386 1219 4448 transeuntibus.

418 4475 463 4538 Ut
478 4471 525 4535 vis
544 4475 744 4554 argumentis
761 4473 851 4537 simili
869 4482 953 4537 tauto
972 4475 1013 4537 sit
1027 4473 1201 4547 evidentior,
1225 4470 1398 4536 meminisse
1415 4479 1446 4534 te
1461 4471 1549 4534 velim
1565 4471 1671 4546 lector,

332 4563 409 4646 quod
431 4561 597 4642 inOptieis
611 4563 652 4625 sit
674 4563 920 4638 demonstratum,
942 4563 1088 4628 visionem
1108 4563 1173 4627 fieri
1194 4581 1247 4644 per
1266 4561 1484 4624 emanationem
1507 4559 1672 4624 lucularnm

332 4651 576 4732 asuperliciebus
598 4651 642 4714 rei
665 4651 748 4714 visae
771 4651 802 4713 in
825 4652 950 4714 oculum.
989 4653 1084 4732 Finge
1108 4671 1179 4732 ergo
1196 4659 1344 4716 oratorem
1367 4649 1496 4731 aliquem
1517 4651 1548 4712 in
1562 4667 1672 4730 magno

333 4747 419 4803 coetu
441 4740 592 4802 bominum
615 4760 682 4804 sese
705 4742 737 4803 in
755 4739 856 4804 orbem
873 4739 1064 4819 cingentium,
1087 4741 1195 4804 faciem
1211 4759 1294 4804 suam
1317 4757 1370 4800 sen
1393 4759 1452 4801 una
1466 4759 1573 4820 corpus
1597 4757 1672 4801 oon-

333 4837 449 4892 vertere
473 4829 574 4892 semel.
622 4829 738 4903 Quibus
771 4847 841 4910 ergo
872 4829 1041 4894 auditorum
1071 4829 1173 4893 oculos
1204 4849 1276 4892 suos
1304 4827 1392 4892 ollert
1418 4828 1539 4904 obvios,
1571 4827 1618 4892 illi
1641 4833 1673 4888 et
