3552 5562
327 257 370 340 M
748 263 849 326 literae
867 265 969 340 Kepleri
987 267 1138 342 aliorumque
1156 277 1258 326 ιιιιαιι

325 450 478 533 maneae,
501 450 638 514 Μιιιιιι
661 449 786 514 scilicet.
833 451 869 514 ln
891 451 950 514 hoc
971 458 1091 533 tempus
1113 451 1184 520 trivi
1207 470 1263 514 nec
1285 449 1323 514 de
1345 445 1473 512 aliorum
1490 447 1673 530 plmetarum

328 538 589 602 observationibus
612 539 655 602 fni
679 540 847 603 sollicitus:
882 541 1043 621 sperabam
1065 540 1199 622 quotidie
1222 539 1336 612 exitum
1357 538 1388 618 in
1411 537 1530 602 theoria
1551 537 1673 614 MartisJ

209 629 212 636 '
325 635 398 732 post
420 627 496 690 alias
519 647 634 710 quoque
657 629 839 692 habuissem.
878 632 923 692 At
941 649 1008 692 cum
1025 639 1143 712 tempus
1159 629 1339 703 elaberetur,
1362 635 1549 708 spectamen
1564 627 1673 690 reditus

326 717 385 780 mei
408 717 439 780 ιιι
460 718 638 780 Bohemiam
661 737 798 781 securum
819 738 868 782 me
891 719 1030 782 reddidit
1077 721 1173 798 Igitur
1192 721 1290 794 Mars,
1313 725 1458 798 quantum
1480 735 1537 796 ego
1560 715 1674 798 quidem

327 826 366 868 ex
398 806 658 870 observationibus
682 788 842 910 Tychbnis·
864 807 968 884 hausi,
996 809 1062 889 jam
1094 808 1256 890 incipiebat
1287 813 1393 886 argute
1425 803 1500 868 eatis
1532 805 1676 868 modulari

324 894 445 960 tertiam
468 895 582 972 duram,
606 917 694 978 quam
717 897 763 959 ιιιι
781 915 947 977 assignavi
987 896 1241 962 Confirmant
1260 897 1361 960 idem
1384 902 1422 958 et
1443 893 1675 978 Mysterium

326 1003 440 1048 meum
472 984 613 1047 duobus
646 986 747 1058 locis
771 985 946 1048 mirifice
995 986 1084 1050 Cum
1116 987 1211 1050 enim
1244 985 1328 1048 illic
1328 1003 1429 1087 ego
1461 982 1674 1046 retulissem

326 1072 650 1136 eceentricitates
686 1076 928 1157 planetarum
965 1077 1127 1139 omnium
1158 1075 1203 1138 ad
1234 1063 1358 1157 ipsnin
1389 1092 1529 1154 corpus
1558 1071 1674 1146 Solis,

325 1162 414 1225 valde
437 1161 512 1227 mihi
535 1182 554 1222 a
577 1164 719 1245 Tychone
742 1165 929 1240 metuebam,
962 1185 1000 1227 ne
1027 1165 1054 1230 is
1077 1166 1205 1238 referret
1226 1173 1261 1226 ιιι
1283 1161 1468 1244 Copernious
1489 1161 1529 1224 ad
1552 1160 1676 1224 medium

324 1252 424 1314 locuni
440 1251 533 1314 Solis.
571 1248 668 1334 Atqui
689 1255 775 1316 Mars
799 1261 973 1316 constanter
995 1255 1158 1334 respuebat
1180 1231 1273 1316 ullum
1289 1251 1371 1316 eliud
1385 1257 1538 1332 punctum,
1561 1258 1676 1332 praeter

324 1340 424 1421 ipsum
446 1348 581 1404 centrum
604 1342 739 1424 corporis
755 1343 882 1406 Solaris.
921 1343 1024 1426 Tycho
1039 1344 1211 1406 laetabatur
1228 1342 1304 1406 meis
1321 1341 1369 1404 his
1383 1339 1484 1424 ausis3
1508 1359 1578 1404 uam
1601 1339 1675 1401 idem

325 1429 369 1492 ait
391 1437 423 1491 et
445 1429 535 1492 sibi'
522 1449 588 1510 Jam
611 1430 661 1494 diu
685 1433 841 1512 agitatum,
866 1433 920 1494 sed
943 1433 1070 1496 libenter
1093 1433 1312 1496 declinaturum
1334 1429 1507 1492 intricatam
1532 1429 1676 1492 rationem

325 1519 449 1594 calculi,
480 1537 573 1601 eoque
597 1539 705 1600 cupere
728 1521 831 1584 videre
855 1530 886 1584 et
909 1517 1036 1584 aliorum
1059 1522 1283 1585 meditationes.
1328 1518 1487 1594 Deinde,
1512 1537 1589 1582 cum
1612 1536 1675 1598 ego

327 1607 392 1670 sub
416 1567 528 1671 linem
549 1610 730 1691 Mysterii
760 1612 828 1672 mei
857 1610 1084 1674 monuissem
1116 1612 1159 1673 de
1193 1616 1382 1692 aequante
1407 1606 1459 1686 Q,
1492 1626 1596 1690 quem
1619 1605 1676 1668 do·

326 1697 448 1760 lebam
477 1698 587 1760 unico
618 1698 701 1762 Soli
728 1702 788 1761 vel
816 1701 954 1763 Terrae
982 1709 1176 1802 negatum:
1202 1701 1268 1780 jam
1292 1706 1316 1770 d
1340 1697 1531 1780 apertissime
1562 1705 1594 1759 et
1623 1696 1676 1758 hoc

324 1793 456 1849 testatus
480 1795 542 1864 est,
574 1787 675 1850 inesse
707 1788 738 1850 in
762 1787 802 1868 Θ
827 1791 975 1852 rationem
1006 1789 1175 1872 aequantia.
1221 1789 1264 1854 Ει
1290 1787 1348 1850 hoc
1380 1793 1442 1862 est,
1476 1787 1555 1868 quod
1578 1785 1676 1868 Tycho

324 1876 412 1956 quasi
434 1876 489 1940 sub
512 1867 692 1956 aenigmatis
715 1877 870 1942 involucro
895 1882 943 1952 (nt
965 1879 1115 1944 interdum
1140 1879 1233 1954 solet)
1258 1877 1298 1940 ad
1320 1895 1367 1940 me
1392 1875 1614 1957 perscripserat
1636 1874 1675 1935 de

243 2036 246 2048 Ι
324 1964 506 2038 variabili
538 1967 760 2050 quantitate
793 1969 897 2031 orbis
929 1970 1057 2045 annui,
1089 1969 1150 2052 qui
1183 1967 1218 2029 in
1251 1971 1276 2037 d
1308 1965 1463 2027 efficiat
1494 1963 1675 2026 differen-

325 2053 415 2116 tiam
442 2050 477 2121 1⁰
498 2051 553 2117 lo
577 2061 608 2126 (1.
634 2057 699 2127 ιι).
746 2058 796 2120 An
815 2057 912 2138 igitur
935 2067 1118 2140 exspectem,
1142 2057 1212 2119 dum
1232 2055 1336 2158 Tycho
1361 2075 1432 2118 suas
1455 2053 1539 2116 edat
1549 2053 1678 2116 theorias

324 2143 523 2223 planetarum,
548 2145 677 2226 ambigo.
713 2145 776 2209 Sed
798 2155 908 2222 tamen,
934 2146 961 2208 ιι
983 2166 1204 2228 praeoccupare
1227 2145 1324 2208 visum
1348 2143 1448 2219 inerit,
1471 2141 1573 2206 adhuc
1596 2161 1678 2204 unum

324 2231 398 2296 m'ibi
421 2233 525 2309 deest,
547 2235 627 2315 quod
649 2255 669 2296 a
690 2236 734 2296 Μ.
759 2235 794 2296 Τ.
819 2245 934 2317 petam,
965 2237 1054 2318 copia
1077 2252 1118 2298 sc.
1142 2234 1342 2299 Harmonices
1361 2233 1425 2296 sive
1448 2233 1584 2296 Musices
1606 2231 1677 2294 Pto-

324 2321 441 2384 lemaei.
487 2323 631 2385 Lustravi
655 2324 843 2404 catalogum
849 2325 1050 2388 bibliothecae
1074 2323 1301 2400 Viennensis‚'
1293 2343 1323 2385 ιιι
1347 2343 1406 2404 qna
1430 2323 1540 2386 librum
1563 2329 1678 2383 ιιιιιιιιι

324 2411 560 2491 manuscriptum
588 2411 742 2494 Spachius
775 2415 903 2478 affirmat
932 2415 964 2476 in
998 2415 1137 2495 catalogo
1157 2413 1426 2496 philosophorum.
1483 2411 1554 2474 Non
1586 2407 1678 2490 reperi

323 2501 501 2584 quaesitum.
537 2500 666 2603 Scripsi
688 2503 728 2565 ad
750 2503 969 2585 Dasypodium.
1015 2505 1136 2568 Habere
1161 2524 1193 2567 se
1221 2502 1392 2585 respondit,
1425 2499 1560 2582 nihilque
1592 2517 1677 2601 prae-

321 2593 418 2654 terea}
456 2590 544 2654 At
514 2610 575 2652 ιιιιι
597 2609 653 2671 ego
670 2611 853 2672 sperassem,
877 2593 963 2656 illum
985 2595 1142 2675 possidere
1166 2594 1244 2656 hunc
1268 2591 1385 2666 librum,
1408 2610 1469 2654 nou
1490 2590 1677 2670 scripsissem

322 2698 378 2740 nec
399 2678 558 2760 petiissem
581 2681 707 2762 copiam.
754 2683 852 2744 Ursus
875 2685 993 2763 Pragae
1018 2685 1228 2758 affirmaverat,
1251 2689 1325 2762 puto
1349 2699 1401 2742 ιιι
1410 2679 1542 2743 Gesneri
1571 2677 1678 2741 biblio-

321 2769 451 2871 ιιιιιι,Ι
444 2787 622 2850 impressum
646 2789 714 2832 esse
738 2771 865 2848 alicubi,
895 2781 967 2854 puto
990 2772 1135 2850 Parisiis;
1160 2781 1191 2834 et
1214 2771 1314 2846 Otho,
1346 2776 1450 2832 auctor
1473 2769 1525 2832 ille
1550 2763 1678 2831 Palatini

323 2857 433 2940 operis,
458 2859 508 2940 qui
526 2859 593 2940 jam
607 2859 726 2940 Pragae
749 2859 864 2936 haeret,
889 2881 957 2923 esse
981 2871 1013 2926 et
1036 2862 1094 2925 sibi
1116 2862 1271 2942 exemplar
1299 2859 1487 2941 opinabatur.
1529 2859 1581 2922 Ita
1607 2873 1677 2918 nasu
1723 2852 1727 2860 '

324 2947 426 3010 ducor.
473 2947 591 3020 Quodsi
614 2949 781 3012 Ptolemaei
805 2951 980 3032 opusculum
1003 2950 1138 3013 nancisci
1161 2969 1286 3032 nequeo,
1310 2958 1344 3011 at
1359 2947 1505 3024 Glareani
1519 2945 1679 3009 Commen-

322 3037 433 3099 tarium
457 3055 546 3118 super
568 3038 646 3100 banc
670 3038 877 3120 disciplinam,
911 3040 1030 3121 quod'
1022 3060 1200 3122 impressum
1225 3048 1274 3102 est
1296 3039 1326 3100 in
1350 3038 1415 3100 lolii
1438 3039 1553 3126 forma,
1576 3034 1677 3100 Ptole-

245 3129 249 3139 '
324 3127 440 3190 nsicse
462 3125 592 3189 ratioms
616 3127 747 3191 fortasse
771 3128 952 3192 mentionem
975 3129 1077 3192 faciet

413 3215 504 3288 Quod
525 3216 623 3298 petis,
657 3227 691 3281 ιιι
722 3219 890 3282 examinem
922 3239 1032 3282 annum
1065 3225 1184 3280 sextum
1208 3225 1239 3279 et
1261 3207 1421 3299 septimuli]
1449 3199 1520 3278 ante
1547 3213 1620 3288 Ch,
1642 3231 1677 3273 an

324 3305 423 3370 ιιιιιιι,
437 3305 542 3386 aliqua
564 3307 735 3388 conjunctio
761 3308 785 3381 Ω
810 3317 841 3370 et
864 3311 899 3386 b:
933 3308 1130 3372 differendum
1159 3316 1207 3369 est
1236 3307 1266 3368 in
1290 3307 1479 3369 occasionem
1501 3305 1675 3386 proximam.

324 3395 394 3458 Jam
418 3394 497 3456 enim
521 3404 685 3478 occupatus
709 3415 773 3458 sum
797 3397 828 3459 in
851 3397 958 3478 eclipsi
981 3395 1032 3476 Q.
1080 3397 1144 3460 Sed
1166 3405 1308 3478 qnantum
1333 3397 1417 3476 ligna
1439 3395 1579 3470 metallo,
1611 3402 1676 3455 tae-

327 3492 391 3546 tum
413 3491 518 3546 nostra
541 3485 693 3566 Tychonis
716 3485 797 3548 cedit
819 3485 968 3549 industria
991 3486 1161 3550 subtilitati.

413 3571 505 3634 Marii
528 3574 648 3636 tabulas
671 3566 955 3650 directionumvidi
976 3577 1198 3640 Banathkaea
1218 3583 1250 3637 te
1282 3573 1411 3650 missas,
1445 3573 1500 3636 sed
1528 3593 1677 3653 uupapyer

326 3669 361 3724 ιιι
383 3669 486 3724 cetera
508 3663 608 3724 omnia
629 3671 750 3744 praeter
769 3664 953 3746 Tychonica.
992 3665 1116 3730 Certum
1139 3673 1197 3740 est,
1220 3665 1311 3726 aliam
1335 3662 1563 3730 aPtolemaica
1584 3661 1676 3725 ratio-

324 3766 392 3836 nem
415 3770 484 3813 esse
506 3751 751 3832 Regiomontani.
798 3753 861 3817 Sed
884 3755 936 3816 vix
957 3755 1062 3830 melior
1085 3771 1153 3818 esse
1176 3761 1278 3836 potest
1292 3753 1479 3817 Ptolemaios
1491 3752 1675 3830 Regiomou-

325 3839 390 3910 tani
419 3839 570 3904 methodo.
617 3843 682 3905 Nec
706 3843 823 3918 dubito,
857 3853 1000 3926 quantum
1032 3864 1070 3907 ex
1093 3843 1297 3926 superficiaria
1320 3844 1448 3906 lectione
1478 3841 1553 3914 mihi
1575 3842 1677 3906 haeret

241 3946 244 3954 ·
322 3930 355 3992 in
388 3930 547 4006 memoria,
578 3929 786 3997 Ptolemaeum
807 3933 907 3996 Mario
939 3942 1021 3999 recte
1043 3935 1238 3996 intellectum.
1281 3933 1410 3996 Videris
1438 3939 1539 3994 aulem
1563 3929 1675 3994 occulte

321 4039 453 4097 monere,
476 4027 652 4100 aspectuum
666 4023 781 4084 variam
800 4043 868 4085 esse
888 4023 1036 4087 rationem
1058 4024 1184 4118 ideoque
1207 4043 1281 4084 non
1289 4042 1357 4086 esse
1372 4021 1448 4084 adeo
1463 4020 1675 4101 geometricum

321 4117 437 4174 certum
458 4118 490 4174 et
506 4121 656 4182 conatam
677 4111 829 4196 negotium
848 4113 885 4194 de
904 4113 1089 4194 aspectibus,
1112 4103 1166 4172 uti
1175 4111 1295 4192 quidem
1311 4130 1367 4191 ego
1382 4095 1457 4178 mibi
1469 4111 1673 4191 persuadeam.

321 4199 357 4266 Si
379 4201 436 4264 hcc
458 4199 521 4276 vis,
554 4201 739 4280 respondeo,
773 4201 847 4264 nihil
881 4221 949 4266 esse
979 4221 1031 4266 cur
1061 4201 1091 4264 in
1114 4200 1235 4262 dubium
1258 4208 1402 4264 vocentur
1424 4200 1674 4266 macerationes.

320 4289 400 4353 Nam
422 4247 543 4367 illoruin
566 4298 740 4370 aspectuum
763 4291 851 4371 longe
874 4293 938 4354 alia
960 4291 1037 4354 ratio
1061 4297 1124 4366 eat,
1148 4309 1206 4352 neo
1226 4291 1307 4351 de''
1286 4311 1325 4352 ns
1348 4289 1421 4352 mihi
1444 4308 1543 4354 sermo
1567 4288 1626 4350 erit
1646 4284 1674 4346 ιι

322 4379 398 4442 meis
416 4359 624 4442 Harmoniois.

410 4467 552 4534 Ceterum
575 4487 651 4550 quae
675 4469 715 4534 ad
736 4489 783 4532 me
807 4469 954 4531 missurus
977 4466 1123 4530 distulisti
1146 4468 1278 4532 incertus
1310 4465 1347 4530 de
1376 4487 1443 4530 meo
1475 4465 1592 4541 reditu,
1624 4462 1675 4524 illa

323 4555 424 4618 videre
449 4578 540 4622 aveo:
571 4568 643 4624 tuuc
676 4577 748 4640 ergo
777 4558 803 4620 ιι
826 4559 869 4620 Μ.
893 4558 928 4619 T.
953 4555 1119 4633 videbitur,
1152 4558 1304 4621 remittam
1327 4557 1428 4622 Clarii
1457 4512 1672 4622 Astrolabinm

327 4643 453 4712 Ceteros
477 4649 597 4712 libellos
619 4659 692 4730 puto
716 4648 852 4727 integros
873 4648 913 4709 ed
935 4655 966 4708 te
995 4646 1122 4710 redisse.
1168 4650 1297 4731 Jamque
1329 4648 1369 4710 ad
1401 4665 1504 4710 omues
1532 4641 1673 4708 articulos

325 4734 479 4798 literarum
500 4745 620 4804 tuamm
641 4737 792 4818 respondi.
838 4737 945 4817 Itaque
968 4736 1036 4798 vele
1059 4738 1105 4801 ιιι
1127 4737 1289 4818 Magnifice
1319 4737 1431 4802 etmel
1460 4733 1673 4804 amantissime,
