3672 5538
803 295 843 350 De
861 295 969 350 Motibus
988 295 1081 350 Stellas
1099 293 1187 350 1111111

724 567 726 572 ⁴
826 531 945 632 Caput
975 527 1174 606 XXXVII.

573 693 683 760 Virtus
704 693 834 756 Luam
854 711 980 758 11111111
1002 690 1154 775 quomodo
1178 695 1361 771 comparato
1382 691 1433 752 111

415 835 457 899 Et
480 836 550 920 quia
564 855 630 918 cap.
654 833 800 900 XXXIV.
816 835 914 899 obiter
936 836 966 896 in
989 839 1088 896 motus
1110 831 1239 893 Lunae
1262 829 1442 892 mentionem
1465 827 1567 902 incidi,
1590 827 1676 890 lubet

327 933 424 990 totum
446 925 600 1008 negotium
616 925 766 989 delineare
789 927 880 1006 paulo
900 923 1020 998 clarius,
1043 940 1080 984 ne
1104 920 1259 1000 scrupulus
1283 918 1391 1000 aliquis
1405 941 1424 981 a
1437 919 1524 982 Luua
1545 917 1677 998 injectus

326 1018 470 1081 lectorem
491 1017 522 1079 in
544 1023 609 1078 toto
624 1016 680 1078 hoc
703 1021 836 1078 tractatu
859 1020 1007 1096 torqueat,
1033 1029 1089 1092 quo
1114 1010 1210 1072 minus
1225 1007 1363 1088 expedite
1383 1009 1455 1070 mihi
1478 1025 1674 1087 1111111111-

326 1106 400 1171 beat
431 1125 607 1170 assensum:
641 1103 711 1186 quin
743 1104 844 1185 potius
875 1111 909 1166 ut
939 1101 1062 1166 mirifice
1095 1099 1284 1160 confirmetur
1315 1097 1543 1160 evidentissima
1573 1104 1676 1158 motus

327 1197 457 1261 Lunaris
481 1193 749 1276 contemplatione:
782 1193 909 1275 denique
932 1200 965 1254 ut
988 1188 1188 1254 astronomiae
1211 1205 1282 1267 pars
1305 1179 1432 1269 physica
1454 1187 1509 1248 hoc
1533 1186 1609 1249 libro
1633 1185 1676 1248 sit
1793 1223 1796 1231 ·

327 1287 454 1368 integra.
500 1286 581 1350 Nam
611 1284 671 1347 etsi
702 1285 732 1346 in
763 1283 912 1346 theoriam
942 1277 1046 1344 Lun'ae
1076 1276 1204 1358 paucula
1231 1276 1377 1356 quaedam
1407 1276 1572 1339 differenda
1603 1281 1677 1336 suut

328 1397 382 1440 seu
405 1376 494 1440 aliter
516 1373 666 1437 tradenda
687 1390 739 1435 sen
763 1371 973 1454 particularius
997 1365 1191 1449 explicanda:
1224 1365 1278 1428 illa
1307 1374 1409 1428 tamen
1438 1365 1508 1428 hinc
1531 1366 1675 1428 orientur.

418 1463 644 1530 Animadvertit
665 1462 789 1545 Tycho
822 1461 988 1525 Braheus
1015 1477 1070 1538 per
1093 1455 1223 1518 diutinas
1252 1461 1283 1517 et
1306 1455 1501 1518 creberrimas
1524 1455 1677 1534 observa-

332 1557 431 1620 tiones
449 1557 553 1619 Lunae
576 1553 607 1637 in
630 1553 709 1616 omni
733 1551 793 1614 situ
816 1571 883 1614 cum
902 1548 984 1625 Sole,
1008 1546 1086 1628 quod
1109 1545 1139 1607 in
1154 1545 1242 1608 Luna
1262 1553 1385 1624 praeter
1408 1543 1587 1609 anomaliam
1610 1543 1678 1624 spi·

330 1645 409 1728 cycli
431 1653 464 1708 et
484 1649 607 1726 praeter
635 1642 719 1705 illam
747 1639 926 1704 anomaliam
950 1646 1149 1710 menstruam,
1184 1652 1259 1714 qnae
1284 1635 1376 1696 etiam
1398 1635 1572 1697 Ptolemaeo
1604 1641 1679 1695 nota

331 1736 397 1812 luit,
422 1735 487 1817 ipse
511 1732 603 1797 etiam
630 1730 747 1794 medius
769 1738 869 1793 motus
893 1731 1048 1808 (respectu
1074 1725 1179 1786 harum
1203 1724 1326 1785 duarum
1355 1724 1602 1804 inaequalitatum
1632 1721 1677 1785 sic

332 1824 448 1902 dictus)
468 1823 599 1886 nondum
623 1821 664 1885 111
684 1821 774 1900 plane
798 1819 923 1894 medius,
948 1817 1003 1879 sed
1017 1814 1191 1876 intendatur
1214 1814 1268 1875 sub
1284 1813 1506 1894 conjunctiones
1530 1821 1562 1875 et
1580 1830 1677 1892 oppo-

332 1914 458 1978 sitiones
482 1932 548 1976 cnm
571 1909 659 1987 Sole,
689 1910 862 1972 remittatur
883 1908 914 1971 iu
938 1903 1143 1987 quadraturis;
1174 1910 1223 1978 ut,
1246 1901 1365 1964 etiamsi
1393 1903 1482 1965 nullis
1505 1903 1677 1966 turbaretur

332 2003 492 2088 epieyolis,
514 2009 615 2065 tamen
638 2001 726 2063 Luna
748 2000 828 2081 ipsa,
853 1999 945 2062 etiam
967 1995 998 2058 in
1022 1993 1209 2070 concentrieo
1233 1992 1357 2055 Terram
1379 1991 1565 2069 circumiens,
1589 1991 1678 2054 inae-

329 2089 458 2178 qualiter
480 2092 660 2158 ciroumiret.
877 2103 880 2110 '

604 2225 659 2290 m·
677 2220 721 2275 33·
978 2243 982 2253 ¹
1043 2260 1049 2274 .
1075 2169 1165 2234 SitS
1189 2189 1295 2272 corpps
1312 2167 1404 2244 Solis,
1428 2167 1566 2273 Morbis
1589 2168 1677 2232 Mer·
1732 2189 1738 2202 ·

987 2260 1075 2336 curri,
1103 2261 1134 2322 V
1156 2260 1300 2332 Veneris,
1323 2260 1350 2321 T
1370 2259 1515 2334 Telluris,
1539 2261 1565 2322 P
1587 2259 1677 2320 Mar-

988 2350 1029 2414 tis
1052 2358 1134 2412 etc:
1158 2356 1190 2411 et
1211 2356 1388 2412 moveantur
1411 2367 1514 2412 omues
1537 2348 1677 2428 superius

987 2459 1006 2500 a
1038 2437 1153 2502 dextris
1186 2438 1225 2499 ad
1255 2437 1395 2502 sinistras
1425 2437 1580 2518 perpetim.
1626 2437 1678 2501 Sit

987 2535 1088 2591 autem
1113 2526 1222 2592 GLOT
1245 2525 1326 2590 orbis
1349 2529 1463 2600 Lunae,
1487 2524 1623 2592 OLuua
1644 2526 1676 2588 iu

987 2616 1187 2698 oppositione,
1212 2613 1237 2679 Ο
1253 2616 1284 2680 in
1307 2615 1522 2698 conjunctione,
1542 2616 1579 2690 1,
1595 2617 1622 2678 F
1644 2616 1675 2678 iu

988 2707 1196 2788 quadraturis:
1215 2712 1246 2768 et
1259 2713 1380 2768 maneat
1393 2706 1458 2786 jam
1474 2703 1583 2770 GLOT
1599 2723 1675 2768 con-

989 2795 1138 2858 centricus
1175 2814 1213 2856 ex
1242 2796 1337 2857 Terra
1367 2795 1399 2857 in
1430 2795 1456 2856 T
1495 2793 1676 2876 descriptus,

988 2891 1202 2966 mereaturque
1224 2884 1256 2948 iu
1277 2883 1399 2965 plagam
1421 2881 1541 2948 OFGL.
1570 2882 1677 2956 Quae-

988 2975 1064 3036 ritur
1087 2973 1197 3054 igitur,
1228 2993 1303 3056 quae
1327 2993 1435 3049 causa,
1460 2993 1512 3036 cur
1534 2974 1623 3036 Luna
1644 2973 1677 3036 in

991 3060 1027 3138 0,
1051 3059 1078 3124 Ο
1103 3063 1145 3128 111
1166 3063 1293 3126 celerior
1314 3063 1395 3126 cirea
1417 3064 1452 3138 T,
1476 3083 1566 3145 quarn
1587 3063 1619 3126 in
1641 3063 1676 3139 F,

989 3151 1027 3227 L
1050 3169 1116 3214 cum
1135 3152 1201 3233 jam
1218 3151 1317 3214 animo
1339 3151 1553 3216 removerimus
1568 3169 1678 3217 eccen-

990 3239 1156 3304 tricitatem
1179 3248 1210 3304 et
1232 3240 1404 3324 cpioyclos?
1439 3242 1498 3305 Hic
1520 3248 1681 3323 exspectat

990 3329 1086 3394 lector
1110 3330 1204 3406 (scio)
1226 3339 1262 3392 ut
1282 3330 1388 3406 dicam,
1413 3330 1480 3394 ideo
1503 3331 1679 3394 celeriorem

952 3453 953 3456 π
992 3438 1059 3482 1111
1083 3419 1114 3481 in
1138 3417 1175 3495 Ο,
1199 3420 1269 3500 quia
1291 3427 1390 3482 motus
1413 3421 1479 3501 ejus
1502 3439 1537 3484 eo
1555 3419 1614 3482 loci
1637 3420 1680 3483 sit

990 3507 1022 3571 in
1046 3509 1168 3572 easdem
1194 3516 1390 3590 partescum
1418 3509 1547 3574 omnium
1568 3510 1679 3591 plane-

992 3605 1091 3660 tarum
1112 3605 1205 3660 motu.
1242 3597 1287 3660 At
1308 3597 1384 3661 haec
1406 3617 1480 3662 vera
1502 3618 1596 3662 causa
1617 3618 1679 3662 non

993 3694 1050 3750 est.
1097 3686 1149 3751 Sic
1172 3686 1304 3752 enimin
1328 3687 1353 3752 Ο
1376 3687 1475 3759 11111,
1497 3689 1679 3771 utlitqui-

336 3776 415 3854 dem,
437 3773 523 3852 Luna
545 3775 727 3854 tardissima,
750 3783 835 3842 motu
857 3775 1043 3858 composito:
1067 3787 1134 3838 cum
1155 3776 1293 3860 proprius
1307 3776 1372 3858 ejus
1394 3785 1493 3842 motus
1506 3776 1587 3842 FOL
1600 3799 1680 3842 non-

338 3865 412 3931 nihil
434 3864 581 3954 renitatur
594 3865 640 3930 illi
655 3866 813 3943 communi,
836 3865 876 3928 ad
895 3865 1035 3930 sinistras
1058 3873 1171 3947 partes
1210 3865 1371 3930 Sciendum
1386 3867 1474 3940 enim,
1497 3866 1577 3949 quod
1591 3869 1682 3932 Luna

338 3953 370 4020 in
402 3975 455 4020 suo
489 3955 560 4020 orbe
589 3955 676 4021 110
706 3956 820 4021 feratur
851 3955 949 4020 miuus
982 3955 1021 4018 ad
1049 3962 1153 4038 partes
1183 3955 1306 4019 dextras
1333 3957 1377 4033 L,
1406 3976 1495 4040 quam
1517 3957 1612 4021 Terra
1641 3957 1681 4021 ad

338 4043 479 4110 sinistras
509 4045 541 4108 iu
571 4065 625 4108 suo
656 4044 747 4108 orbe:
778 4045 904 4127 ideoque
927 4045 1031 4119 Luna,
1064 4051 1146 4108 motu
1177 4045 1344 4127 composito
1366 4039 1412 4130 lex
1439 4045 1560 4128 proprio
1589 4056 1681 4110 etex

341 4133 474 4198 Telluris
496 4133 653 4211 communi,
678 4151 795 4217 semper
818 4133 910 4197 etiam
932 4133 971 4196 ad
993 4133 1118 4197 dextras
1142 4136 1294 4216 superius,
1318 4135 1413 4199 Terra
1434 4135 1465 4200 in
1488 4141 1506 4198 1
1529 4145 1679 4213 versante,

337 4223 499 4302 11111111,
522 4224 617 4287 Terra
647 4221 773 4287 inferius
795 4224 827 4288 in
849 4225 876 4286 T
898 4230 1057 4299 versante,
1091 4222 1131 4285 ad
1153 4223 1294 4287 sinistras
1325 4223 1439 4302 lemur:
1466 4224 1552 4288 tarde
1579 4233 1681 4290 tamen

339 4314 421 4378 circa
443 4312 480 4391 Ο,
503 4312 647 4376 uelociter
670 4312 750 4375 circa
772 4311 810 4390 Ο,
835 4311 1001 4394 otq'usmodi
1023 4319 1135 4376 motum
1163 4313 1291 4395 spitales
1320 4313 1416 4377 lineae
1438 4313 1488 4378 hio
1511 4315 1681 4380 delineatae

339 4401 474 4485 proxime
497 4401 674 4484 expumnnt

429 4488 492 4554 Sed
514 4490 615 4554 forsan
638 4488 721 4553 aliud
742 4495 918 4569 exspectas,
940 4496 975 4552 ut
996 4485 1108 4568 dicam,
1132 4489 1289 4572 provenire
1311 4491 1368 4554 hoc
1395 4491 1620 4573 phaenomenon
1644 4511 1683 4558 11

342 4597 388 4657 eo,
421 4578 501 4662 quod
526 4579 622 4643 virtus
650 4576 761 4642 1111111
784 4575 864 4641 Solis
893 4578 924 4640 in
948 4576 975 4640 0
999 4579 1040 4642 sit
1068 4579 1228 4650 remissior,
1258 4581 1289 4644 iu
1313 4578 1339 4644 G
1361 4580 1537 4646 incitatior?
1582 4583 1680 4647 Multo

341 4667 438 4733 minus
460 4668 518 4732 hoc
540 4667 652 4733 dixero.
698 4664 751 4731 Sic
774 4665 851 4730 enim
874 4667 1011 4744 efficiam,
1032 4676 1067 4731 ut
1086 4669 1222 4750 utrinque
1240 4669 1272 4734 iu
1294 4668 1323 4732 0
1346 4677 1378 4733 et
1400 4668 1426 4736 O
1448 4670 1502 4734 liat
1528 4672 1628 4751 tarda,
1650 4673 1683 4737 in

342 4757 378 4834 F,
401 4757 430 4820 L
451 4758 559 4835 velox,
582 4757 662 4840 quod
685 4763 732 4822 est
754 4753 935 4820 contrarium
959 4757 1105 4839 quaesito.
1150 4759 1230 4822 Nam
1252 4758 1279 4824 si
1303 4759 1333 4821 in
1359 4757 1386 4824 0
1409 4759 1534 4824 remisse
1558 4780 1682 4843 promo-

342 4852 448 4924 uetur,
481 4845 571 4909 tarda
592 4845 702 4941 igitur:
734 4852 767 4910 et
793 4844 820 4909 si
847 4844 877 4909 in
902 4843 927 4910 0
950 4847 1058 4911 lortius
1087 4847 1256 4929 impeditur,
1286 4867 1344 4932 quo
1372 4849 1468 4915 minus
1491 4869 1530 4917 11
1553 4850 1579 4920 0
1602 4853 1685 4918 111,
