3678 5532
648 291 710 344 rm
728 290 833 354 qam
878 291 959 360 oseae
977 293 1042 348 nra
1422 299 1517 371 ·3g5

169 469 254 551 Ergo
276 470 303 532 si
325 487 381 550 pro
404 475 525 534 secante
548 479 708 550 usurpetur
729 471 833 536 radius
854 473 886 536 in
900 473 1086 556 longitndine
1100 478 1208 554 media,
1232 479 1414 559 officiturid,
1438 485 1517 566 quod

171 559 301 622 suadem
322 558 559 622 observationes.
605 559 648 622 Et
669 561 701 622 in
731 562 884 627 schemate
913 583 979 645 cap.
1002 563 1070 628 XL.
1102 567 1234 632 conclusi
1267 573 1518 652 generaliter‚‘si

170 667 225 730 pro
247 648 309 712 ΗΑ
330 667 458 730 usurpes
481 645 555 724 HR,
578 667 632 730 pro
656 649 718 712 VA
740 669 811 714 vero
834 650 909 728 VR,
925 660 966 718 et

169 755 225 818 pro
247 736 306 800 EA
327 737 494 800 substituas
508 737 563 798 ΕΒ
578 745 610 800 et
632 737 675 799 sic
697 738 728 801 in
747 739 893 815 omnibus,
914 741 967 803 fiet

171 827 252 889 idem
281 825 312 888 ln
342 827 419 890 locis
448 827 557 889 ceteris
593 827 772 904 eccentrici‚
811 830 890 909 quod
918 831 968 894 hie

171 915 286 979 iactum
322 915 357 986 in,
391 915 626 996 longitudinibus
666 917 782 980 mediis.
836 919 879 982 Et
913 937 969 999 per

170 1003 532 1174 iiliiiilmala
556 1005 736 1159 :title
756 1025 967 1174 entem
1071 1082 1074 1109 ²

170 1200 225 1264 pro
249 1205 290 1246 aa
311 1183 361 1246 rel
383 1185 426 1246 al
448 1192 583 1248 sumetur
605 1207 662 1261 αμ.

259 1270 392 1334 Rursum
423 1272 527 1354 itaque
557 1275 654 1336 lector
689 1283 848 1354 percurrat
880 1283 971 1354 caput
1035 1302 1054 1347 ι

168 1359 325 1425 XXXIX.
364 1362 503 1424 Inveniet
522 1361 574 1436 ibi,
593 1363 658 1444 jam
682 1371 774 1426 antea
792 1371 968 1426 exnatura-

169 1449 250 1512 libus
274 1449 383 1514 causis
395 1451 582 1530 disputatum
596 1471 676 1526 esse,
699 1453 778 1533 quod
793 1453 842 1516 bie
861 1453 968 1515 obser-

167 1537 310 1602 vationes
324 1540 402 1604 ultro
417 1547 579 1616 testantur,
601 1550 835 1604 consentaneum
850 1541 967 1606 scilicet

169 1627 276 1704 videri,
307 1629 463 1710 planetam
485 1629 516 1690 in
546 1629 692 1692 diametro
719 1631 807 1712 quasi
829 1631 965 1714 epicpcli,

170 1735 247 1799 qnae
270 1724 415 1799 perpetuo
439 1717 477 1780 ad
502 1717 605 1782 Solem
628 1719 749 1795 tendat,
773 1720 964 1784 librationem

170 1807 303 1889 aliquam
320 1808 474 1889 perficere.
502 1807 641 1871 Inveniet
655 1808 756 1884 etiam,
777 1809 851 1871 nihil
865 1811 964 1890 magis

170 1915 238 1960 cum
261 1897 318 1959 hac
341 1895 495 1958 sententia
515 1914 668 1977 pugnasse
691 1917 780 1980 qnam
794 1900 860 1974 hoc,
885 1900 965 1982 quod

169 1995 255 2060 tunc,
278 2003 344 2047 cum
371 2004 555 2048 sumeremus
582 1987 870 2070 repraesentandum
892 2007 964 2068 per-

169 2076 281 2138 lectum
317 2074 477 2151 circulum,
515 2077 614 2138 coacti
656 2095 758 2139 snmus
795 2077 965 2139 librationis

168 2170 273 2245 partes
295 2185 325 2243 γι
347 2171 379 2226 et
401 2159 451 2239 λζ,
474 2183 604 2228 summas
636 2166 703 2228 imis
733 2166 824 2245 (quaa
848 2185 963 2246 aequa·

170 2253 251 2316 libus
282 2253 443 2316 eccentrici
473 2254 601 2318 arcubus
632 2256 829 2336 respondent)
862 2256 961 2318 lacere

171 2341 362 2422 inaequales,
384 2351 419 2404 et
440 2342 548 2406 breves
572 2363 721 2414 summas,
744 2344 851 2424 longas
874 2345 961 2408 imas.

167 2431 238 2494 ιΙιιιιι
261 2431 363 2510 igitur,
386 2438 496 2512 negato
519 2431 658 2496 circulari
685 2433 826 2514 planetae
853 2433 963 2497 itinere

171 2528 203 2584 et
225 2520 378 2601 usurpatis
401 2543 453 2595 aa,
469 2545 517 2598 pc
538 2541 593 2602 pro
616 2528 668 2598 tc,
683 2544 733 2598 ια,
758 2522 814 2585 hoc
838 2531 887 2586 est
907 2541 962 2603 pro

169 2634 217 2682 cc,
240 2612 283 2672 lc
305 2616 340 2671 ut
362 2609 474 2673 dictum
498 2619 562 2687 est,
588 2611 723 2692 sequitur
745 2611 835 2690 ultro,
859 2619 964 2693 partes
1200 2619 1219 2640 ”

168 2698 338 2763 librationis
371 2698 453 2774 illas,
484 2708 559 2780 puta
580 2723 627 2781 yn,
650 2697 698 2778 μζ
715 2720 783 2763 esse
816 2701 968 2782 aequales.
1014 2703 1064 2766 Ita
1091 2700 1171 2785 quod
1193 2717 1261 2781 cap.
1284 2690 1438 2758 XXXIX·
1464 2691 1514 2754 diu

171 2808 226 2851 nos
251 2795 393 2864 torserat,
413 2789 479 2869 jam
502 2789 585 2852 cedit
606 2790 693 2852 nobis
715 2790 747 2851 iu
773 2799 980 2871 argumentum
1004 2791 1209 2874 deprehensae
1232 2785 1381 2849 veritatre.

255 2876 303 2940 De
317 2896 352 2939 eo
366 2895 448 2954 vero,
473 2879 551 2961 quod
569 2886 673 2961 partes
691 2879 807 2941 mediae
831 2904 878 2958 κμ
900 2880 998 2943 adbuc
1014 2889 1085 2944 sunt
1098 2879 1228 2960 majores
1247 2870 1390 2938 extremis
1407 2892 1451 2950 rt,
1468 2865 1520 2946 μζ,

169 2967 283 3030 dicetur
313 2966 450 3048 sequenti
474 2986 539 3049 cap.
562 2967 666 3044 LVII,
695 2968 775 3049 quod
805 2969 846 3030 sit
873 2977 1000 3032 naturae
1024 2975 1270 3039 consentaneum,
1301 2968 1520 3038 contraquam

169 3075 235 3142 cap.
250 3053 402 3120 XXXIX.
420 3056 588 3138 intelligere
602 3064 787 3137 poteramus.
812 3055 873 3120 Sed
889 3067 920 3118 et
935 3058 989 3120 illa
1007 3059 1179 3132 difficultas,
1196 3071 1273 3138 quac
1287 3068 1354 3129 cap.
1364 3045 1517 3110 XXXIX.

169 3145 334 3219 oriebatur,
365 3145 390 3208 si
419 3144 559 3209 diametri
581 3146 665 3210 Solis
688 3153 878 3226 augmentum
900 3146 1041 3228 planetae
1064 3165 1118 3227 pro
1142 3143 1227 3224 signo
1250 3156 1392 3204 accessus
1414 3143 1447 3197 et
1467 3154 1519 3196 re-

169 3254 274 3298 cessus
296 3243 466 3316 poneretur,
486 3236 550 3315 jam
572 3235 692 3317 penitus
715 3235 887 3310 evanescit,
919 3243 953 3298 ut
975 3235 1133 3318 apparebit
1155 3233 1253 3314 capite
1276 3226 1377 3292 LVII.
1422 3223 1520 3305 Igitur

169 3324 207 3387 de
239 3323 389 3386 anomalia
418 3325 549 3388 ecoantri
585 3321 647 3389 90ο
678 3323 766 3387 facile
797 3323 870 3387 mihi
899 3325 956 3387 luit
985 3325 1139 3406 praedicto
1166 3323 1256 3386 modo
1285 3312 1519 3398 deprehendere,

166 3432 224 3496 pro
247 3409 305 3474 ΕΔ
327 3411 473 3476 distantia
502 3413 630 3495 perlecti
660 3413 763 3477 circuli
786 3412 960 3476 sumendam
982 3433 1050 3477 esse
1073 3413 1144 3490 nn,
1174 3407 1405 3492 respondentem
1428 3421 1519 3506 coae-
1566 3483 1573 3496 ·

167 3507 278 3585 quatae
299 3501 393 3566 ΕΔΒ.
440 3502 530 3575 Quod
552 3522 624 3566 varo
647 3505 734 3567 unius
758 3502 894 3584 exemplo
919 3505 1086 3567 anomaliae
1113 3501 1295 3584 generaliter
1324 3493 1459 3559 conclusa
1473 3491 1517 3596 ‘de

167 3590 314 3666 omuibus,
338 3591 368 3654 id
392 3611 431 3654 ex
452 3612 512 3656 una
534 3591 665 3655 nondum
688 3593 880 3675 sequebatur,
913 3594 968 3656 sed
995 3613 1069 3675 opus
1101 3599 1168 3656 erat
1194 3587 1307 3654 crebris
1330 3586 1519 3648 observatro-

167 3678 255 3746 nibus
278 3679 417 3744 stabiliri.

256 3767 327 3832 Jam
343 3769 434 3850 igitur
449 3769 605 3850 intelligis,
628 3789 770 3853 quorsum
783 3768 943 3852 praecipue
958 3769 1046 3834 nobis
1060 3769 1173 3839 servire
1185 3769 1349 3851 jubeantur
1358 3765 1521 3838 observata

169 3857 302 3942 capitum
324 3857 376 3922 LI.
400 3859 488 3935 LlIl,
510 3859 649 3922 nlmIrum
672 3860 711 3922 ad
733 3859 939 3923 testimoninm
961 3860 1011 3923 hie
1033 3859 1200 3926 dicendum.

257 3948 358 4022 Quare
385 3967 441 4030 age
471 3949 511 4011 ad
538 3949 704 4013 anomaliae
734 3957 916 4033 coaequatae
943 3949 1007 4012 illis
1035 3950 1184 4032 capitibus
1207 3947 1378 4027 expositas,
1402 3943 1521 4008 seilicet

167 4039 208 4102 ad
245 4037 373 4118 angulos
411 4035 526 4114 CAG,
557 4036 654 4103 CAH
681 4047 713 4102 et
739 4047 872 4116 ceteros,
918 4047 1126 4120 computentur
1160 4035 1330 4100 anomaliae
1357 4032 1518 4097 eccentrici
1616 4036 1621 4045 '

169 4125 264 4202 GBG‚
289 4125 381 4191 GBH.
426 4129 493 4191 Nec
516 4147 590 4210 opus
613 4137 671 4205 est,
693 4136 728 4191 ut
751 4130 907 4209 scmpulos
926 4128 1119 4206 consecteris,
1142 4135 1196 4191 aut
1217 4132 1335 4188 metuas
1350 4123 1387 4186 ab
1402 4123 1516 4204 imper-

169 4217 298 4280 fectione
331 4217 541 4300 aequatiouum
578 4219 755 4295 aesernini,
788 4236 862 4300 quae
895 4223 1014 4280 restant
1044 4219 1143 4282 adhuc
1170 4235 1235 4296 cap.
1263 4211 1351 4276 XIX.
1394 4211 1517 4277 XXIX.

168 4304 283 4372 XLIII.
301 4303 504 4370 XLVH-L
537 4307 630 4371 Utere
647 4327 819 4392 quacunque
840 4326 877 4370 er
891 4306 938 4370 his
952 4306 1112 4384 methodis,
1130 4301 1310 4389 praesertim
1323 4299 1519 4382 capXLIII,

168 4414 228 4458 non
250 4392 366 4458 errabis
389 4395 420 4458 in
442 4395 671 4479 aequationibns
694 4397 775 4460 ultra
802 4394 844 4461 8¹.
899 4395 1081 4461 constitutis
1111 4393 1231 4477 augulis
1263 4389 1378 4474 inquire
1410 4389 1517 4468 lineas,

167 4481 473 4564 HRrespondentem
495 4486 605 4567 angulo
629 4494 813 4568 coaequatae
827 4485 925 4563 HAG,
949 4492 982 4548 et
994 4485 1057 4550 RV
1078 4483 1308 4569 respondentem
1331 4487 1517 4562 conquetas

168 4571 257 4639 VAG
289 4580 321 4636 et
352 4573 396 4638 sic
425 4581 558 4641 ceterae:
587 4581 618 4638 et
644 4576 775 4640 transfer
805 4573 876 4639 illas
902 4575 934 4640 in
963 4575 1179 4642 dimensionem
1202 4569 1318 4637 orbium
1341 4588 1406 4652 cap.
1430 4568 1514 4648 LIV,

169 4661 322 4738 invenies,
340 4669 375 4726 nt
395 4663 529 4748 sequitur
552 4664 584 4728 in
606 4664 719 4730 tabula.

222 4769 312 4824 ιηιιιι
325 4769 401 4822 osan.
424 4773 459 4816 nn
1272 4763 1307 4820 tl
