3672 5538
235 267 239 280 ·
314 316 379 386 338
795 317 837 370 Da
853 317 962 370 Mettus
979 315 1073 370 sense
1090 315 1178 370 uuus

316 497 491 563 circularem
504 495 650 578 perfecte,
681 494 787 560 statim
801 516 910 578 magno
925 497 1130 578 persuasionis
1147 497 1261 579 impetn
1278 497 1336 560 huc
1350 496 1496 573 concessi,
1513 503 1548 560 ut
1562 495 1670 559 crede-

315 608 388 664 rem,
403 605 480 667 qnae
494 603 561 666 cap.
576 585 728 650 XXXIX.
745 586 877 650 absurda
894 588 1072 651 dicebantur
1091 587 1129 649 ad
1144 589 1350 651 Iabmcaedum
1365 587 1515 662 circulum,
1534 605 1573 650 ex
1587 585 1626 648 iis
1639 586 1671 648 iu

316 674 547 760 probabiliorem
572 675 697 738 formam
713 677 924 739 transmutatis
943 677 1058 756 justam
1078 686 1109 739 et
1132 675 1301 752 obseruatis
1317 684 1547 740 consentaneam
1562 675 1671 755 plane-

318 776 368 830 tae
392 765 523 828 orbitam
546 765 685 828 ellectum
707 765 753 830 iri.
787 763 904 838 Quodsi
927 767 1017 845 paulo
1040 765 1259 829 consideratius
1281 767 1358 828 hauc
1372 763 1671 838 viam-incessisaem,

315 855 485 939 potuissem
517 855 623 918 statim
651 854 691 916 ad
718 855 878 918 veritatem
905 856 949 919 rei
976 856 1142 936 pervenire.
1189 856 1234 918 At
1256 874 1321 917 cum
1346 874 1444 920 essem
1468 873 1576 918 caecus
1598 871 1673 934 prae

318 943 494 1026 cupiditate,
518 961 574 1006 nec
597 944 636 1007 ad
660 943 760 1006 omnia
783 953 814 1008 et
837 945 957 1025 singula
979 941 1114 1008 mombis
1142 963 1213 1024 cap.
1231 943 1383 1020 XXXIX.
1407 945 1599 1024 respicerem,
1622 942 1672 1005 in-

317 1036 447 1100 haerens
470 1033 513 1096 illi
537 1032 724 1114 cogitationi,
749 1053 825 1116 quas
848 1054 881 1096 ee
905 1035 1031 1115 primam
1054 1035 1209 1110 offerebat,
1233 1033 1399 1115 probabilis
1421 1035 1529 1097 mimm
1551 1032 1582 1096 iu
1606 1051 1674 1094 mo·

320 1125 390 1188 dnm
414 1123 452 1186 ob
476 1122 723 1202 aequabilitatem
746 1132 845 1187 motus
869 1125 1005 1208 epicyoli,
1029 1125 1059 1186 in
1082 1143 1176 1186 novos
1200 1123 1290 1187 incidi
1313 1123 1519 1204 labyrinthos,
1544 1141 1583 1184 ex
1606 1121 1675 1202 qui-

319 1215 377 1278 bus
409 1211 510 1294 capite
542 1212 598 1274 hcc
620 1211 723 1277 XLV.
755 1220 787 1275 et
817 1215 1012 1293 sequentibus
1039 1232 1132 1294 usque
1156 1212 1196 1275 ad
1219 1213 1255 1275 L.
1281 1213 1471 1275 eluctandnm
1495 1210 1582 1274 nobis
1606 1211 1673 1272 erit.

410 1303 579 1383 Repetatnr
601 1301 703 1383 itaque
727 1303 849 1367 schema
872 1321 938 1384 cap.
961 1303 1113 1384 XXXIX.
1155 1302 1297 1366 Deterior
1320 1303 1351 1365 in
1373 1302 1427 1364 illo
1450 1302 1549 1383 capite
1574 1300 1674 1382 opinio

320 1392 388 1465 suit,
410 1392 580 1474 planetam,
604 1392 826 1473 utpersectnm
848 1393 993 1456 circulum
1017 1392 1187 1467 describat,
1216 1392 1246 1454 vi
1268 1392 1361 1455 insite
1387 1391 1488 1454 moliri
1510 1388 1676 1472 epicyclum

321 1489 353 1546 et
375 1482 420 1546 sio
443 1480 728 1564 explicassemus
751 1501 837 1545 suum
859 1503 878 1544 a
900 1483 987 1545 radio
1010 1480 1132 1545 virtutis
1156 1501 1193 1543 ex
1209 1481 1299 1546 Sole:
1323 1488 1358 1543 ut
1380 1480 1406 1543 si
1429 1479 1532 1543 radius
1554 1478 1676 1541 virtutis

857 1592 896 1635 ex
928 1571 1000 1636 Sole
1037 1571 1089 1640 sit
1109 1569 1186 1646 ΑΟ,
1222 1570 1490 1654 progrediatnrqne
1526 1567 1679 1650 inaequali

857 1681 951 1743 passu
975 1681 1012 1724 ex
1034 1659 1092 1726 Ao
1118 1661 1150 1723 in
1171 1661 1233 1741 Ay,
1262 1660 1387 1742 planeta
1417 1678 1489 1722 vero
1519 1657 1607 1720 initio
1639 1657 1680 1719 sit

856 1752 888 1814 in
912 1751 951 1827 O,
976 1769 1014 1814 ex
1037 1769 1072 1814 eo
1101 1759 1237 1831 tempore
1265 1749 1296 1812 vi
1327 1748 1420 1812 insita
1447 1767 1516 1811 sese
1548 1746 1680 1828 explicet

857 1860 896 1904 ex
917 1839 976 1906 Ac
998 1839 1049 1902 vel
1071 1841 1136 1920 Ay;
1163 1848 1198 1902 nt
1219 1858 1277 1922 qno
1304 1845 1438 1919 tempore
1459 1834 1518 1902 Ac
1540 1836 1627 1898 venit
1649 1835 1680 1898 in

793 1962 798 1991 ι
856 1932 917 2012 Ay,
939 1930 1066 2012 planeta
1096 1950 1135 1992 ex
1158 1926 1183 1993 C
1207 1929 1257 1994 ,vel
1279 1951 1294 2009 y
1315 1927 1418 1990 veniat
1439 1927 1471 1989 in
1493 1926 1537 2002 D,
1569 1933 1601 1988 et
1622 1924 1680 1987 hoc

857 2019 953 2082 faeiat
989 2019 1081 2082 etiarn
1117 2017 1269 2100 inaequali
1306 2015 1598 2100 passu‚1remissns
1631 2013 1680 2074 vel

857 2109 1002 2173 Incitatus
1029 2109 1135 2171 eadem
1157 2109 1189 2171 in
1219 2108 1430 2190 proportione,
1459 2105 1491 2168 in
1523 2123 1582 2187 qna
1613 2103 1682 2184 ipsa

857 2197 927 2264 Ac.
972 2199 1038 2262 Hoc
1062 2198 1142 2260 enim
1163 2205 1254 2279 pacto
1276 2197 1335 2260 ND
1362 2195 1442 2260 linea
1463 2213 1518 2275 per
1544 2201 1681 2256 cenmnm

610 2342 615 2354 .
858 2287 985 2371 epicycli
1008 2295 1040 2350 et
1060 2288 1214 2369 planetam
1242 2305 1359 2368 semper
1391 2284 1556 2366 parallelos
1578 2289 1682 2345 manet

669 2391 672 2397 ’
788 2365 808 2422 ⁰
859 2378 958 2441 lineae
979 2376 1047 2441 ΑΒ.
1092 2376 1166 2438 Dixi
1188 2383 1290 2439 antem
1311 2393 1377 2456 cap.
1396 2373 1547 2448 XXXIX,
1572 2372 1681 2435 absur-

861 2468 932 2534 dum
953 2466 1028 2530 mihi
1050 2465 1157 2538 videri,
1180 2465 1334 2547 planetam
1352 2484 1419 2543 exp
1439 2463 1513 2525 inD
1533 2459 1684 2544 inaequali

861 2576 956 2638 passu
979 2573 1047 2618 sese
1070 2555 1222 2636 explicare
1246 2574 1284 2618 ex
1306 2553 1392 2616 radio
1415 2553 1536 2615 virtutis
1555 2550 1684 2623 Solaria,

864 2653 896 2708 et
915 2647 959 2708 sio
978 2664 1045 2708 sese
1061 2644 1288 2707 accommodare
1305 2641 1406 2715 suavi
1424 2641 1547 2724 propria
1562 2640 1602 2702 ad
1625 2639 1686 2702 vim

333 2725 509 2798 extraneam
527 2745 566 2790 ex
579 2726 663 2803 Sole,
682 2727 805 2812 ejusque
824 2735 1009 2798 celeritatem
1029 2742 1061 2797 et
1073 2734 1266 2796 remissiones
1288 2731 1451 2814 praescire.
1490 2729 1565 2792 Esto
1581 2728 1684 2810 igitur,

334 2832 368 2888 ut
389 2823 448 2885 boo
470 2817 632 2880 absurdum
655 2817 778 2896 vitetur,
802 2830 853 2885 eat
871 2844 944 2888 sane
959 2823 1017 2888 Ae
1040 2822 1250 2905 inaequaliter,
1272 2823 1397 2904 planeta
1419 2839 1491 2884 vero
1514 2839 1552 2881 ex
1574 2840 1590 2898 y
1611 2817 1687 2881 inD

257 2919 260 2927 “
334 2919 385 2976 eat
416 2906 593 2990 aequaliter.
640 2906 825 2986 Videamus,
856 2934 895 2976 an
924 2913 1039 2996 aliquid
1068 2920 1212 2994 aequatur
1242 2911 1339 2974 simile
1371 2909 1451 2986 illis,
1483 2927 1559 2992 qnae
1587 2908 1686 2989 capite

335 2998 534 3066 antecedente
559 3015 597 3058 ex
620 2996 885 3066 observationibus
899 3003 1104 3086 probavimus.

425 3087 502 3152 Cum
533 3085 627 3166 Igitur
654 3093 788 3151 centrum
818 3093 945 3176 epioyoli
972 3093 1001 3156 N
1034 3092 1154 3172 ejusque
1185 3087 1336 3170 aphelium
1359 3108 1378 3150 a
1401 3087 1481 3149 linea
1501 3082 1560 3150 AG
1584 3085 1614 3148 in
1635 3085 1688 3164 Δγ

337 3180 457 3246 tardum
479 3176 570 3239 fuerit
593 3193 631 3236 ex
654 3173 680 3241 O
704 3175 733 3238 in
756 3201 780 3258 y,
804 3189 909 3262 utpote
932 3182 1013 3246 circa
1035 3178 1194 3244 ecoentrioi
1218 3177 1368 3260 ephebum
1383 3174 1428 3254 G,
1451 3177 1577 3260 planeta
1594 3174 1691 3256 igitur

336 3291 374 3334 ex
396 3291 412 3349 γ
431 3267 464 3329 iu
485 3265 514 3328 D
538 3271 667 3344 ponatur
688 3285 748 3329 non
770 3271 885 3346 tardus,
911 3270 965 3334 sed
988 3278 1070 3335 motu
1092 3267 1234 3332 mediocri
1257 3267 1428 3330 incessisse.
1471 3263 1574 3338 Quare
1589 3282 1688 3344 angu-

336 3363 384 3422 lus
411 3355 495 3437 yND
519 3353 616 3433 major
639 3353 697 3416 erit
720 3359 829 3437 angulo
852 3360 942 3441 yAG,
975 3361 1077 3441 itaque
1104 3359 1164 3422 ND
1188 3376 1246 3419 non
1269 3357 1328 3420 erit
1350 3354 1513 3436 parallelos
1536 3355 1596 3436 Ipsi
1619 3354 1688 3429 AB,

337 3447 392 3511 sed
421 3443 613 3506 inclinabitur
641 3462 746 3510 versus
768 3447 836 3514 Ac.
882 3452 989 3531 ltaque
1016 3451 1140 3531 planeta
1161 3448 1190 3509 D
1214 3465 1272 3509 non
1295 3445 1431 3508 manebit
1452 3443 1482 3506 in
1506 3463 1541 3506 eo
1564 3443 1688 3517 cuculo,

338 3551 427 3617 quem
449 3551 487 3592 ex
510 3529 535 3593 O
559 3543 702 3611 coeperat
724 3535 904 3616 describere,
928 3539 978 3618 qui
1001 3539 1118 3601 scilicet
1140 3556 1193 3617 per
1213 3532 1267 3599 OF
1288 3535 1408 3610 transit,
1433 3533 1487 3596 sed
1505 3531 1690 3614 ingredietur

340 3646 359 3686 a
375 3618 616 3684 circumferentia
632 3619 662 3682 D
683 3631 715 3686 et
739 3626 887 3706 parallelo
905 3630 964 3693 ND
983 3649 1089 3692 versus
1105 3626 1171 3691 CA.
1200 3627 1301 3707 Atque
1316 3625 1373 3687 hoc
1387 3624 1468 3686 idem
1483 3622 1582 3705 capite
1597 3641 1690 3704 prae-

339 3713 465 3775 cedente
489 3707 680 3786 testabantur
702 3711 865 3780 distantiae
881 3718 940 3781 ΔΙ)
964 3724 1154 3798 computatae
1178 3735 1216 3777 ex
1238 3713 1507 3787 observatIonibus,
1533 3731 1586 3776 eas
1605 3710 1690 3776 ecili-

341 3808 391 3864 cet
412 3817 472 3860 non
495 3797 666 3878 pertingere
689 3821 783 3884 nsque
806 3807 846 3870 ad
869 3807 1140 3872 clrcnmierentiam
1163 3803 1265 3868 circuli
1288 3801 1349 3869 OF.
1395 3805 1460 3865 Hoc
1483 3801 1563 3865 idem
1587 3809 1689 3863 testa-

339 3893 450 3955 bantur
473 3885 565 3950 etiam
588 3885 782 3968 aequationes
805 3897 947 3980 physIcao
967 3915 1022 3977 per
1038 3885 1305 3958 accumulationem
1321 3893 1533 3955 distantiarum
1546 3889 1617 3964 Ac,
1630 3888 1689 3952 AD

341 3985 533 4050 exsauctaer
557 3975 675 4040 seilicet
697 3981 851 4061 planetam
874 3987 953 4068 apud
976 3987 1073 4048 latera
1095 3983 1255 4047 eccentrici
1278 3983 1386 4044 debere
1409 3981 1472 4044 fieri
1494 3981 1691 4053 velociorem3

342 4071 408 4152 ejus
437 4081 544 4145 nempe
574 4063 737 4135 distantias
766 4095 786 4136 a
808 4073 880 4139 Sole
909 4075 1038 4138 minores
1070 4073 1225 4154 postulari.
1281 4070 1481 4151 comiteque
1506 4069 1691 4150 conspiratio

342 4160 404 4223 ista
424 4156 487 4218 vim
509 4153 716 4222 admirabilem
737 4163 862 4228 afferret
884 4167 924 4230 ad
945 4161 1203 4247 persuadendum,
1234 4162 1339 4224 statIm
1361 4160 1508 4235 conclusi,
1541 4159 1619 4222 bunc
1641 4159 1690 4220 in·
1720 4158 1725 4167 '

343 4263 481 4330 gressum
503 4243 645 4325 planetas
669 4251 708 4312 ad
731 4250 830 4316 latera
852 4274 890 4316 ex
913 4273 948 4318 eo
971 4253 1154 4333 contingere,
1180 4250 1258 4333 qnod
1281 4251 1375 4313 virtus
1398 4251 1552 4330 planetam
1567 4265 1692 4312 movens

344 4345 376 4402 et
395 4333 563 4415 ⁴distantias
585 4353 624 4398 ex
645 4337 713 4419 lege
737 4341 840 4409 circuli
863 4345 1077 4406 administrans
1093 4341 1269 4423 praeveniat
1283 4341 1424 4402 virtutem
1438 4337 1536 4402 Solis:
1561 4335 1692 4418 eoquod

343 4428 398 4492 illa
428 4423 604 4506 aequalibus
643 4430 828 4510 temporibus
865 4432 1007 4515 aequales
1038 4449 1199 4514 processus
1231 4429 1363 4505 faceret,
1400 4435 1432 4490 et
1463 4427 1506 4490 sic
1536 4427 1693 4508 planetam

344 4513 543 4596 aequabiliter
574 4513 642 4594 Iege
678 4517 804 4603 epicycli
844 4521 884 4587 ad
910 4521 1013 4586 Solem
1044 4522 1232 4596 demitteret3
1274 4519 1348 4582 haec
1380 4535 1450 4579 vero
1483 4515 1609 4579 disemis
1645 4513 1692 4577 sui

344 4603 488 4688 gradibus
515 4621 569 4684 per
598 4603 719 4670 diversa
741 4609 923 4683 diastemata
945 4618 1103 4692 exceptum
1123 4611 1278 4692 planetam
1299 4607 1510 4688 inaequaliter,
1541 4613 1573 4668 et
1596 4605 1690 4668 altum

345 4693 688 4774 tardius-promoverem
711 4715 768 4778 qno
790 4700 898 4776 fleret‚·
912 4708 947 4763 nt
968 4701 1130 4764 disunuae
1153 4697 1322 4782 aequalium
1344 4713 1464 4759 arcuum
1487 4693 1612 4779 epicyoli
1636 4711 1689 4756 ae·

303 4857 309 4872 .
346 4783 567 4846 cumularentur
588 4802 694 4848 versus
718 4783 743 4852 Ο
767 4787 917 4868 aphelinm
939 4797 971 4854 et
992 4791 1018 4852 F
1039 4788 1228 4871 perihelinm,
1253 4792 1285 4849 et
1305 4786 1402 4849 rarius
1423 4793 1592 4849 sererentur
1611 4783 1692 4847 circa

346 4871 461 4936 medias
487 4870 706 4953 longitudines,
735 4883 826 4962 atque
849 4877 894 4944 sic
915 4897 1019 4943 omnes
1041 4900 1062 4942 a
1079 4879 1166 4963 jueta
1187 4875 1324 4963 perihelii
1343 4875 1568 4964 propinquitate
1590 4881 1691 4941 retra-
