3582 5558
305 315 369 384 ¹02
725 315 948 380 nmmsoprm
966 313 1115 382 meme·
1132 319 1234 366 osen

302 497 338 564 Iu
360 500 391 570 t(
412 491 433 558 2
456 493 503 556 vel
527 490 559 558 3‘
582 492 688 558 deesse
710 499 783 576 puto
807 501 838 556 et
860 494 929 557 huie
951 501 984 556 et
1006 492 1137 573 antiquis
1164 489 1402 573 hypothesibus,
1425 491 1505 554 lorte
1528 496 1657 571 proprar

304 586 415 648 lalsam
447 582 661 646 assumtionem
693 583 722 646 in
752 589 790 656 34.
837 581 967 654 Nam&
996 581 1103 645 babuit
1134 599 1212 643 anno
1243 577 1297 645 93.
1330 580 1360 642 in
1385 583 1412 652 8
1437 578 1478 658 Θ
1512 597 1658 661 maguam

303 675 504 738 latitudinem.
550 671 613 738 Sed
637 691 695 736 non
718 672 823 748 video,
856 672 1002 753 quomodo
1025 671 1176 752 corrigere
1198 669 1330 750 possim,
1361 678 1397 733 ut
1418 670 1531 733 nullum
1555 669 1656 732 datr-i-

303 770 436 828 mentum
466 761 612 826 inferatur
643 762 716 826 locis
731 761 880 842 reliquis.
932 761 976 825 Et
1006 768 1108 823 tamen
1138 767 1266 840 possunt
1294 759 1369 822 haec
1399 756 1431 823 3¹
1462 759 1493 822 in
1526 755 1656 835 ἒδΘ

303 854 421 918 ellicere
445 852 485 916 ad
508 849 719 935 apparentiam
745 848 895 914 10-1lt
943 849 1006 914 Sed
1028 857 1061 912 et
1083 849 1165 912 aliud
1188 857 1238 911 est
1267 849 1346 930 quod
1379 847 1518 912 desidero
1540 848 1572 912 in
1595 847 1656 910 bac

301 943 482 1026 hypothesi:
515 959 620 1020 nempe
649 939 727 1022 qnod
750 941 791 1002 ad
818 940 965 1004 insaniam
997 957 1091 1020 usqne
1122 938 1308 1001 contendens
1331 957 1454 1000 causam
1485 937 1658 1000 naturalem

305 1033 474 1113 confingere
498 1050 556 1094 noo
580 1047 712 1110 possum,
737 1048 789 1092 cur
811 1036 853 1105 d,
878 1030 925 1092 cni
948 1037 1127 1096 tartareum
1148 1027 1363 1109 probabilitate
1386 1027 1507 1090 libratio
1529 1027 1560 1089 in
1583 1026 1657 1089 dis·

302 1131 398 1188 metro
422 1119 611 1185 tribuebatur
634 1121 698 1193 (res
721 1117 799 1182 enim
823 1117 909 1182 nobis
933 1118 971 1180 ad
985 1119 1113 1182 virtutes
1136 1116 1324 1197 magneticas
1346 1111 1470 1197 pulchre
1493 1115 1657 1180 admodum

302 1211 483 1286 recidebat),
503 1208 607 1290 ¹potios
630 1207 704 1270 velit
726 1208 770 1270 ire
795 1207 912 1290 ellipsin
935 1207 985 1270 vel
1008 1207 1035 1270 ei
1057 1206 1226 1288 proximam
1248 1206 1336 1269 viam.
1383 1207 1528 1270 Fortasse
1551 1214 1656 1268 tamen

302 1309 385 1382 puto,
410 1301 538 1362 virtutes
560 1297 747 1378 magnetioas
770 1315 829 1360 non
852 1296 971 1360 omnino
995 1298 1143 1377 respicere
1168 1293 1259 1366 sinus,
1283 1295 1338 1357 sed
1361 1295 1443 1358 aliud
1465 1295 1590 1376 aliquid.

302 1421 304 1426 ·
393 1388 522 1454 Omnino
555 1387 637 1467 sapit
668 1386 870 1466 magneticam
892 1387 954 1449 vim
985 1385 1213 1460 eccentricitas,
1237 1392 1271 1447 nt
1295 1393 1344 1448 est
1365 1385 1396 1447 iu
1421 1382 1657 1450 Commentariis

304 1481 396 1544 meis:
421 1487 456 1542 ut
478 1479 505 1542 sl
527 1476 634 1556 globus
657 1484 683 1546 d
707 1477 832 1539 heberet
855 1493 943 1539 axem
965 1474 1168 1556 magneticnm
1197 1493 1254 1537 nno
1281 1475 1352 1555 poln
1383 1471 1424 1552 Θ
1449 1471 1655 1557 appetentem,

305 1572 400 1635 altero
424 1566 599 1648 fugientem,
623 1583 718 1646 eoque
741 1585 798 1627 axe
821 1565 1024 1646 porrigeretur
1046 1565 1075 1626 io
1100 1563 1303 1642 longitudines
1321 1564 1447 1640 medias,
1470 1573 1541 1627 tune
1564 1583 1658 1646 qaam

304 1660 355 1724 diu
377 1665 516 1722 versatur
538 1656 570 1718 in
593 1655 793 1718 descendente
817 1654 1014 1730 semicirculo,
1039 1654 1168 1716 maxime
1192 1653 1222 1716 in
1237 1653 1422 1734 longitudine
1445 1653 1554 1730 media,
1578 1671 1656 1736 por-

303 1749 377 1828 rigit
407 1746 510 1826 polum
547 1751 740 1826 appetentem
769 1762 875 1807 versus
906 1741 967 1822 Θ,
1008 1745 1110 1824 itaque
1143 1759 1262 1823 semper
1292 1741 1332 1804 ad
1356 1739 1397 1821 Θ
1428 1743 1565 1819 accedit,
1598 1743 1658 1806 sed

304 1837 433 1902 maxime
455 1837 485 1898 io
508 1833 692 1915 longitudine
725 1834 839 1908 madia,
870 1834 944 1896 nibil
967 1834 997 1898 iu
1029 1833 1194 1913 apsidibus.
1239 1831 1282 1894 Et
1310 1839 1382 1895 tunc
1409 1832 1438 1894 iu
1471 1833 1671 1920 ascendam

303 1924 491 1990 semicirculo
515 1923 681 2004 aequaliter
703 1924 782 2004 lugit
795 1944 815 1986 a
830 1921 880 2001 Θ.
919 1923 1073 1986 Fortassis
1096 1919 1198 2002 itaque
1213 1919 1321 1996 (liceat
1339 1921 1416 1984 enim
1439 1922 1521 1998 mibi,
1540 1922 1657 2003 jucun-

305 2016 428 2080 dissime
450 2013 593 2088 Fabrici,
622 2013 691 2076 dum
713 2021 813 2076 tecum
837 2013 940 2093 loquor
962 2011 1115 2082 exerceri,
1144 2012 1213 2075 dnrn
1236 2029 1377 2074 exerceor
1408 2011 1568 2092 prolicere)
1592 2010 1659 2074 alis

303 2107 404 2188 aliqua
426 2105 476 2168 lex
498 2109 565 2179 est,
588 2120 648 2184 qua
668 2121 793 2182 magnes
817 2101 926 2184 aliquis
954 2101 1033 2182 fugit
1054 2109 1087 2164 et
1110 2100 1259 2182 sequitur,
1293 2120 1383 2184 quam
1405 2100 1498 2164 sinus.
1544 2101 1655 2164 Posito

622 2191 718 2266 enim,
744 2192 829 2274 'quod
858 2190 947 2252 DFA
978 2190 1021 2254 sit
1051 2201 1163 2274 eorpus
1188 2197 1215 2260 d
1243 2190 1403 2253 rotundum
1432 2197 1464 2252 et
1494 2189 1556 2254 DA
1587 2189 1658 2253 axis

404 2265 459 2334 ΠΕ·
478 2259 520 2314 ³⁴·
621 2280 828 2361 magusticus:
853 2297 909 2360 ego
924 2280 1070 2342 hactenus
1093 2279 1190 2360 posui,
1214 2279 1292 2360 quod
1306 2280 1406 2342 blsrte
1425 2279 1469 2340 sic
1491 2280 1658 2355 collocato,

587 2383 610 2426 a
623 2380 658 2433 nt
680 2369 782 2434 Solem
805 2368 918 2432 hebeat
940 2369 969 2432 in
993 2369 1073 2432 linea
1093 2366 1163 2444 ΒΟ,
1188 2387 1231 2431 se.
1255 2368 1285 2430 in
1307 2368 1351 2444 K,
1377 2387 1414 2431 ea
1436 2369 1478 2430 sit
1499 2369 1657 2450 proportio

524 2530 530 2549 ,
624 2460 789 2524 celeritatis
814 2459 879 2538 ejus
902 2460 932 2522 in
956 2458 1126 2522 accedendo
1150 2458 1189 2520 ad
1212 2458 1399 2521 celeritatem
1421 2458 1451 2521 in
1475 2459 1658 2535 recedendo,

625 2568 692 2612 cum
715 2549 807 2628 babet
831 2547 934 2610 Solem
956 2549 986 2612 iu
1005 2548 1044 2624 D,
1070 2565 1146 2628 quae
1169 2555 1219 2610 est
1240 2548 1394 2629 proportio
1418 2547 1502 2610 sinus
1517 2549 1659 2622 (versus)

439 2696 447 2711 ,
494 2692 516 2718 .,
544 2657 555 2704 1
593 2662 597 2672 ¹
625 2639 671 2702 IN
694 2637 733 2699 ad
756 2637 812 2700 sio.
829 2637 882 2700 IB.
919 2637 961 2699 Et
983 2637 1013 2698 in
1036 2638 1094 2699 hac
1116 2637 1265 2718 positione
1289 2637 1413 2699 inventa
1436 2637 1544 2700 eath
1567 2637 1659 2700 nimis

625 2745 730 2808 parva,
753 2727 812 2789 imo
837 2727 899 2788 iere
919 2727 1006 2806 justa
1028 2745 1082 2808 pro
1106 2725 1256 2808 particula
1283 2725 1467 2800 librationis,
1490 2743 1544 2808 pro
1568 2729 1659 2789 men-

626 2836 714 2891 sura;
739 2817 809 2898 quid
833 2816 860 2878 si
874 2834 945 2896 ergo
969 2815 1069 2896 potius
1092 2816 1136 2878 sic
1151 2815 1192 2878 sit
1211 2815 1285 2878 baec
1309 2833 1425 2898 quoque
1449 2834 1522 2878 vera
1544 2817 1658 2878 eeleri-

625 2907 710 2976 tatis,
733 2913 767 2968 ut
788 2905 846 2970 Nc
870 2906 910 2968 ad
931 2904 988 2968 BD
1011 2914 1064 2968 aut
1091 2905 1153 2968 alia
1175 2904 1299 2986 aliqua?
1336 2905 1417 2968 Nam
1440 2905 1466 2968 si
1489 2906 1583 2968 etiam
1606 2905 1659 2967 in-

306 2998 486 3060 haereamus
510 2997 577 3059 buic
601 2995 761 3080 hypothesi
783 2995 982 3074 magnericus,
1006 2995 1173 3058 rationibus
1202 2995 1379 3076 quibusdam
1402 3013 1542 3076 cogemur
1565 2994 1660 3058 aliurn

307 3086 437 3170 aliquem
459 3086 579 3149 modum
603 3103 755 3170 quaerere.
802 3084 945 3159 Primum,
970 3084 996 3146 si
1021 3081 1061 3162 Θ
1086 3092 1117 3145 et
1139 3084 1203 3164 poli
1231 3084 1393 3163 magnetici
1416 3084 1454 3161 D,
1479 3085 1509 3146 A
1532 3092 1605 3147 sunt
1626 3084 1659 3146 in

305 3177 411 3238 eodem
434 3176 524 3256 plano
548 3175 717 3250 eeee'otrici,
741 3193 800 3236 non
816 3173 958 3236 debemus
981 3174 1152 3254 suspicione
1168 3173 1297 3254 quadam
1321 3173 1445 3247 turbari,
1469 3173 1555 3255 quasi
1574 3173 1659 3236 aliud

309 3265 467 3329 dicendum
490 3265 531 3328 sit
554 3267 591 3327 de
621 3265 717 3328 solido
749 3264 883 3344 corporis
905 3263 1095 3344 planetarum
1127 3262 1234 3340 globo,
1269 3262 1350 3326 aliud
1384 3264 1421 3326 de
1449 3263 1561 3326 circulo
1593 3264 1660 3344 ejus

308 3353 450 3418 maximo.
496 3353 577 3417 Nam
599 3356 698 3436 posito
723 3354 801 3434 qood
824 3353 987 3434 posuimus,
1010 3351 1117 3432 globus
1140 3359 1223 3413 totus
1246 3359 1401 3432 poteslate
1424 3353 1538 3415 divisus
1561 3352 1659 3415 intel-

306 3443 410 3524 ligitur
434 3444 464 3507 in
488 3442 618 3507 infinitos
642 3443 770 3506 circulos
792 3443 975 3522 parallelos,
1008 3441 1178 3504 amaximo
1205 3441 1343 3521 utrinque
1366 3443 1405 3505 sd
1428 3442 1584 3517 minimos,
1607 3443 1660 3524 qui

306 3551 410 3595 omnes
433 3533 600 3613 aequaliter
623 3551 728 3594 versus
744 3529 784 3608 Θ
809 3539 896 3594 erunt
919 3531 1065 3612 dispositi,
1090 3532 1192 3613 itaque
1216 3531 1370 3610 proportio
1393 3530 1528 3594 manebit
1551 3532 1660 3594 eadem

306 3621 514 3702 multiplicatis
538 3621 682 3688 terminis.
728 3619 779 3682 Sit
802 3639 873 3700 ergo
895 3621 997 3687 FDIA
1020 3621 1147 3683 circulus
1170 3619 1295 3702 quilibet
1317 3619 1490 3704 incorpore
1513 3622 1659 3701 planetae

307 3711 472 3790 parallelus
496 3711 673 3788 eccentrico,
698 3716 730 3771 et
751 3709 794 3771 sit
815 3709 885 3771 FDI
908 3710 1112 3772 semicirculus
1145 3715 1306 3790 appetens,
1329 3711 1401 3774 FAl
1423 3710 1560 3791 fugiens,
1583 3709 1660 3773 Sole

306 3800 339 3862 in
361 3799 405 3862 BI
426 3809 569 3862 versante
592 3802 626 3864 lit
655 3797 881 3881 aequilibrium,
915 3798 1043 3879 quiade
1073 3799 1277 3874 semicirculo,
1310 3800 1359 3881 qni
1383 3799 1448 3864 Soli
1477 3799 1657 3874 obvertitur,

305 3907 348 3952 sc.
374 3888 469 3960 DIA,
503 3889 657 3952 dimidium
679 3889 724 3954 Dl
757 3895 806 3950 est
838 3895 1002 3968 appetens,
1034 3889 1187 3962 dimidium
1209 3890 1254 3951 IA
1279 3888 1413 3970 logiam
1436 3889 1508 3952 Sole
1531 3907 1604 3952 vero
1626 3889 1658 3952 iu

304 3978 363 4043 ΒΚ
386 3979 536 4054 versante,
561 3978 764 4048 semicirculus
787 3974 878 4040 Rom
901 3977 1118 4053 consideratur,
1141 3978 1172 4040 in
1196 3997 1252 4059 quo
1268 3977 1313 4040 Rl
1336 3985 1408 4040 sunt
1430 3987 1533 4059 partes
1558 3995 1658 4060 appe·

308 4075 420 4142 tentes,
443 4068 494 4132 IM
509 4067 669 4148 fugientes.
706 4064 851 4129 PoneIG
874 4067 1030 4147 aequalem
1044 4067 1103 4143 IM,
1127 4066 1220 4148 igitur
1236 4065 1284 4129 IG
1307 4067 1522 4132 annihilabitur
1544 4069 1583 4131 ab
1599 4069 1659 4132 ΙΜ.

306 4155 499 4239 Relinquitur
521 4155 583 4220 RG
606 4155 854 4219 considerandum
876 4175 931 4238 pro
953 4173 1093 4220 mensura
1116 4156 1288 4236 appetentis
1311 4157 1479 4222 facultatist
1524 4159 1587 4223 Ubi
1609 4159 1661 4225 lss

306 4248 558 4328 complementum
581 4255 629 4308 est
657 4245 696 4307 ad
720 4243 761 4308 lc
785 4247 951 4308 discessum
977 4245 1130 4326 planetae.
1143 4247 1197 4308 ab
1211 4263 1350 4326 apogaeo
1371 4253 1403 4310 et
1424 4246 1474 4311 IG
1495 4247 1661 4325 similitcr;

306 4355 377 4416 ergo
403 4335 462 4398 GR
492 4353 579 4397 arcus
609 4343 658 4396 est
690 4334 797 4414 duplus
821 4336 859 4400 ad
882 4332 925 4397 10
950 4334 1116 4398 discessum
1146 4336 1184 4397 ab
1212 4353 1358 4416 apogaeo.
1405 4335 1523 4410 Quodsi
1553 4347 1661 4420 partes

307 4433 484 4505 appetentes
508 4443 603 4505 aeque
635 4424 749 4486 multae
781 4443 899 4505 semper
931 4431 1110 4505 appeterent
1142 4425 1308 4506 aequaliter
1340 4444 1514 4508 quocunque
1546 4428 1660 4509 angulo
1723 4419 1726 4424 ’

306 4513 403 4591 DBK,
428 4511 517 4577 GBK
539 4515 604 4590 uo..
630 4521 700 4577 tunc
724 4515 844 4576 omnino
867 4514 1020 4577 discessus
1043 4516 1082 4577 ab
1107 4531 1241 4595 apogaeo
1271 4515 1429 4579 metiretur
1449 4517 1660 4598 appetentiam

307 4609 339 4664 et
361 4605 535 4686 aequalibus
566 4603 750 4686 temporibus
782 4603 918 4684 aequalis
952 4612 1035 4667 esset
1066 4603 1276 4666 distantiarum
1304 4611 1330 4674 d
1358 4627 1378 4668 a
1410 4603 1451 4684 Θ
1479 4606 1659 4670 imminutio.

306 4689 369 4753 Sed
392 4693 611 4756 consideranda
642 4693 735 4756 etism
767 4693 910 4756 lortitudo
941 4694 1053 4774 anguli.
1099 4693 1178 4758 Nam
1201 4689 1274 4756 Sole
1296 4693 1327 4756 in
1349 4695 1393 4758 Bl
1415 4703 1569 4771 versante,
1599 4694 1660 4759 etsi

306 4780 381 4842 nihil
405 4791 602 4862 operarentur
623 4783 669 4848 Al
692 4783 853 4868 fugientes,
876 4802 936 4846 non
959 4791 1059 4848 tameo
1082 4783 1127 4846 DI
1149 4789 1343 4865 appeterent,
1366 4783 1437 4868 quia
1459 4786 1562 4868 anguli
1584 4785 1659 4850 Dlid
