3606 5562
619 329 624 350 '
648 337 664 376 a
680 323 789 390 Koplaro
806 322 946 376 mndata
1402 324 1462 390 711
1568 315 1571 334 '

123 501 210 566 illam
238 500 376 564 incedere
402 501 519 582 lingas:
550 500 656 566 toties·
670 489 834 566 intenditur
860 508 960 566 motus
990 500 1055 582 ejus
1083 500 1232 566 celeritas.
1277 503 1382 584 Itaque
1405 503 1466 568 vim
1580 559 1582 568 .

125 589 274 672 quandam
297 591 435 652 movendi
459 589 573 654 obtinet
595 597 710 653 tractus
733 590 794 654 ille.
842 588 929 663 Quod
957 591 1062 654 mirum
1090 609 1158 654 esse
1181 591 1300 654 minime
1323 591 1415 674 debet
1435 594 1465 656 in

125 679 300 757 corporibus
324 678 512 756 coelestibus,
537 699 613 762 quae
636 699 693 742 non
711 687 834 744 externa
849 679 878 741 vi
897 679 1038 756 vectium,
1061 688 1215 744 ventorum
1239 689 1291 742 ant
1314 699 1466 761 aquarum,

125 767 181 830 sed
213 768 331 832 nutibus
362 767 648 848 perfectissimarum
678 769 819 832 mentium
848 777 879 831 et
907 769 1091 849 geometriae
1121 769 1334 850 imaginatione
1365 770 1468 850 topica

124 855 250 918 cientur.
296 857 348 920 Sic
376 857 467 937 igitur
493 857 589 920 habe:
622 859 681 921 nisi
711 857 884 920 inesset-in
914 858 967 920 illo
997 866 1096 920 tractu
1124 859 1170 922 vis
1200 859 1275 922 haec
1298 859 1468 923 adventitia
1575 913 1579 928 ,

123 945 318 1028 promovendi
340 964 447 1028 corpus
470 947 592 1022 Lunae,
623 953 739 1010 tantum
766 947 897 1011 futurum
920 948 983 1027 ejus
1006 954 1117 1010 motum
1146 947 1294 1022 medium,
1326 955 1468 1028 quantum

125 1053 197 1098 esse
220 1035 298 1098 solet
320 1035 351 1096 in
373 1037 563 1116 quadraturis
588 1036 711 1109 (ceteris
734 1037 891 1115 paribusi:
921 1037 1023 1117 plures
1046 1037 1171 1106 veroin
1194 1057 1252 1098 una
1274 1035 1468 1100 restitutione

124 1123 218 1186 horas
241 1125 318 1200 fore,
349 1144 436 1207 quam
463 1126 529 1206 jam
558 1125 681 1189 obtinet.
727 1125 773 1188 At
794 1125 946 1206 quiajam
969 1125 1086 1188 accedit
1108 1125 1162 1191 illa
1189 1125 1280 1188 motio
1304 1134 1467 1200 menstrua,

125 1211 228 1292 colligi
251 1213 333 1276 illam
355 1233 480 1276 necesse
505 1221 552 1278 est
575 1222 606 1277 et
629 1213 742 1276 intendi
765 1213 850 1276 initio
870 1215 966 1289 tarde,
992 1234 1059 1278 curn
1072 1215 1160 1278 Luna
1175 1215 1255 1278 circa
1269 1215 1468 1296 quadraturas

123 1302 266 1366 brevibus
288 1302 427 1384 passibus
450 1304 488 1366 ad
512 1303 620 1366 lineam
637 1301 697 1366 ΑΚ
715 1304 952 1385 appropinquat,
975 1303 1024 1366 ubi
1045 1303 1179 1386 proxime
1203 1304 1329 1379 venerit,
1353 1303 1469 1383 majora

124 1391 213 1472 hujus
236 1390 420 1456 incitationis
443 1393 627 1456 incrementa
650 1399 735 1468 suut,
765 1393 844 1474 quod
865 1393 991 1454 Lunae
1020 1393 1133 1456 directo
1157 1395 1188 1456 in
1211 1394 1322 1456 lineam
1343 1393 1467 1462 involet,

123 1499 185 1542 non
209 1487 243 1542 ut
263 1480 346 1562 prius
370 1501 408 1544 ex
437 1481 565 1562 obliquo.
611 1483 757 1566 Adeoque
785 1500 861 1563 quae
894 1490 944 1545 est
973 1483 1126 1562 proportio
1159 1482 1274 1546 sinuum
1305 1482 1468 1546 distantiae

12 1639 13 1644 .
124 1569 231 1632 Lunae
251 1565 357 1632 aSole
380 1570 429 1632 vel
452 1571 517 1650 ejus
541 1571 689 1651 opposito,
714 1570 789 1632 haec
812 1577 860 1632 est
881 1571 1035 1652 proportio
1060 1572 1328 1639 incitamentorum.
1367 1569 1469 1642 Quare

125 1658 154 1720 si
176 1677 386 1740 usurparemus
407 1659 511 1722 Lunae
534 1667 646 1722 motum
668 1679 722 1741 pro
745 1659 852 1736 medio,
878 1667 1006 1742 quantus
1030 1661 1059 1724 iu
1083 1661 1272 1740 quadraturis
1296 1669 1364 1722 est:
1388 1679 1469 1722 sem·
1506 1734 1508 1740 ἲ

124 1766 181 1828 per
196 1747 371 1810 adderemus
388 1749 433 1810 illi
448 1749 630 1812 incitationis
650 1749 773 1830 aliquid,
796 1749 950 1814 minimum
973 1757 1074 1814 tamen
1096 1750 1127 1812 in
1150 1747 1361 1831 quadraturis,
1373 1749 1469 1831 pluri·

12 1863 13 1916 3
127 1855 207 1900 mum
230 1837 260 1898 in
285 1838 424 1920 syzygiis,
460 1839 505 1902 At
529 1839 598 1918 quia
621 1837 787 1919 antiquitus
810 1839 887 1902 hunc*
908 1858 963 1919 pro
986 1839 1084 1902 medio
1106 1847 1198 1902 motu⁴
1212 1838 1395 1910 adhibemus,
1420 1838 1469 1919 qui

127 1925 233 1988 existit
255 1926 349 1990 diviso
373 1927 481 1992 circulo
504 1926 532 1990 iu
557 1927 622 1988 dies
643 1928 727 1990 unius
748 1927 957 2004 restitutionis,
981 1927 1077 1990 ubivis
1095 1928 1149 1990 illa
1171 1927 1268 1991 altera
1290 1930 1467 1992 commisce-

127 2023 187 2088 tur,
212 2015 280 2080 hiuc
303 2016 407 2079 existit
429 2025 532 2080 tantus
554 2023 663 2092 motus,
688 2024 815 2096 quantus
838 2025 886 2080 est
908 2017 1017 2094 qeteris
1039 2016 1160 2098 paribus
1183 2016 1280 2079 medio
1304 2018 1370 2079 loco
1393 2017 1470 2080 iuter
1593 2055 1596 2061 ·

128 2104 342 2185 quadraturam
366 2113 398 2166 et
420 2105 573 2186 copulam,
601 2106 651 2168 ubi
674 2106 803 2168 ethaeo
826 2105 913 2168 modo
936 2105 1088 2186 descripta
1109 2105 1289 2168 acceleratio
1311 2104 1470 2172 mediocris

12 2241 13 2274 3
129 2201 188 2254 est.
233 2194 264 2254 la
286 2193 379 2274 igitur
400 2201 499 2260 motus
529 2194 599 2276 quia
627 2195 657 2258 iu
687 2195 802 2274 copulis
830 2213 940 2274 parvus
971 2203 1037 2268 est,
1069 2195 1099 2256 in
1131 2194 1320 2276 quadraturis
1350 2195 1469 2270 nimius,

130 2300 318 2364 consequens
342 2290 404 2358 est,
428 2289 462 2346 ut
484 2283 546 2346 illic
569 2290 715 2363 augeatur
737 2283 785 2346 hio
808 2282 974 2346 minuatur:
999 2284 1077 2346 unde
1101 2301 1189 2366 quam
1211 2284 1293 2363 prius
1318 2285 1470 2347 accelera·

127 2371 242 2434 tionem
269 2371 317 2433 vel
344 2371 549 2435 incitationem
582 2372 661 2446 dixi,
694 2372 872 2436 variationis
902 2392 1009 2436 nomen
1037 2373 1117 2454 apud
1145 2372 1316 2455 'lychonem
1344 2373 1468 2436 obtinet.

127 2461 214 2522 Haec
237 2461 273 2522 de
296 2461 352 2524 hec
374 2460 539 2525 variatione
563 2461 661 2523 dicere
684 2461 781 2536 volui,
812 2461 921 2540 partim
945 2482 980 2524 ne
1011 2463 1163 2526 circellum
1186 2460 1251 2542 ejus
1274 2463 1393 2524 viderer
1415 2482 1470 2524 ne-

12 2541 13 2618 ]
127 2549 280 2630 glorisso,
312 2549 362 2632 qui
384 2559 432 2614 est
453 2559 570 2614 tautum
593 2551 632 2612 ad
661 2569 831 2615 mensuram
858 2559 1033 2632 susceptus,
1065 2571 1124 2614 nou
1148 2552 1187 2612 ad
1211 2559 1309 2612 motus
1333 2552 1468 2624 formam,

12 2687 13 2690 η
127 2639 240 2723 partim
263 2646 296 2700 ut
318 2639 460 2702 lectorem
479 2658 592 2702 meeum
607 2639 751 2719 paulatim
770 2640 800 2702 in
816 2640 1098 2721 contemplationem
1115 2639 1271 2721 physicam
1291 2638 1469 2703 inducerem.

12 2783 13 2800 ,
127 2728 310 2792 Numidam
337 2729 426 2808 plana
457 2728 625 2810 (physicum
651 2731 772 2809 nempe)
799 2728 943 2812 judicium
970 2729 1124 2794 ferendum
1151 2730 1273 2794 tandem
1301 2729 1358 2790 erit
1381 2729 1471 2792 etde
1574 2769 1576 2777 ι

128 2819 187 2880 hoc
209 2817 330 2880 residuo
354 2817 484 2900 epioyclo
508 2817 573 2892 FB,
606 2835 693 2897 quern
720 2817 892 2904 parallaxes
915 2819 1050 2882 Lunares
1080 2817 1261 2899 aTychone
1292 2819 1471 2881 observatae

13 2959 14 2994 ἰ
127 2915 276 2986 respuunt
306 2925 360 2969 neo
388 2905 559 2986 patiuntur,
587 2907 704 2968 Lunam
730 2925 783 2986 per
813 2906 895 2968 illurn
926 2906 1017 2970 etiarn
1044 2906 1143 2968 attolli
1175 2907 1224 2968 vel
1256 2907 1389 2987 deprimi.
1436 2908 1471 2968 In

13 3047 14 3070 ,
127 2995 268 3058 examine
292 2996 368 3058 enim
392 2993 599 3075 parallarium,
624 3014 699 3075 quas
713 2993 802 3056 Luna
824 2994 855 3056 in
877 2993 1067 3076 quadraturis
1089 3002 1254 3074 pateretur,
1278 2995 1471 3058 discursitare

13 3075 14 3148 J
127 3085 336 3148 inveniebatur
358 3106 377 3146 a
399 3075 695 3148 sternutamenta
715 3084 826 3145 Terrae
849 3082 879 3144 in
902 3079 946 3146 60
969 3084 1095 3146 circiter.
1134 3081 1218 3156 Quos
1241 3083 1343 3164 Tyoho
1365 3083 1471 3146 termi-

127 3194 185 3244 nos
208 3174 368 3256 hypothesi
396 3173 529 3236 serviens
560 3172 734 3254 prorogavit
761 3193 780 3233 a
808 3167 904 3235 52111
928 3167 987 3247 61,
1021 3171 1099 3263 qnod
1130 3172 1193 3249 ipse
1222 3171 1252 3233 in
1279 3172 1410 3254 capitulo
1434 3172 1471 3232 de

127 3264 234 3328 Lunae
256 3262 463 3344 perallaxibus
488 3262 591 3324 innuit.
638 3261 768 3324 Dubium
791 3280 849 3323 nou
871 3266 937 3333 est,
961 3260 1032 3342 quin
1056 3259 1233 3339 simpliciter
1255 3267 1319 3322 tam
1341 3261 1372 3323 in
1395 3279 1471 3342 qua-

128 3353 261 3415 draturis
284 3371 374 3436 quam
396 3355 426 3414 iu
455 3350 569 3432 copulis
598 3351 675 3414 idem
707 3351 838 3430 spatium
866 3345 885 3412 6
909 3350 1029 3412 circiter
1051 3350 1338 3412 semidiametrorum
1360 3351 1471 3412 Terrae

130 3461 258 3504 ascensu
282 3442 485 3522 descensuque
514 3449 656 3520 occupet,
686 3440 773 3521 idque
801 3457 855 3519 per
883 3438 1137 3502 eccentrioitatem
1159 3439 1215 3502 AB
1245 3458 1297 3501 seu
1327 3439 1473 3501 latentem

130 3531 161 3592 in
186 3531 354 3594 eccentrico
377 3531 539 3611 epioyclum
549 3523 668 3592 'tantae
693 3528 918 3592 semidiametri.

178 3779 398 3880 Explicatio
429 3804 466 3858 et
494 3795 1029 3946 accommodqtiohtahularum
1059 3755 1421 3860 tranhiormatarum

684 3904 707 3945 a·
756 3904 795 3948 sc
828 3905 915 3946 ema.

220 4065 295 4128 'l'res
318 4072 389 4128 sunt
409 4062 596 4143 potissimum
618 4061 759 4138 tabulae;
783 4061 813 4124 in
836 4061 943 4142 prioris
963 4061 1060 4143 prima
1075 4063 1211 4125 columna
1229 4067 1371 4124 notantur
1393 4067 1472 4124 tem·

129 4175 217 4236 pora,
241 4154 346 4236 quibus
370 4153 550 4216 antefinem
570 4151 713 4232 adscripti
736 4152 765 4212 in
789 4150 921 4230 margine
950 4152 1020 4216 anni
1042 4159 1176 4213 centrum
1199 4149 1324 4231 epicycli
1348 4150 1471 4224 (ceteris
1561 4230 1563 4236 ἲ

129 4243 269 4328 paribus)
292 4243 324 4306 in
347 4260 479 4322 apogaeo
512 4235 577 4304 seu'
593 4248 703 4322 puncto
727 4241 755 4302 H
779 4238 869 4302 fuerit
890 4257 1054 4323 novamque
1077 4240 1231 4320 periodum
1254 4239 1345 4302 luerit
1368 4240 1471 4320 auspi-

130 4343 243 4398 catum.
269 4334 324 4396 -In
355 4331 486 4394 secunda
515 4330 652 4394 colulnua
683 4337 805 4418 notatur
836 4329 919 4390 locus
948 4331 1009 4392 ΑΗ
1042 4331 1096 4392 suh
1129 4327 1287 4408 ecliptica,
1319 4328 1349 4390 in
1380 4329 1473 4392 tertia

132 4425 218 4486 locus
241 4421 321 4486 nodi.

222 4513 254 4574 ln
282 4509 430 4576 secundae
457 4508 577 4570 tabulae
605 4507 740 4586 margine
768 4505 888 4568 sinistro
921 4512 991 4568 sunt
1022 4505 1133 4586 gradus
1166 4505 1275 4584 integri
1305 4506 1471 4568 anomaliae

131 4607 318 4684 coaequatae
342 4599 435 4664 centri
459 4596 582 4678 epicycli
606 4615 658 4658 sen
680 4593 770 4658 HAD
795 4593 905 4674 auguli,
929 4593 967 4656 ab
985 4593 1045 4656 ΑΗ
1067 4613 1160 4673 usque
1184 4594 1223 4655 ad
1237 4594 1284 4657 AI
1306 4594 1355 4656 vel
1380 4589 1469 4658 180⁰.

130 4694 166 4754 In
189 4690 289 4771 prima
310 4691 447 4751 columna
469 4686 539 4748 suirt
560 4693 695 4764 ternpore
717 4683 765 4744 his
793 4681 935 4762 gradibus
965 4682 1194 4762 respondentia,
1226 4700 1292 4743 curn
1322 4683 1471 4762 adjunctis

130 4777 310 4845 differentiis
343 4787 508 4858 temporum
540 4773 662 4836 cuilibet
693 4771 811 4851 integro
837 4772 942 4852 gradui
969 4769 1230 4852 respondentibus.
1275 4772 1310 4832 In
1341 4771 1471 4833 secunda

130 4879 183 4936 est
203 4875 307 4934 motus
329 4864 455 4948 apogaei
477 4863 548 4938 ΑΗ,
571 4861 754 4940 temporibus
778 4859 938 4941 adscriptis
961 4859 1153 4940 respondens.
1200 4859 1238 4924 ln
1259 4861 1351 4924 tertia
1372 4869 1470 4924 motus
