<?xml version="1.0" encoding="UTF-8"?>
<!DOCTYPE html PUBLIC "-//W3C//DTD XHTML 1.0 Transitional//EN"
    "http://www.w3.org/TR/xhtml1/DTD/xhtml1-transitional.dtd">
<html xmlns="http://www.w3.org/1999/xhtml" xml:lang="en" lang="en">
 <head>
  <title>
</title>
<meta http-equiv="Content-Type" content="text/html;charset=utf-8" />
  <meta name='ocr-system' content='tesseract 3.04.00' />
  <meta name='ocr-capabilities' content='ocr_page ocr_carea ocr_par ocr_line ocrx_word'/>
</head>
<body>
  <div class='ocr_page' id='page_1' title='image "./joanniskepleria28frisgoog_0394.png"; bbox 0 0 3678 5532; ppageno 0'>
   <div class='ocr_carea' id='block_1_1' title="bbox 640 287 1494 365">
    <p class='ocr_par' dir='ltr' id='par_1_1' title="bbox 640 287 1494 365">
     <span class='ocr_line' id='line_1_1' title="bbox 640 287 1494 365; baseline -0.007 -15"><span class='ocrx_word' id='word_1_1' title='bbox 640 295 701 350; x_wconf 76' lang='lat' dir='ltr'>Pau·</span> <span class='ocrx_word' id='word_1_2' title='bbox 718 292 823 361; x_wconf 66' lang='grc'><strong>55515</strong></span> <span class='ocrx_word' id='word_1_3' title='bbox 861 292 1002 364; x_wconf 72' lang='grc'><strong>5555551.</strong></span> <span class='ocrx_word' id='word_1_4' title='bbox 1430 287 1494 365; x_wconf 72' lang='lat'>375</span> 
     </span>
    </p>
   </div>
   <div class='ocr_carea' id='block_1_2' title="bbox 141 472 1597 2520">
    <p class='ocr_par' dir='ltr' id='par_1_2' title="bbox 141 472 1597 2520">
     <span class='ocr_line' id='line_1_2' title="bbox 234 472 1494 559; baseline -0.001 -21"><span class='ocrx_word' id='word_1_5' title='bbox 234 473 314 538; x_wconf 80' lang='lat' dir='ltr'>(ium</span> <span class='ocrx_word' id='word_1_6' title='bbox 345 473 437 555; x_wconf 69' lang='lat' dir='ltr'>i‘gitnr</span> <span class='ocrx_word' id='word_1_7' title='bbox 458 474 508 559; x_wconf 78' lang='lat' dir='ltr'>hic</span> <span class='ocrx_word' id='word_1_8' title='bbox 528 475 641 556; x_wconf 91' lang='lat' dir='ltr'>primus</span> <span class='ocrx_word' id='word_1_9' title='bbox 665 484 697 538; x_wconf 90' lang='lat' dir='ltr'>et</span> <span class='ocrx_word' id='word_1_10' title='bbox 723 472 831 540; x_wconf 77' lang='grc'><strong>1551155</strong></span> <span class='ocrx_word' id='word_1_11' title='bbox 864 478 947 540; x_wconf 88' lang='lat' dir='ltr'>locus</span> <span class='ocrx_word' id='word_1_12' title='bbox 978 475 1153 541; x_wconf 87' lang='lat' dir='ltr'>admodum·</span> <span class='ocrx_word' id='word_1_13' title='bbox 1168 493 1261 557; x_wconf 89' lang='lat' dir='ltr'>prope</span> <span class='ocrx_word' id='word_1_14' title='bbox 1294 475 1494 551; x_wconf 88' lang='lat' dir='ltr'>consentiant,</span> 
     </span>
     <span class='ocr_line' id='line_1_3' title="bbox 149 563 1495 647; baseline -0.001 -20"><span class='ocrx_word' id='word_1_15' title='bbox 149 563 268 646; x_wconf 87' lang='lat' dir='ltr'>putabit</span> <span class='ocrx_word' id='word_1_16' title='bbox 287 563 540 626; x_wconf 68' lang='lat' dir='ltr'>inconsideratior</span> <span class='ocrx_word' id='word_1_17' title='bbox 563 564 680 644; x_wconf 85' lang='lat' dir='ltr'>aliquis,</span> <span class='ocrx_word' id='word_1_18' title='bbox 704 567 846 630; x_wconf 83' lang='lat' dir='ltr'>standum</span> <span class='ocrx_word' id='word_1_19' title='bbox 865 565 991 640; x_wconf 83' lang='lat' dir='ltr'>abillis,</span> <span class='ocrx_word' id='word_1_20' title='bbox 1015 572 1134 628; x_wconf 87' lang='lat' dir='ltr'>ceteros</span> <span class='ocrx_word' id='word_1_21' title='bbox 1157 573 1305 647; x_wconf 88' lang='lat' dir='ltr'>utcunque</span> <span class='ocrx_word' id='word_1_22' title='bbox 1328 563 1495 627; x_wconf 86' lang='lat' dir='ltr'>concilian-</span> 
     </span>
     <span class='ocr_line' id='line_1_4' title="bbox 150 653 1496 735; baseline -0.003 -17"><span class='ocrx_word' id='word_1_23' title='bbox 150 655 218 730; x_wconf 91' lang='lat' dir='ltr'>dos,</span> <span class='ocrx_word' id='word_1_24' title='bbox 250 654 330 735; x_wconf 92' lang='lat' dir='ltr'>quod</span> <span class='ocrx_word' id='word_1_25' title='bbox 361 654 426 733; x_wconf 89' lang='lat' dir='ltr'>ipse</span> <span class='ocrx_word' id='word_1_26' title='bbox 457 671 573 735; x_wconf 89' lang='lat' dir='ltr'>quoqne</span> <span class='ocrx_word' id='word_1_27' title='bbox 606 654 655 714; x_wconf 91' lang='lat' dir='ltr'>diu</span> <span class='ocrx_word' id='word_1_28' title='bbox 688 655 847 719; x_wconf 83' lang='lat' dir='ltr'><strong>admodum</strong></span> <span class='ocrx_word' id='word_1_29' title='bbox 882 653 1010 718; x_wconf 75' lang='lat' dir='ltr'><strong>tentavi.</strong></span> <span class='ocrx_word' id='word_1_30' title='bbox 1067 653 1129 716; x_wconf 89' lang='lat' dir='ltr'>Sed</span> <span class='ocrx_word' id='word_1_31' title='bbox 1159 673 1223 716; x_wconf 91' lang='lat' dir='ltr'>cum</span> <span class='ocrx_word' id='word_1_32' title='bbox 1255 653 1407 716; x_wconf 87' lang='lat' dir='ltr'>conciliari</span> <span class='ocrx_word' id='word_1_33' title='bbox 1437 673 1496 715; x_wconf 90' lang='lat' dir='ltr'>uon</span> 
     </span>
     <span class='ocr_line' id='line_1_5' title="bbox 148 741 1493 824; baseline -0.002 -18"><span class='ocrx_word' id='word_1_34' title='bbox 148 753 273 824; x_wconf 79' lang='lat' dir='ltr'>possent</span> <span class='ocrx_word' id='word_1_35' title='bbox 296 743 444 806; x_wconf 90' lang='lat' dir='ltr'>secundus</span> <span class='ocrx_word' id='word_1_36' title='bbox 468 749 500 802; x_wconf 90' lang='grc'>51</span> <span class='ocrx_word' id='word_1_37' title='bbox 522 751 666 823; x_wconf 91' lang='lat' dir='ltr'>quartus,</span> <span class='ocrx_word' id='word_1_38' title='bbox 700 753 783 806; x_wconf 88' lang='lat' dir='ltr'>esset</span> <span class='ocrx_word' id='word_1_39' title='bbox 805 763 875 806; x_wconf 86' lang='lat' dir='ltr'>vero</span> <span class='ocrx_word' id='word_1_40' title='bbox 898 762 1009 822; x_wconf 82' lang='lat' dir='ltr'>magna</span> <span class='ocrx_word' id='word_1_41' title='bbox 1032 743 1079 804; x_wconf 86' lang='lat' dir='ltr'>vis</span> <span class='ocrx_word' id='word_1_42' title='bbox 1105 741 1211 806; x_wconf 89' lang='lat' dir='ltr'>harum</span> <span class='ocrx_word' id='word_1_43' title='bbox 1241 741 1493 816; x_wconf 86' lang='lat' dir='ltr'>observationum,</span> 
     </span>
     <span class='ocr_line' id='line_1_6' title="bbox 150 830 1577 914; baseline 0 -20"><span class='ocrx_word' id='word_1_44' title='bbox 150 839 311 912; x_wconf 89' lang='lat' dir='ltr'>propterea</span> <span class='ocrx_word' id='word_1_45' title='bbox 334 831 412 912; x_wconf 92' lang='lat' dir='ltr'>quod</span> <span class='ocrx_word' id='word_1_46' title='bbox 436 831 465 894; x_wconf 94' lang='lat' dir='ltr'>in</span> <span class='ocrx_word' id='word_1_47' title='bbox 489 831 636 910; x_wconf 88' lang='lat' dir='ltr'>quadrato</span> <span class='ocrx_word' id='word_1_48' title='bbox 651 830 734 896; x_wconf 89' lang='lat' dir='ltr'>Solis</span> <span class='ocrx_word' id='word_1_49' title='bbox 757 834 911 914; x_wconf 87' lang='lat' dir='ltr'>utriusque</span> <span class='ocrx_word' id='word_1_50' title='bbox 935 833 1019 894; x_wconf 90' lang='lat' dir='ltr'>visus</span> <span class='ocrx_word' id='word_1_51' title='bbox 1043 832 1086 894; x_wconf 92' lang='lat' dir='ltr'>sit</span> <span class='ocrx_word' id='word_1_52' title='bbox 1106 831 1239 914; x_wconf 88' lang='lat' dir='ltr'>plancta,</span> <span class='ocrx_word' id='word_1_53' title='bbox 1264 839 1297 893; x_wconf 91' lang='grc'>51</span> <span class='ocrx_word' id='word_1_54' title='bbox 1319 831 1348 892; x_wconf 89' lang='grc'>15</span> <span class='ocrx_word' id='word_1_55' title='bbox 1373 830 1496 910; x_wconf 89' lang='lat' dir='ltr'>quadri·</span> <span class='ocrx_word' id='word_1_56' title='bbox 1573 886 1577 894; x_wconf 94' lang='lat'>.</span> 
     </span>
     <span class='ocr_line' id='line_1_7' title="bbox 149 918 1495 1003; baseline -0.001 -21"><span class='ocrx_word' id='word_1_57' title='bbox 149 922 245 983; x_wconf 90' lang='lat' dir='ltr'>latero</span> <span class='ocrx_word' id='word_1_58' title='bbox 259 918 380 985; x_wconf 81' lang='lat' dir='ltr'><strong>AEKG</strong></span> <span class='ocrx_word' id='word_1_59' title='bbox 403 919 502 984; x_wconf 89' lang='lat' dir='ltr'>omnia</span> <span class='ocrx_word' id='word_1_60' title='bbox 524 938 617 1000; x_wconf 84' lang='lat' dir='ltr'>prope</span> <span class='ocrx_word' id='word_1_61' title='bbox 637 921 736 983; x_wconf 86' lang='lat' dir='ltr'>latera</span> <span class='ocrx_word' id='word_1_62' title='bbox 759 922 920 1003; x_wconf 84' lang='lat' dir='ltr'>anguliquc</span> <span class='ocrx_word' id='word_1_63' title='bbox 942 922 1084 1001; x_wconf 80' lang='lat' dir='ltr'>aequales</span> <span class='ocrx_word' id='word_1_64' title='bbox 1103 920 1175 994; x_wconf 89' lang='lat' dir='ltr'>sint,</span> <span class='ocrx_word' id='word_1_65' title='bbox 1198 921 1267 981; x_wconf 88' lang='lat' dir='ltr'>ideo</span> <span class='ocrx_word' id='word_1_66' title='bbox 1291 920 1334 982; x_wconf 88' lang='lat' dir='ltr'>sic</span> <span class='ocrx_word' id='word_1_67' title='bbox 1351 919 1495 998; x_wconf 79' lang='lat' dir='ltr'>transegi.</span> 
     </span>
     <span class='ocr_line' id='line_1_8' title="bbox 149 1008 1497 1088; baseline -0.001 -19"><span class='ocrx_word' id='word_1_68' title='bbox 149 1009 244 1072; x_wconf 87' lang='lat' dir='ltr'>Vides</span> <span class='ocrx_word' id='word_1_69' title='bbox 259 1015 306 1070; x_wconf 80' lang='lat' dir='ltr'>&#39;ex</span> <span class='ocrx_word' id='word_1_70' title='bbox 320 1009 443 1082; x_wconf 88' lang='lat' dir='ltr'>vicaria,</span> <span class='ocrx_word' id='word_1_71' title='bbox 467 1009 581 1072; x_wconf 88' lang='lat' dir='ltr'>distare</span> <span class='ocrx_word' id='word_1_72' title='bbox 605 1009 714 1072; x_wconf 87' lang='lat' dir='ltr'>debere</span> <span class='ocrx_word' id='word_1_73' title='bbox 728 1011 790 1074; x_wconf 88' lang='grc' dir='ltr'>ΑΚ</span> <span class='ocrx_word' id='word_1_74' title='bbox 814 1010 964 1074; x_wconf 88' lang='lat' dir='ltr'>secundae</span> <span class='ocrx_word' id='word_1_75' title='bbox 989 1009 1211 1071; x_wconf 79' lang='lat' dir='ltr'>observationis</span> <span class='ocrx_word' id='word_1_76' title='bbox 1230 1009 1268 1070; x_wconf 91' lang='lat' dir='ltr'>ab</span> <span class='ocrx_word' id='word_1_77' title='bbox 1283 1008 1344 1070; x_wconf 91' lang='grc' dir='ltr'>ΑΚ</span> <span class='ocrx_word' id='word_1_78' title='bbox 1362 1016 1497 1088; x_wconf 88' lang='lat' dir='ltr'>quartae,</span> 
     </span>
     <span class='ocr_line' id='line_1_9' title="bbox 141 1087 1557 1180; baseline -0.002 -18"><span class='ocrx_word' id='word_1_79' title='bbox 141 1096 201 1168; x_wconf 89' lang='grc' dir='ltr'>Ι173</span> <span class='ocrx_word' id='word_1_80' title='bbox 224 1093 300 1163; x_wconf 90' lang='grc'><strong>223.</strong></span> <span class='ocrx_word' id='word_1_81' title='bbox 346 1099 392 1161; x_wconf 88' lang='lat' dir='ltr'>At</span> <span class='ocrx_word' id='word_1_82' title='bbox 412 1117 467 1178; x_wconf 90' lang='lat' dir='ltr'>per</span> <span class='ocrx_word' id='word_1_83' title='bbox 488 1097 567 1160; x_wconf 92' lang='lat' dir='ltr'>hauc</span> <span class='ocrx_word' id='word_1_84' title='bbox 590 1099 806 1162; x_wconf 83' lang='lat' dir='ltr'>assumtionem</span> <span class='ocrx_word' id='word_1_85' title='bbox 830 1097 1027 1180; x_wconf 82' lang='lat' dir='ltr'>longitudinis</span> <span class='ocrx_word' id='word_1_86' title='bbox 1051 1099 1111 1162; x_wconf 85' lang='grc' dir='ltr'>ΑΚ</span> <span class='ocrx_word' id='word_1_87' title='bbox 1134 1097 1250 1160; x_wconf 89' lang='lat' dir='ltr'>distant</span> <span class='ocrx_word' id='word_1_88' title='bbox 1271 1115 1325 1178; x_wconf 89' lang='lat' dir='ltr'>per</span> <span class='ocrx_word' id='word_1_89' title='bbox 1348 1094 1403 1160; x_wconf 89' lang='grc'>303</span> <span class='ocrx_word' id='word_1_90' title='bbox 1423 1094 1498 1169; x_wconf 88' lang='grc'><strong>5533,</strong></span> <span class='ocrx_word' id='word_1_91' title='bbox 1551 1087 1557 1100; x_wconf 88' lang='grc'><strong>’</strong></span> 
     </span>
     <span class='ocr_line' id='line_1_10' title="bbox 147 1183 1498 1271; baseline -0.004 -21"><span class='ocrx_word' id='word_1_92' title='bbox 147 1185 271 1250; x_wconf 88' lang='lat' dir='ltr'>nimium</span> <span class='ocrx_word' id='word_1_93' title='bbox 294 1187 386 1267; x_wconf 79' lang='lat' dir='ltr'>igitur</span> <span class='ocrx_word' id='word_1_94' title='bbox 406 1205 461 1268; x_wconf 88' lang='lat' dir='ltr'>per</span> <span class='ocrx_word' id='word_1_95' title='bbox 487 1184 538 1251; x_wconf 86' lang='lat'>13¹</span> <span class='ocrx_word' id='word_1_96' title='bbox 562 1183 636 1251; x_wconf 85' lang='grc'><strong>333.</strong></span> <span class='ocrx_word' id='word_1_97' title='bbox 676 1187 809 1271; x_wconf 82' lang='lat' dir='ltr'>Cumque</span> <span class='ocrx_word' id='word_1_98' title='bbox 833 1206 936 1250; x_wconf 88' lang='lat' dir='ltr'>omnes</span> <span class='ocrx_word' id='word_1_99' title='bbox 959 1188 1063 1267; x_wconf 84' lang='lat' dir='ltr'>anguli</span> <span class='ocrx_word' id='word_1_100' title='bbox 1087 1185 1280 1268; x_wconf 82' lang='lat' dir='ltr'>quadrilateri</span> <span class='ocrx_word' id='word_1_101' title='bbox 1305 1185 1366 1248; x_wconf 89' lang='lat' dir='ltr'>sint</span> <span class='ocrx_word' id='word_1_102' title='bbox 1387 1203 1498 1265; x_wconf 91' lang='lat' dir='ltr'>prope-</span> 
     </span>
     <span class='ocr_line' id='line_1_11' title="bbox 148 1271 1500 1358; baseline -0.004 -18"><span class='ocrx_word' id='word_1_103' title='bbox 148 1277 269 1340; x_wconf 89' lang='lat' dir='ltr'>modum</span> <span class='ocrx_word' id='word_1_104' title='bbox 301 1277 461 1358; x_wconf 85' lang='lat' dir='ltr'>aequales,</span> <span class='ocrx_word' id='word_1_105' title='bbox 494 1275 655 1356; x_wconf 88' lang='lat' dir='ltr'>bipartitus</span> <span class='ocrx_word' id='word_1_106' title='bbox 685 1297 751 1340; x_wconf 92' lang='lat' dir='ltr'>sum</span> <span class='ocrx_word' id='word_1_107' title='bbox 784 1295 941 1340; x_wconf 83' lang='lat' dir='ltr'>excessum</span> <span class='ocrx_word' id='word_1_108' title='bbox 973 1275 1073 1356; x_wconf 86' lang='grc'><strong>5555,</strong></span> <span class='ocrx_word' id='word_1_109' title='bbox 1105 1283 1136 1337; x_wconf 89' lang='lat' dir='ltr'>et</span> <span class='ocrx_word' id='word_1_110' title='bbox 1168 1271 1198 1338; x_wconf 91' lang='grc'>63</span> <span class='ocrx_word' id='word_1_111' title='bbox 1228 1271 1293 1339; x_wconf 90' lang='grc'><strong>4633</strong></span> <span class='ocrx_word' id='word_1_112' title='bbox 1325 1274 1427 1336; x_wconf 93' lang='lat' dir='ltr'>addidi</span> <span class='ocrx_word' id='word_1_113' title='bbox 1460 1275 1500 1336; x_wconf 92' lang='lat' dir='ltr'>ad</span> 
     </span>
     <span class='ocr_line' id='line_1_12' title="bbox 147 1362 1500 1447; baseline -0.003 -19"><span class='ocrx_word' id='word_1_114' title='bbox 147 1366 276 1447; x_wconf 78' lang='lat' dir='ltr'>angulos</span> <span class='ocrx_word' id='word_1_115' title='bbox 290 1365 388 1440; x_wconf 84' lang='lat' dir='ltr'>EKA,</span> <span class='ocrx_word' id='word_1_116' title='bbox 407 1362 509 1427; x_wconf 71' lang='grc' dir='ltr'><strong>ΘΚΑ.</strong></span> <span class='ocrx_word' id='word_1_117' title='bbox 545 1365 625 1429; x_wconf 90' lang='lat' dir='ltr'>Nam</span> <span class='ocrx_word' id='word_1_118' title='bbox 643 1365 673 1428; x_wconf 93' lang='lat' dir='ltr'>in</span> <span class='ocrx_word' id='word_1_119' title='bbox 692 1367 719 1428; x_wconf 87' lang='grc' dir='ltr'><strong>Ε</strong></span> <span class='ocrx_word' id='word_1_120' title='bbox 742 1368 953 1430; x_wconf 81' lang='lat' dir='ltr'>observatione</span> <span class='ocrx_word' id='word_1_121' title='bbox 974 1363 1132 1428; x_wconf 83' lang='lat' dir='ltr'>linca‘AK</span> <span class='ocrx_word' id='word_1_122' title='bbox 1154 1364 1276 1426; x_wconf 89' lang='lat' dir='ltr'>nimium</span> <span class='ocrx_word' id='word_1_123' title='bbox 1299 1370 1500 1444; x_wconf 83' lang='lat' dir='ltr'>processerat,</span> 
     </span>
     <span class='ocr_line' id='line_1_13' title="bbox 147 1449 1501 1535; baseline -0.002 -18"><span class='ocrx_word' id='word_1_124' title='bbox 147 1456 176 1517; x_wconf 94' lang='lat' dir='ltr'>in</span> <span class='ocrx_word' id='word_1_125' title='bbox 203 1453 234 1518; x_wconf 82' lang='lat' dir='ltr'><strong>G</strong></span> <span class='ocrx_word' id='word_1_126' title='bbox 256 1473 315 1520; x_wconf 93' lang='lat' dir='ltr'>uon</span> <span class='ocrx_word' id='word_1_127' title='bbox 339 1453 416 1517; x_wconf 90' lang='lat' dir='ltr'>satis</span> <span class='ocrx_word' id='word_1_128' title='bbox 439 1461 637 1535; x_wconf 81' lang='lat' dir='ltr'>processerat</span> <span class='ocrx_word' id='word_1_129' title='bbox 678 1455 835 1518; x_wconf 88' lang='lat' dir='ltr'>Retractis</span> <span class='ocrx_word' id='word_1_130' title='bbox 860 1472 931 1535; x_wconf 87' lang='lat' dir='ltr'>ergo</span> <span class='ocrx_word' id='word_1_131' title='bbox 957 1453 1017 1515; x_wconf 86' lang='grc' dir='ltr'>ΑΚ</span> <span class='ocrx_word' id='word_1_132' title='bbox 1040 1473 1146 1516; x_wconf 87' lang='lat' dir='ltr'>versus</span> <span class='ocrx_word' id='word_1_133' title='bbox 1168 1453 1204 1529; x_wconf 84' lang='grc' dir='ltr'>Ε,</span> <span class='ocrx_word' id='word_1_134' title='bbox 1231 1449 1280 1528; x_wconf 86' lang='lat' dir='ltr'>G,</span> <span class='ocrx_word' id='word_1_135' title='bbox 1304 1461 1336 1513; x_wconf 90' lang='lat' dir='ltr'>et</span> <span class='ocrx_word' id='word_1_136' title='bbox 1357 1451 1423 1526; x_wconf 87' lang='grc' dir='ltr'>ΕΚ,</span> <span class='ocrx_word' id='word_1_137' title='bbox 1441 1449 1501 1514; x_wconf 84' lang='lat' dir='ltr'>GK</span> 
     </span>
     <span class='ocr_line' id='line_1_14' title="bbox 146 1539 1503 1625; baseline -0.005 -18"><span class='ocrx_word' id='word_1_138' title='bbox 146 1544 337 1607; x_wconf 90' lang='lat' dir='ltr'>manentibus</span> <span class='ocrx_word' id='word_1_139' title='bbox 365 1543 518 1625; x_wconf 88' lang='lat' dir='ltr'>(ponimus</span> <span class='ocrx_word' id='word_1_140' title='bbox 548 1544 627 1606; x_wconf 90' lang='lat' dir='ltr'>enim</span> <span class='ocrx_word' id='word_1_141' title='bbox 657 1543 886 1608; x_wconf 89' lang='lat' dir='ltr'>observationes</span> <span class='ocrx_word' id='word_1_142' title='bbox 918 1560 986 1608; x_wconf 88' lang='lat' dir='ltr'>esse</span> <span class='ocrx_word' id='word_1_143' title='bbox 1017 1543 1218 1616; x_wconf 88' lang='lat' dir='ltr'>certissimas)</span> <span class='ocrx_word' id='word_1_144' title='bbox 1252 1541 1370 1604; x_wconf 91' lang='lat' dir='ltr'>omnino</span> <span class='ocrx_word' id='word_1_145' title='bbox 1401 1539 1503 1619; x_wconf 82' lang='lat' dir='ltr'>auguli</span> 
     </span>
     <span class='ocr_line' id='line_1_15' title="bbox 147 1627 1502 1714; baseline -0.004 -18"><span class='ocrx_word' id='word_1_146' title='bbox 147 1633 226 1714; x_wconf 88' lang='lat' dir='ltr'>apud</span> <span class='ocrx_word' id='word_1_147' title='bbox 251 1633 281 1694; x_wconf 86' lang='lat' dir='ltr'>K</span> <span class='ocrx_word' id='word_1_148' title='bbox 303 1633 501 1712; x_wconf 84' lang='lat' dir='ltr'>augebuntur.</span> <span class='ocrx_word' id='word_1_149' title='bbox 546 1631 616 1695; x_wconf 92' lang='lat' dir='ltr'>Jam</span> <span class='ocrx_word' id='word_1_150' title='bbox 641 1633 735 1714; x_wconf 84' lang='lat' dir='ltr'>igitur</span> <span class='ocrx_word' id='word_1_151' title='bbox 758 1635 841 1696; x_wconf 89' lang='lat' dir='ltr'>datis</span> <span class='ocrx_word' id='word_1_152' title='bbox 863 1633 983 1711; x_wconf 84' lang='lat' dir='ltr'>angulis</span> <span class='ocrx_word' id='word_1_153' title='bbox 1008 1631 1099 1696; x_wconf 79' lang='lat' dir='ltr'>GKA</span> <span class='ocrx_word' id='word_1_154' title='bbox 1122 1627 1184 1694; x_wconf 91' lang='grc'>453</span> <span class='ocrx_word' id='word_1_155' title='bbox 1198 1628 1251 1695; x_wconf 89' lang='grc'>353</span> <span class='ocrx_word' id='word_1_156' title='bbox 1275 1627 1335 1694; x_wconf 89' lang='grc'><strong>1333</strong></span> <span class='ocrx_word' id='word_1_157' title='bbox 1360 1637 1392 1692; x_wconf 90' lang='grc'>51</span> <span class='ocrx_word' id='word_1_158' title='bbox 1412 1629 1502 1695; x_wconf 87' lang='grc' dir='ltr'>ΕΚΑ</span> 
     </span>
     <span class='ocr_line' id='line_1_16' title="bbox 147 1717 1503 1804; baseline -0.006 -17"><span class='ocrx_word' id='word_1_159' title='bbox 147 1718 207 1787; x_wconf 89' lang='grc'>463</span> <span class='ocrx_word' id='word_1_160' title='bbox 231 1719 287 1786; x_wconf 85' lang='grc'>513</span> <span class='ocrx_word' id='word_1_161' title='bbox 313 1720 385 1798; x_wconf 89' lang='grc'><strong>103,</strong></span> <span class='ocrx_word' id='word_1_162' title='bbox 409 1729 442 1783; x_wconf 90' lang='grc'>51</span> <span class='ocrx_word' id='word_1_163' title='bbox 464 1722 655 1785; x_wconf 88' lang='lat' dir='ltr'>manentibus</span> <span class='ocrx_word' id='word_1_164' title='bbox 679 1724 798 1804; x_wconf 84' lang='lat' dir='ltr'>angulis</span> <span class='ocrx_word' id='word_1_165' title='bbox 823 1722 868 1798; x_wconf 87' lang='lat' dir='ltr'>G,</span> <span class='ocrx_word' id='word_1_166' title='bbox 891 1722 919 1785; x_wconf 84' lang='lat' dir='ltr'>E</span> <span class='ocrx_word' id='word_1_167' title='bbox 944 1731 978 1783; x_wconf 90' lang='lat' dir='ltr'>et</span> <span class='ocrx_word' id='word_1_168' title='bbox 997 1722 1087 1785; x_wconf 87' lang='lat' dir='ltr'>lineis</span> <span class='ocrx_word' id='word_1_169' title='bbox 1112 1718 1185 1796; x_wconf 77' lang='lat' dir='ltr'>Gn,</span> <span class='ocrx_word' id='word_1_170' title='bbox 1209 1719 1282 1794; x_wconf 82' lang='lat' dir='ltr'>EA,</span> <span class='ocrx_word' id='word_1_171' title='bbox 1306 1717 1420 1799; x_wconf 89' lang='lat' dir='ltr'>prodiit</span> <span class='ocrx_word' id='word_1_172' title='bbox 1441 1718 1503 1780; x_wconf 87' lang='grc' dir='ltr'>ΑΚ</span> 
     </span>
     <span class='ocr_line' id='line_1_17' title="bbox 149 1806 1597 1904; baseline -0.006 -28"><span class='ocrx_word' id='word_1_173' title='bbox 149 1808 454 1890; x_wconf 89' lang='grc'><strong>138765,138787,</strong></span> <span class='ocrx_word' id='word_1_174' title='bbox 490 1810 632 1874; x_wconf 84' lang='lat' dir='ltr'>differens</span> <span class='ocrx_word' id='word_1_175' title='bbox 656 1808 722 1877; x_wconf 90' lang='grc'>258</span> <span class='ocrx_word' id='word_1_176' title='bbox 751 1812 912 1904; x_wconf 72' lang='lat' dir='ltr'>particulis</span> <span class='ocrx_word' id='word_1_177' title='bbox 940 1831 959 1872; x_wconf 93' lang='lat' dir='ltr'>a</span> <span class='ocrx_word' id='word_1_178' title='bbox 987 1819 1095 1876; x_wconf 89' lang='lat' dir='ltr'>nostra</span> <span class='ocrx_word' id='word_1_179' title='bbox 1124 1808 1317 1872; x_wconf 86' lang='lat' dir='ltr'>assumtione.</span> <span class='ocrx_word' id='word_1_180' title='bbox 1365 1806 1504 1870; x_wconf 84' lang='lat' dir='ltr'>Totidem</span> <span class='ocrx_word' id='word_1_181' title='bbox 1595 1887 1597 1892; x_wconf 23' lang='grc' dir='ltr'>Ι</span> 
     </span>
     <span class='ocr_line' id='line_1_18' title="bbox 147 1893 1501 1983; baseline -0.003 -21"><span class='ocrx_word' id='word_1_182' title='bbox 147 1901 241 1982; x_wconf 78' lang='lat' dir='ltr'>igitur</span> <span class='ocrx_word' id='word_1_183' title='bbox 263 1901 290 1964; x_wconf 92' lang='lat' dir='ltr'>si</span> <span class='ocrx_word' id='word_1_184' title='bbox 313 1901 467 1964; x_wconf 87' lang='lat' dir='ltr'>demamus</span> <span class='ocrx_word' id='word_1_185' title='bbox 501 1911 533 1964; x_wconf 90' lang='grc'>51</span> <span class='ocrx_word' id='word_1_186' title='bbox 563 1900 601 1962; x_wconf 91' lang='grc'>(15</span> <span class='ocrx_word' id='word_1_187' title='bbox 634 1901 755 1983; x_wconf 87' lang='lat' dir='ltr'>reliquis</span> <span class='ocrx_word' id='word_1_188' title='bbox 789 1903 905 1964; x_wconf 93' lang='lat' dir='ltr'>duabus</span> <span class='ocrx_word' id='word_1_189' title='bbox 928 1900 1003 1975; x_wconf 87' lang='grc' dir='ltr'>ΑΚ,</span> <span class='ocrx_word' id='word_1_190' title='bbox 1036 1909 1070 1961; x_wconf 90' lang='grc'>51</span> <span class='ocrx_word' id='word_1_191' title='bbox 1101 1893 1336 1972; x_wconf 88' lang='grc'><strong>5151138954,</strong></span> <span class='ocrx_word' id='word_1_192' title='bbox 1363 1893 1501 1970; x_wconf 90' lang='grc'><strong>139000,</strong></span> 
     </span>
     <span class='ocr_line' id='line_1_19' title="bbox 145 1979 1504 2071; baseline -0.004 -19"><span class='ocrx_word' id='word_1_193' title='bbox 145 1991 297 2071; x_wconf 89' lang='lat' dir='ltr'>prodeunt</span> <span class='ocrx_word' id='word_1_194' title='bbox 319 1989 423 2068; x_wconf 84' lang='lat' dir='ltr'>anguli</span> <span class='ocrx_word' id='word_1_195' title='bbox 444 1989 536 2054; x_wconf 81' lang='grc' dir='ltr'>ΒΚΑ</span> <span class='ocrx_word' id='word_1_196' title='bbox 552 1985 613 2053; x_wconf 90' lang='grc'>343</span> <span class='ocrx_word' id='word_1_197' title='bbox 626 1985 681 2054; x_wconf 87' lang='grc'>433</span> <span class='ocrx_word' id='word_1_198' title='bbox 695 1987 761 2055; x_wconf 85' lang='grc'><strong>4733</strong></span> <span class='ocrx_word' id='word_1_199' title='bbox 783 1999 815 2053; x_wconf 89' lang='grc'>51</span> <span class='ocrx_word' id='word_1_200' title='bbox 833 1990 894 2054; x_wconf 83' lang='grc' dir='ltr'>ΑΚ</span> <span class='ocrx_word' id='word_1_201' title='bbox 907 1985 969 2051; x_wconf 90' lang='grc'>203</span> <span class='ocrx_word' id='word_1_202' title='bbox 984 1986 1015 2053; x_wconf 94' lang='grc'>93</span> <span class='ocrx_word' id='word_1_203' title='bbox 1030 1985 1084 2052; x_wconf 91' lang='grc'>403</span> <span class='ocrx_word' id='word_1_204' title='bbox 1090 1987 1097 2019; x_wconf 83' lang='lat'><strong><em>⁴</em></strong></span> <span class='ocrx_word' id='word_1_205' title='bbox 1107 2007 1116 2063; x_wconf 91' lang='lat'>;</span> <span class='ocrx_word' id='word_1_206' title='bbox 1139 1987 1226 2050; x_wconf 67' lang='grc' dir='ltr'>ΒΚΑ</span> <span class='ocrx_word' id='word_1_207' title='bbox 1240 2004 1311 2048; x_wconf 88' lang='lat' dir='ltr'>vero</span> <span class='ocrx_word' id='word_1_208' title='bbox 1329 1979 1504 2048; x_wconf 89' lang='grc'><strong>12313243</strong></span> 
     </span>
     <span class='ocr_line' id='line_1_20' title="bbox 147 2072 1503 2162; baseline -0.004 -20"><span class='ocrx_word' id='word_1_209' title='bbox 147 2087 178 2142; x_wconf 88' lang='grc'>51</span> <span class='ocrx_word' id='word_1_210' title='bbox 198 2079 262 2159; x_wconf 64' lang='grc' dir='ltr'>ΑΚ</span> <span class='ocrx_word' id='word_1_211' title='bbox 284 2075 504 2144; x_wconf 86' lang='grc'><strong>2035531533.</strong></span> <span class='ocrx_word' id='word_1_212' title='bbox 551 2077 613 2142; x_wconf 84' lang='lat' dir='ltr'>Sed</span> <span class='ocrx_word' id='word_1_213' title='bbox 636 2080 707 2162; x_wconf 90' lang='lat' dir='ltr'>quia</span> <span class='ocrx_word' id='word_1_214' title='bbox 728 2079 811 2160; x_wconf 90' lang='lat' dir='ltr'>prius</span> <span class='ocrx_word' id='word_1_215' title='bbox 834 2082 864 2142; x_wconf 92' lang='lat' dir='ltr'>in</span> <span class='ocrx_word' id='word_1_216' title='bbox 890 2077 920 2140; x_wconf 84' lang='lat' dir='ltr'>G</span> <span class='ocrx_word' id='word_1_217' title='bbox 944 2078 1046 2140; x_wconf 90' lang='lat' dir='ltr'>addidi</span> <span class='ocrx_word' id='word_1_218' title='bbox 1070 2072 1196 2149; x_wconf 89' lang='grc'><strong>634633,</strong></span> <span class='ocrx_word' id='word_1_219' title='bbox 1221 2083 1253 2138; x_wconf 90' lang='grc'>51</span> <span class='ocrx_word' id='word_1_220' title='bbox 1276 2075 1306 2154; x_wconf 90' lang='grc'>15</span> <span class='ocrx_word' id='word_1_221' title='bbox 1329 2075 1355 2135; x_wconf 83' lang='grc' dir='ltr'><strong>Ε</strong></span> <span class='ocrx_word' id='word_1_222' title='bbox 1377 2080 1503 2136; x_wconf 87' lang='grc'><strong>155155-</strong></span> 
     </span>
     <span class='ocr_line' id='line_1_21' title="bbox 148 2160 1529 2249; baseline -0.006 -17"><span class='ocrx_word' id='word_1_223' title='bbox 148 2169 214 2232; x_wconf 85' lang='lat' dir='ltr'>dem</span> <span class='ocrx_word' id='word_1_224' title='bbox 252 2167 409 2243; x_wconf 84' lang='lat' dir='ltr'>subtraxi;</span> <span class='ocrx_word' id='word_1_225' title='bbox 448 2168 566 2247; x_wconf 84' lang='lat' dir='ltr'>reposui</span> <span class='ocrx_word' id='word_1_226' title='bbox 605 2187 676 2249; x_wconf 81' lang='lat' dir='ltr'>ergo</span> <span class='ocrx_word' id='word_1_227' title='bbox 715 2169 800 2233; x_wconf 90' lang='lat' dir='ltr'>locos</span> <span class='ocrx_word' id='word_1_228' title='bbox 837 2168 1022 2231; x_wconf 89' lang='lat' dir='ltr'>ecceutricos</span> <span class='ocrx_word' id='word_1_229' title='bbox 1058 2167 1089 2228; x_wconf 92' lang='lat' dir='ltr'>in</span> <span class='ocrx_word' id='word_1_230' title='bbox 1119 2163 1149 2227; x_wconf 89' lang='lat' dir='ltr'>G</span> <span class='ocrx_word' id='word_1_231' title='bbox 1181 2161 1293 2228; x_wconf 85' lang='grc'><strong>17323</strong></span> <span class='ocrx_word' id='word_1_232' title='bbox 1318 2160 1529 2238; x_wconf 51' lang='grc'>31315111</span> 
     </span>
     <span class='ocr_line' id='line_1_22' title="bbox 152 2252 1502 2338; baseline -0.007 -17"><span class='ocrx_word' id='word_1_233' title='bbox 152 2255 208 2322; x_wconf 89' lang='grc'>173</span> <span class='ocrx_word' id='word_1_234' title='bbox 233 2255 287 2323; x_wconf 92' lang='grc'>193</span> <span class='ocrx_word' id='word_1_235' title='bbox 309 2253 374 2320; x_wconf 88' lang='grc'>543</span> <span class='ocrx_word' id='word_1_236' title='bbox 396 2263 444 2332; x_wconf 68' lang='lat' dir='ltr'>ll,</span> <span class='ocrx_word' id='word_1_237' title='bbox 470 2274 582 2336; x_wconf 79' lang='lat' dir='ltr'>augens</span> <span class='ocrx_word' id='word_1_238' title='bbox 606 2260 702 2322; x_wconf 88' lang='lat' dir='ltr'>locum</span> <span class='ocrx_word' id='word_1_239' title='bbox 725 2259 856 2326; x_wconf 91' lang='lat' dir='ltr'>vicariae</span> <span class='ocrx_word' id='word_1_240' title='bbox 880 2277 935 2338; x_wconf 91' lang='lat' dir='ltr'>per</span> <span class='ocrx_word' id='word_1_241' title='bbox 960 2254 991 2322; x_wconf 89' lang='grc'>33</span> <span class='ocrx_word' id='word_1_242' title='bbox 1018 2255 1090 2319; x_wconf 88' lang='grc'><strong>173.</strong></span> <span class='ocrx_word' id='word_1_243' title='bbox 1137 2253 1327 2317; x_wconf 84' lang='lat' dir='ltr'>Tantundem</span> <span class='ocrx_word' id='word_1_244' title='bbox 1352 2252 1502 2331; x_wconf 69' lang='grc'><strong>5555515-</strong></span> 
     </span>
     <span class='ocr_line' id='line_1_23' title="bbox 148 2338 1360 2427; baseline -0.004 -18"><span class='ocrx_word' id='word_1_245' title='bbox 148 2347 240 2412; x_wconf 89' lang='lat' dir='ltr'>bebat</span> <span class='ocrx_word' id='word_1_246' title='bbox 262 2346 382 2427; x_wconf 90' lang='lat' dir='ltr'>prodire</span> <span class='ocrx_word' id='word_1_247' title='bbox 406 2353 438 2408; x_wconf 89' lang='lat' dir='ltr'>et</span> <span class='ocrx_word' id='word_1_248' title='bbox 460 2346 539 2427; x_wconf 86' lang='lat' dir='ltr'>apud</span> <span class='ocrx_word' id='word_1_249' title='bbox 561 2345 606 2410; x_wconf 92' lang='lat' dir='ltr'>D:</span> <span class='ocrx_word' id='word_1_250' title='bbox 630 2347 748 2412; x_wconf 89' lang='lat' dir='ltr'>scilicet</span> <span class='ocrx_word' id='word_1_251' title='bbox 762 2390 1050 2412; x_wconf 91' lang='grc'><strong>......</strong></span> <span class='ocrx_word' id='word_1_252' title='bbox 1097 2338 1158 2407; x_wconf 88' lang='grc'>203</span> <span class='ocrx_word' id='word_1_253' title='bbox 1188 2341 1219 2405; x_wconf 85' lang='grc'>73</span> <span class='ocrx_word' id='word_1_254' title='bbox 1242 2338 1309 2406; x_wconf 89' lang='grc'>493</span> <span class='ocrx_word' id='word_1_255' title='bbox 1331 2345 1360 2415; x_wconf 66' lang='lat' dir='ltr'>l(</span> 
     </span>
     <span class='ocr_line' id='line_1_24' title="bbox 150 2427 1286 2520; baseline -0.005 -20"><span class='ocrx_word' id='word_1_256' title='bbox 150 2437 287 2520; x_wconf 82' lang='lat' dir='ltr'>ApudF</span> <span class='ocrx_word' id='word_1_257' title='bbox 310 2431 370 2500; x_wconf 87' lang='grc'>203</span> <span class='ocrx_word' id='word_1_258' title='bbox 395 2432 451 2499; x_wconf 88' lang='grc'>573</span> <span class='ocrx_word' id='word_1_259' title='bbox 478 2433 592 2508; x_wconf 69' lang='grc'><strong>11314</strong></span> <span class='ocrx_word' id='word_1_260' title='bbox 772 2438 831 2502; x_wconf 88' lang='grc' dir='ltr'>Η15</span> <span class='ocrx_word' id='word_1_261' title='bbox 853 2455 928 2500; x_wconf 84' lang='lat' dir='ltr'>vero</span> <span class='ocrx_word' id='word_1_262' title='bbox 951 2432 1051 2498; x_wconf 85' lang='lat' dir='ltr'>inveni</span> <span class='ocrx_word' id='word_1_263' title='bbox 1096 2429 1149 2496; x_wconf 94' lang='grc'><strong>20.</strong></span> <span class='ocrx_word' id='word_1_264' title='bbox 1187 2428 1217 2495; x_wconf 94' lang='grc'>9.</span> <span class='ocrx_word' id='word_1_265' title='bbox 1242 2427 1286 2494; x_wconf 89' lang='grc'>40</span> 
     </span>
    </p>
   </div>
   <div class='ocr_carea' id='block_1_3' title="bbox 148 2519 1505 3339">
    <p class='ocr_par' dir='ltr' id='par_1_3' title="bbox 282 2519 1421 2696">
     <span class='ocr_line' id='line_1_25' title="bbox 282 2519 1385 2622; baseline -0.023 0"><span class='ocrx_word' id='word_1_266' title='bbox 282 2519 573 2622; x_wconf 61' lang='grc'><strong>,3.(3-33-3-33-</strong></span> <span class='ocrx_word' id='word_1_267' title='bbox 648 2555 657 2597; x_wconf 75' lang='grc'>1</span> <span class='ocrx_word' id='word_1_268' title='bbox 873 2541 1052 2605; x_wconf 80' lang='lat' dir='ltr'>Differentia</span> <span class='ocrx_word' id='word_1_269' title='bbox 1190 2539 1216 2600; x_wconf 92' lang='grc'>1.</span> <span class='ocrx_word' id='word_1_270' title='bbox 1242 2537 1280 2600; x_wconf 91' lang='grc'>51</span> <span class='ocrx_word' id='word_1_271' title='bbox 1308 2539 1385 2616; x_wconf 88' lang='grc'><strong>5155.</strong></span> 
     </span>
     <span class='ocr_line' id='line_1_26' title="bbox 426 2627 1421 2696; baseline -0.01 0"><span class='ocrx_word' id='word_1_272' title='bbox 426 2630 453 2696; x_wconf 90' lang='grc'>1.</span> <span class='ocrx_word' id='word_1_273' title='bbox 478 2627 521 2695; x_wconf 89' lang='grc'>50</span> <span class='ocrx_word' id='word_1_274' title='bbox 546 2629 655 2695; x_wconf 89' lang='lat' dir='ltr'>minus.</span> <span class='ocrx_word' id='word_1_275' title='bbox 1416 2635 1421 2648; x_wconf 84' lang='lat'><strong>·</strong></span> 
     </span>
    </p>

    <p class='ocr_par' dir='ltr' id='par_1_4' title="bbox 148 2711 1503 3053">
     <span class='ocr_line' id='line_1_27' title="bbox 149 2711 1503 2806; baseline -0.007 -21"><span class='ocrx_word' id='word_1_276' title='bbox 149 2722 255 2805; x_wconf 83' lang='lat' dir='ltr'>Itaque</span> <span class='ocrx_word' id='word_1_277' title='bbox 295 2729 327 2784; x_wconf 90' lang='lat' dir='ltr'>et</span> <span class='ocrx_word' id='word_1_278' title='bbox 355 2721 488 2802; x_wconf 89' lang='lat' dir='ltr'>reliquos</span> <span class='ocrx_word' id='word_1_279' title='bbox 521 2719 596 2783; x_wconf 92' lang='lat' dir='ltr'>duos</span> <span class='ocrx_word' id='word_1_280' title='bbox 628 2721 711 2782; x_wconf 89' lang='lat' dir='ltr'>locos</span> <span class='ocrx_word' id='word_1_281' title='bbox 746 2727 795 2781; x_wconf 90' lang='lat' dir='ltr'>sat</span> <span class='ocrx_word' id='word_1_282' title='bbox 823 2719 989 2800; x_wconf 89' lang='lat' dir='ltr'>propinque</span> <span class='ocrx_word' id='word_1_283' title='bbox 1013 2715 1134 2806; x_wconf 80' lang='lat' dir='ltr'>adduxi.</span> <span class='ocrx_word' id='word_1_284' title='bbox 1180 2715 1260 2778; x_wconf 92' lang='lat' dir='ltr'>Nam</span> <span class='ocrx_word' id='word_1_285' title='bbox 1282 2711 1416 2792; x_wconf 90' lang='lat' dir='ltr'>peccatis</span> <span class='ocrx_word' id='word_1_286' title='bbox 1440 2711 1503 2776; x_wconf 92' lang='lat' dir='ltr'>suis</span> 
     </span>
     <span class='ocr_line' id='line_1_28' title="bbox 149 2803 1503 2892; baseline -0.008 -18"><span class='ocrx_word' id='word_1_287' title='bbox 149 2813 227 2875; x_wconf 91' lang='lat' dir='ltr'>ultro</span> <span class='ocrx_word' id='word_1_288' title='bbox 250 2810 387 2892; x_wconf 88' lang='lat' dir='ltr'>citroque</span> <span class='ocrx_word' id='word_1_289' title='bbox 411 2809 569 2873; x_wconf 86' lang='lat' dir='ltr'>veritatem</span> <span class='ocrx_word' id='word_1_290' title='bbox 594 2817 687 2882; x_wconf 84' lang='grc'><strong>51551,</strong></span> <span class='ocrx_word' id='word_1_291' title='bbox 710 2809 789 2889; x_wconf 93' lang='lat' dir='ltr'>quod</span> <span class='ocrx_word' id='word_1_292' title='bbox 812 2809 887 2870; x_wconf 86' lang='lat' dir='ltr'>facit</span> <span class='ocrx_word' id='word_1_293' title='bbox 909 2809 948 2870; x_wconf 90' lang='lat' dir='ltr'>ad</span> <span class='ocrx_word' id='word_1_294' title='bbox 972 2805 1175 2870; x_wconf 85' lang='lat' dir='ltr'>securitatem.</span> <span class='ocrx_word' id='word_1_295' title='bbox 1212 2805 1254 2866; x_wconf 84' lang='lat' dir='ltr'>Et</span> <span class='ocrx_word' id='word_1_296' title='bbox 1276 2803 1401 2864; x_wconf 91' lang='lat' dir='ltr'>duorum</span> <span class='ocrx_word' id='word_1_297' title='bbox 1417 2822 1503 2864; x_wconf 84' lang='lat' dir='ltr'>soru-</span> 
     </span>
     <span class='ocr_line' id='line_1_29' title="bbox 148 2891 1502 2982; baseline -0.007 -18"><span class='ocrx_word' id='word_1_298' title='bbox 148 2902 286 2982; x_wconf 89' lang='lat' dir='ltr'>pulorum</span> <span class='ocrx_word' id='word_1_299' title='bbox 310 2903 441 2962; x_wconf 75' lang='lat' dir='ltr'>errorem</span> <span class='ocrx_word' id='word_1_300' title='bbox 463 2899 512 2961; x_wconf 89' lang='lat' dir='ltr'>his</span> <span class='ocrx_word' id='word_1_301' title='bbox 535 2899 612 2961; x_wconf 92' lang='lat' dir='ltr'>locis</span> <span class='ocrx_word' id='word_1_302' title='bbox 637 2899 674 2961; x_wconf 95' lang='lat' dir='ltr'>ob</span> <span class='ocrx_word' id='word_1_303' title='bbox 696 2897 813 2960; x_wconf 85' lang='lat' dir='ltr'>zodiaci</span> <span class='ocrx_word' id='word_1_304' title='bbox 834 2897 1036 2959; x_wconf 89' lang='lat' dir='ltr'>bumilitatem</span> <span class='ocrx_word' id='word_1_305' title='bbox 1053 2902 1086 2957; x_wconf 89' lang='grc'>51</span> <span class='ocrx_word' id='word_1_306' title='bbox 1099 2893 1284 2956; x_wconf 85' lang='lat' dir='ltr'>variationes</span> <span class='ocrx_word' id='word_1_307' title='bbox 1299 2891 1502 2954; x_wconf 84' lang='lat' dir='ltr'>horizontales</span> 
     </span>
     <span class='ocr_line' id='line_1_30' title="bbox 150 2986 1258 3053; baseline -0.003 -2"><span class='ocrx_word' id='word_1_308' title='bbox 150 2989 356 3053; x_wconf 86' lang='lat' dir='ltr'>observationi</span> <span class='ocrx_word' id='word_1_309' title='bbox 383 2989 515 3052; x_wconf 87' lang='lat' dir='ltr'>tribuere</span> <span class='ocrx_word' id='word_1_310' title='bbox 540 2988 615 3050; x_wconf 91' lang='lat' dir='ltr'>nihil</span> <span class='ocrx_word' id='word_1_311' title='bbox 639 2996 688 3048; x_wconf 88' lang='lat' dir='ltr'>est</span> <span class='ocrx_word' id='word_1_312' title='bbox 710 2986 855 3049; x_wconf 87' lang='lat' dir='ltr'>insoleus.</span> <span class='ocrx_word' id='word_1_313' title='bbox 1252 3041 1258 3048; x_wconf 90' lang='lat'>.</span> 
     </span>
    </p>

    <p class='ocr_par' dir='ltr' id='par_1_5' title="bbox 150 3067 1505 3339">
     <span class='ocr_line' id='line_1_31' title="bbox 235 3067 1505 3148; baseline -0.013 -5"><span class='ocrx_word' id='word_1_314' title='bbox 235 3081 274 3143; x_wconf 92' lang='lat' dir='ltr'>In</span> <span class='ocrx_word' id='word_1_315' title='bbox 297 3078 507 3142; x_wconf 89' lang='lat' dir='ltr'>descendentis</span> <span class='ocrx_word' id='word_1_316' title='bbox 531 3075 710 3140; x_wconf 89' lang='lat' dir='ltr'>semicirculi</span> <span class='ocrx_word' id='word_1_317' title='bbox 733 3073 883 3138; x_wconf 91' lang='lat' dir='ltr'>consimili</span> <span class='ocrx_word' id='word_1_318' title='bbox 905 3071 1056 3134; x_wconf 89' lang='lat' dir='ltr'>anomalia</span> <span class='ocrx_word' id='word_1_319' title='bbox 1078 3088 1137 3132; x_wconf 92' lang='lat' dir='ltr'>uon</span> <span class='ocrx_word' id='word_1_320' title='bbox 1151 3071 1315 3148; x_wconf 88' lang='lat' dir='ltr'>&#39;suppetunt</span> <span class='ocrx_word' id='word_1_321' title='bbox 1328 3067 1430 3148; x_wconf 90' lang='lat' dir='ltr'>plures</span> <span class='ocrx_word' id='word_1_322' title='bbox 1446 3087 1505 3128; x_wconf 91' lang='lat' dir='ltr'>una</span> 
     </span>
     <span class='ocr_line' id='line_1_32' title="bbox 150 3153 1503 3248; baseline -0.011 -18"><span class='ocrx_word' id='word_1_323' title='bbox 150 3169 397 3242; x_wconf 87' lang='lat' dir='ltr'>observationes,</span> <span class='ocrx_word' id='word_1_324' title='bbox 427 3167 480 3230; x_wconf 89' lang='lat' dir='ltr'>sed</span> <span class='ocrx_word' id='word_1_325' title='bbox 509 3185 585 3248; x_wconf 88' lang='lat' dir='ltr'>quae</span> <span class='ocrx_word' id='word_1_326' title='bbox 614 3165 691 3228; x_wconf 90' lang='lat' dir='ltr'>satis</span> <span class='ocrx_word' id='word_1_327' title='bbox 715 3164 756 3228; x_wconf 90' lang='lat' dir='ltr'>sit</span> <span class='ocrx_word' id='word_1_328' title='bbox 778 3171 870 3226; x_wconf 89' lang='lat' dir='ltr'>certa.</span> <span class='ocrx_word' id='word_1_329' title='bbox 892 3161 1006 3223; x_wconf 77' lang='lat' dir='ltr'>‘Anno</span> <span class='ocrx_word' id='word_1_330' title='bbox 1030 3159 1107 3221; x_wconf 90' lang='lat' dir='ltr'>enim</span> <span class='ocrx_word' id='word_1_331' title='bbox 1133 3153 1217 3221; x_wconf 89' lang='grc'><strong>1593</strong></span> <span class='ocrx_word' id='word_1_332' title='bbox 1240 3164 1328 3218; x_wconf 84' lang='grc'><strong>55515</strong></span> <span class='ocrx_word' id='word_1_333' title='bbox 1352 3174 1428 3237; x_wconf 89' lang='lat' dir='ltr'>quae</span> <span class='ocrx_word' id='word_1_334' title='bbox 1452 3175 1503 3216; x_wconf 92' lang='grc'>55-</span> 
     </span>
     <span class='ocr_line' id='line_1_33' title="bbox 150 3240 1503 3339; baseline -0.009 -17"><span class='ocrx_word' id='word_1_335' title='bbox 150 3259 297 3339; x_wconf 88' lang='lat' dir='ltr'>quebatur</span> <span class='ocrx_word' id='word_1_336' title='bbox 311 3253 364 3320; x_wconf 90' lang='grc'><strong>29.</strong></span> <span class='ocrx_word' id='word_1_337' title='bbox 378 3256 461 3320; x_wconf 88' lang='lat' dir='ltr'>Junii</span> <span class='ocrx_word' id='word_1_338' title='bbox 474 3256 504 3319; x_wconf 88' lang='lat' dir='ltr'>h.</span> <span class='ocrx_word' id='word_1_339' title='bbox 525 3254 551 3318; x_wconf 92' lang='grc'>1.</span> <span class='ocrx_word' id='word_1_340' title='bbox 570 3252 623 3319; x_wconf 91' lang='grc'>303</span> <span class='ocrx_word' id='word_1_341' title='bbox 638 3261 710 3336; x_wconf 88' lang='grc'><strong>5551</strong></span> <span class='ocrx_word' id='word_1_342' title='bbox 726 3254 804 3316; x_wconf 90' lang='lat' dir='ltr'>med.</span> <span class='ocrx_word' id='word_1_343' title='bbox 819 3257 948 3323; x_wconf 86' lang='lat' dir='ltr'>noctem,</span> <span class='ocrx_word' id='word_1_344' title='bbox 963 3267 1029 3310; x_wconf 90' lang='lat' dir='ltr'>cum</span> <span class='ocrx_word' id='word_1_345' title='bbox 1040 3245 1079 3325; x_wconf 78' lang='grc' dir='ltr'>Θ</span> <span class='ocrx_word' id='word_1_346' title='bbox 1091 3253 1176 3308; x_wconf 90' lang='grc'><strong>55551</strong></span> <span class='ocrx_word' id='word_1_347' title='bbox 1188 3245 1219 3307; x_wconf 92' lang='grc'>15</span> <span class='ocrx_word' id='word_1_348' title='bbox 1235 3242 1293 3307; x_wconf 85' lang='grc'>173</span> <span class='ocrx_word' id='word_1_349' title='bbox 1306 3241 1359 3308; x_wconf 93' lang='grc'>253</span> <span class='ocrx_word' id='word_1_350' title='bbox 1375 3240 1441 3307; x_wconf 90' lang='grc'><strong>4233</strong></span> <span class='ocrx_word' id='word_1_351' title='bbox 1460 3259 1503 3319; x_wconf 58' lang='lat' dir='ltr'>a,</span> 
     </span>
    </p>
   </div>
   <div class='ocr_carea' id='block_1_4' title="bbox 150 3328 1612 3424">
    <p class='ocr_par' dir='ltr' id='par_1_6' title="bbox 150 3328 1612 3424">
     <span class='ocr_line' id='line_1_34' title="bbox 150 3328 1612 3424; baseline -0.009 -15"><span class='ocrx_word' id='word_1_352' title='bbox 150 3349 268 3412; x_wconf 85' lang='lat' dir='ltr'>distans</span> <span class='ocrx_word' id='word_1_353' title='bbox 293 3348 422 3409; x_wconf 80' lang='lat' dir='ltr'>a‘I&#39;erra</span> <span class='ocrx_word' id='word_1_354' title='bbox 439 3341 580 3419; x_wconf 88' lang='grc'><strong>101760,</strong></span> <span class='ocrx_word' id='word_1_355' title='bbox 599 3344 754 3424; x_wconf 78' lang='lat' dir='ltr'>longitudo</span> <span class='ocrx_word' id='word_1_356' title='bbox 771 3351 797 3417; x_wconf 72' lang='lat' dir='ltr'>d</span> <span class='ocrx_word' id='word_1_357' title='bbox 815 3339 868 3404; x_wconf 88' lang='grc' dir='ltr'>10Ι</span> <span class='ocrx_word' id='word_1_358' title='bbox 895 3334 953 3402; x_wconf 89' lang='grc'>103</span> <span class='ocrx_word' id='word_1_359' title='bbox 974 3337 1003 3400; x_wconf 88' lang='grc'>13</span> <span class='ocrx_word' id='word_1_360' title='bbox 1022 3334 1097 3412; x_wconf 90' lang='grc'><strong>293,</strong></span> <span class='ocrx_word' id='word_1_361' title='bbox 1117 3335 1267 3396; x_wconf 90' lang='lat' dir='ltr'>anomalia</span> <span class='ocrx_word' id='word_1_362' title='bbox 1280 3328 1360 3396; x_wconf 92' lang='grc'><strong>1613</strong></span> <span class='ocrx_word' id='word_1_363' title='bbox 1378 3331 1409 3396; x_wconf 76' lang='lat'>5‘</span> <span class='ocrx_word' id='word_1_364' title='bbox 1428 3329 1502 3408; x_wconf 89' lang='grc'><strong>293,</strong></span> <span class='ocrx_word' id='word_1_365' title='bbox 1610 3341 1612 3348; x_wconf 81' lang='lat'><em>&#39;</em></span> 
     </span>
    </p>
   </div>
   <div class='ocr_carea' id='block_1_5' title="bbox 149 3419 1506 4944">
    <p class='ocr_par' dir='ltr' id='par_1_7' title="bbox 149 3419 1506 4309">
     <span class='ocr_line' id='line_1_35' title="bbox 151 3419 1503 3507; baseline -0.01 -9"><span class='ocrx_word' id='word_1_366' title='bbox 151 3445 182 3499; x_wconf 91' lang='grc'>51</span> <span class='ocrx_word' id='word_1_367' title='bbox 208 3438 278 3500; x_wconf 91' lang='lat' dir='ltr'>ideo</span> <span class='ocrx_word' id='word_1_368' title='bbox 309 3436 444 3507; x_wconf 76' lang='lat' dir='ltr'>dlocns</span> <span class='ocrx_word' id='word_1_369' title='bbox 468 3429 583 3497; x_wconf 86' lang='grc'><strong>63103</strong></span> <span class='ocrx_word' id='word_1_370' title='bbox 606 3431 650 3495; x_wconf 87' lang='grc'>533</span> <span class='ocrx_word' id='word_1_371' title='bbox 673 3443 740 3500; x_wconf 57' lang='grc'>555</span> <span class='ocrx_word' id='word_1_372' title='bbox 765 3433 850 3494; x_wconf 88' lang='lat' dir='ltr'>visus</span> <span class='ocrx_word' id='word_1_373' title='bbox 874 3427 976 3490; x_wconf 89' lang='grc'><strong>55115</strong></span> <span class='ocrx_word' id='word_1_374' title='bbox 1002 3423 1060 3490; x_wconf 88' lang='grc'>133</span> <span class='ocrx_word' id='word_1_375' title='bbox 1083 3422 1136 3489; x_wconf 86' lang='grc'>373</span> <span class='ocrx_word' id='word_1_376' title='bbox 1160 3420 1225 3486; x_wconf 91' lang='grc'><strong>2233</strong></span> <span class='ocrx_word' id='word_1_377' title='bbox 1247 3429 1286 3498; x_wconf 68' lang='lat' dir='ltr'>ll,</span> <span class='ocrx_word' id='word_1_378' title='bbox 1309 3422 1363 3484; x_wconf 90' lang='lat' dir='ltr'>lat.</span> <span class='ocrx_word' id='word_1_379' title='bbox 1389 3419 1428 3484; x_wconf 93' lang='grc'>43</span> <span class='ocrx_word' id='word_1_380' title='bbox 1450 3419 1503 3484; x_wconf 90' lang='grc'>373</span> 
     </span>
     <span class='ocr_line' id='line_1_36' title="bbox 149 3506 1504 3604; baseline -0.012 -16"><span class='ocrx_word' id='word_1_381' title='bbox 149 3527 253 3590; x_wconf 89' lang='lat' dir='ltr'>merid.</span> <span class='ocrx_word' id='word_1_382' title='bbox 301 3525 381 3588; x_wconf 83' lang='lat' dir='ltr'>Hinc</span> <span class='ocrx_word' id='word_1_383' title='bbox 404 3523 654 3604; x_wconf 90' lang='lat' dir='ltr'>complementum</span> <span class='ocrx_word' id='word_1_384' title='bbox 677 3521 780 3601; x_wconf 86' lang='lat' dir='ltr'>anguli</span> <span class='ocrx_word' id='word_1_385' title='bbox 804 3521 842 3581; x_wconf 91' lang='lat' dir='ltr'>ad</span> <span class='ocrx_word' id='word_1_386' title='bbox 857 3520 982 3581; x_wconf 84' lang='lat' dir='ltr'>Terram</span> <span class='ocrx_word' id='word_1_387' title='bbox 1005 3510 1145 3578; x_wconf 83' lang='grc'><strong>1511503</strong></span> <span class='ocrx_word' id='word_1_388' title='bbox 1170 3510 1222 3575; x_wconf 91' lang='grc'>113</span> <span class='ocrx_word' id='word_1_389' title='bbox 1244 3506 1319 3585; x_wconf 91' lang='grc'><strong>4633,</strong></span> <span class='ocrx_word' id='word_1_390' title='bbox 1344 3512 1383 3572; x_wconf 90' lang='lat' dir='ltr'>ad</span> <span class='ocrx_word' id='word_1_391' title='bbox 1397 3512 1504 3592; x_wconf 87' lang='lat' dir='ltr'>plane-</span> 
     </span>
     <span class='ocr_line' id='line_1_37' title="bbox 150 3595 1506 3694; baseline -0.013 -15"><span class='ocrx_word' id='word_1_392' title='bbox 150 3623 211 3679; x_wconf 80' lang='lat' dir='ltr'>tam</span> <span class='ocrx_word' id='word_1_393' title='bbox 249 3634 306 3678; x_wconf 85' lang='lat' dir='ltr'>seu</span> <span class='ocrx_word' id='word_1_394' title='bbox 342 3611 509 3694; x_wconf 84' lang='lat' dir='ltr'>parallaxis</span> <span class='ocrx_word' id='word_1_395' title='bbox 540 3612 622 3674; x_wconf 91' lang='lat' dir='ltr'>orbis</span> <span class='ocrx_word' id='word_1_396' title='bbox 659 3612 749 3673; x_wconf 91' lang='lat' dir='ltr'>annui</span> <span class='ocrx_word' id='word_1_397' title='bbox 782 3605 843 3674; x_wconf 87' lang='grc'>373</span> <span class='ocrx_word' id='word_1_398' title='bbox 873 3605 927 3670; x_wconf 86' lang='grc'>273</span> <span class='ocrx_word' id='word_1_399' title='bbox 960 3601 1036 3668; x_wconf 89' lang='grc'><strong>2333.</strong></span> <span class='ocrx_word' id='word_1_400' title='bbox 1109 3595 1195 3666; x_wconf 85' lang='lat' dir='ltr'>Unde</span> <span class='ocrx_word' id='word_1_401' title='bbox 1226 3601 1329 3682; x_wconf 91' lang='lat' dir='ltr'>prodit</span> <span class='ocrx_word' id='word_1_402' title='bbox 1359 3600 1506 3663; x_wconf 89' lang='lat' dir='ltr'>distantia</span> 
     </span>
     <span class='ocr_line' id='line_1_38' title="bbox 151 3687 1505 3783; baseline -0.013 -16"><span class='ocrx_word' id='word_1_403' title='bbox 151 3713 217 3775; x_wconf 72' lang='lat' dir='ltr'>&lt;la</span> <span class='ocrx_word' id='word_1_404' title='bbox 242 3702 284 3783; x_wconf 77' lang='grc' dir='ltr'>Θ</span> <span class='ocrx_word' id='word_1_405' title='bbox 314 3698 454 3767; x_wconf 87' lang='grc'><strong>139036.</strong></span> <span class='ocrx_word' id='word_1_406' title='bbox 499 3700 600 3782; x_wconf 86' lang='lat' dir='ltr'>Supra</span> <span class='ocrx_word' id='word_1_407' title='bbox 628 3719 715 3776; x_wconf 89' lang='lat' dir='ltr'>vero,</span> <span class='ocrx_word' id='word_1_408' title='bbox 753 3701 784 3762; x_wconf 92' lang='grc'>15</span> <span class='ocrx_word' id='word_1_409' title='bbox 807 3695 959 3760; x_wconf 88' lang='lat' dir='ltr'>anomalia</span> <span class='ocrx_word' id='word_1_410' title='bbox 984 3690 1064 3757; x_wconf 90' lang='grc'><strong>1613</strong></span> <span class='ocrx_word' id='word_1_411' title='bbox 1086 3687 1140 3755; x_wconf 83' lang='grc'>463</span> <span class='ocrx_word' id='word_1_412' title='bbox 1163 3687 1245 3766; x_wconf 90' lang='grc'><strong>283,</strong></span> <span class='ocrx_word' id='word_1_413' title='bbox 1276 3690 1327 3752; x_wconf 89' lang='grc'>551</span> <span class='ocrx_word' id='word_1_414' title='bbox 1352 3689 1453 3776; x_wconf 73' lang='lat' dir='ltr'>distat</span> <span class='ocrx_word' id='word_1_415' title='bbox 1479 3697 1505 3759; x_wconf 73' lang='lat' dir='ltr'>d</span> 
     </span>
     <span class='ocr_line' id='line_1_39' title="bbox 151 3775 1503 3875; baseline -0.012 -20"><span class='ocrx_word' id='word_1_416' title='bbox 151 3795 188 3855; x_wconf 87' lang='lat' dir='ltr'>ab</span> <span class='ocrx_word' id='word_1_417' title='bbox 211 3791 335 3875; x_wconf 90' lang='lat' dir='ltr'>aphelio</span> <span class='ocrx_word' id='word_1_418' title='bbox 357 3787 412 3855; x_wconf 89' lang='grc'>403</span> <span class='ocrx_word' id='word_1_419' title='bbox 435 3790 555 3870; x_wconf 81' lang='lat' dir='ltr'>longius</span> <span class='ocrx_word' id='word_1_420' title='bbox 578 3808 667 3872; x_wconf 89' lang='lat' dir='ltr'>quam</span> <span class='ocrx_word' id='word_1_421' title='bbox 684 3789 744 3866; x_wconf 91' lang='lat' dir='ltr'>bio,</span> <span class='ocrx_word' id='word_1_422' title='bbox 768 3789 891 3851; x_wconf 84' lang='lat' dir='ltr'>inventa</span> <span class='ocrx_word' id='word_1_423' title='bbox 910 3791 942 3846; x_wconf 91' lang='lat' dir='ltr'>ct</span> <span class='ocrx_word' id='word_1_424' title='bbox 956 3783 1184 3846; x_wconf 76' lang='grc'><strong>5555111515551</strong></span> <span class='ocrx_word' id='word_1_425' title='bbox 1201 3778 1348 3842; x_wconf 87' lang='lat' dir='ltr'>distantia</span> <span class='ocrx_word' id='word_1_426' title='bbox 1365 3775 1503 3843; x_wconf 91' lang='grc'><strong>139000.</strong></span> 
     </span>
     <span class='ocr_line' id='line_1_40' title="bbox 150 3867 1504 3972; baseline -0.013 -27"><span class='ocrx_word' id='word_1_427' title='bbox 150 3882 190 3945; x_wconf 85' lang='grc' dir='ltr'>Ε1</span> <span class='ocrx_word' id='word_1_428' title='bbox 220 3883 300 3946; x_wconf 90' lang='lat' dir='ltr'>baec</span> <span class='ocrx_word' id='word_1_429' title='bbox 327 3877 382 3944; x_wconf 88' lang='grc'>403</span> <span class='ocrx_word' id='word_1_430' title='bbox 404 3882 461 3961; x_wconf 83' lang='grc'>555</span> <span class='ocrx_word' id='word_1_431' title='bbox 485 3879 644 3942; x_wconf 81' lang='grc'><strong>5555515151</strong></span> <span class='ocrx_word' id='word_1_432' title='bbox 666 3879 734 3940; x_wconf 89' lang='grc'><strong>1555</strong></span> <span class='ocrx_word' id='word_1_433' title='bbox 757 3875 890 3939; x_wconf 82' lang='lat' dir='ltr'>efficiunt</span> <span class='ocrx_word' id='word_1_434' title='bbox 901 3871 1077 3972; x_wconf 77' lang='lat' dir='ltr'>particulas</span> <span class='ocrx_word' id='word_1_435' title='bbox 1100 3867 1152 3934; x_wconf 88' lang='grc'>52.</span> <span class='ocrx_word' id='word_1_436' title='bbox 1198 3869 1296 3949; x_wconf 78' lang='lat' dir='ltr'>Igitur</span> <span class='ocrx_word' id='word_1_437' title='bbox 1317 3868 1366 3930; x_wconf 91' lang='lat' dir='ltr'>hic</span> <span class='ocrx_word' id='word_1_438' title='bbox 1389 3885 1504 3949; x_wconf 88' lang='lat' dir='ltr'>quoque</span> 
     </span>
     <span class='ocr_line' id='line_1_41' title="bbox 151 3949 1504 4051; baseline -0.012 -17"><span class='ocrx_word' id='word_1_439' title='bbox 151 3989 187 4033; x_wconf 83' lang='lat' dir='ltr'>ex</span> <span class='ocrx_word' id='word_1_440' title='bbox 214 3971 363 4051; x_wconf 78' lang='lat' dir='ltr'>analogia</span> <span class='ocrx_word' id='word_1_441' title='bbox 393 3976 515 4032; x_wconf 89' lang='lat' dir='ltr'>nostrae</span> <span class='ocrx_word' id='word_1_442' title='bbox 543 3965 712 4036; x_wconf 88' lang='lat' dir='ltr'>anomaliae</span> <span class='ocrx_word' id='word_1_443' title='bbox 735 3966 879 4042; x_wconf 82' lang='lat' dir='ltr'>evaderet</span> <span class='ocrx_word' id='word_1_444' title='bbox 899 3983 931 4026; x_wconf 88' lang='grc' dir='ltr'>ι5</span> <span class='ocrx_word' id='word_1_445' title='bbox 954 3961 1105 4024; x_wconf 88' lang='lat' dir='ltr'>anomalia</span> <span class='ocrx_word' id='word_1_446' title='bbox 1135 3954 1214 4021; x_wconf 92' lang='grc'><strong>1613</strong></span> <span class='ocrx_word' id='word_1_447' title='bbox 1235 3949 1344 4040; x_wconf 71' lang='grc'>4531,33</span> <span class='ocrx_word' id='word_1_448' title='bbox 1357 3955 1504 4018; x_wconf 87' lang='lat' dir='ltr'>distantia</span> 
     </span>
     <span class='ocr_line' id='line_1_42' title="bbox 155 4045 1503 4140; baseline -0.013 -17"><span class='ocrx_word' id='word_1_449' title='bbox 155 4057 285 4127; x_wconf 89' lang='grc'><strong>138984</strong></span> <span class='ocrx_word' id='word_1_450' title='bbox 320 4057 488 4122; x_wconf 90' lang='lat' dir='ltr'>admirabili</span> <span class='ocrx_word' id='word_1_451' title='bbox 515 4065 548 4120; x_wconf 93' lang='lat' dir='ltr'>et</span> <span class='ocrx_word' id='word_1_452' title='bbox 579 4064 659 4120; x_wconf 88' lang='lat' dir='ltr'>certe</span> <span class='ocrx_word' id='word_1_453' title='bbox 692 4062 832 4140; x_wconf 84' lang='lat' dir='ltr'>suspecto</span> <span class='ocrx_word' id='word_1_454' title='bbox 870 4069 1027 4127; x_wconf 73' lang='lat' dir='ltr'>consensu.</span> <span class='ocrx_word' id='word_1_455' title='bbox 1077 4051 1156 4112; x_wconf 89' lang='lat' dir='ltr'>Nam</span> <span class='ocrx_word' id='word_1_456' title='bbox 1189 4045 1289 4113; x_wconf 85' lang='lat' dir='ltr'>omnia</span> <span class='ocrx_word' id='word_1_457' title='bbox 1315 4045 1390 4106; x_wconf 85' lang='lat' dir='ltr'>adeo</span> <span class='ocrx_word' id='word_1_458' title='bbox 1420 4052 1503 4106; x_wconf 89' lang='lat' dir='ltr'>certa</span> 
     </span>
     <span class='ocr_line' id='line_1_43' title="bbox 153 4133 1501 4234; baseline -0.01 -24"><span class='ocrx_word' id='word_1_459' title='bbox 153 4157 184 4210; x_wconf 86' lang='grc'>51</span> <span class='ocrx_word' id='word_1_460' title='bbox 207 4149 363 4234; x_wconf 84' lang='lat' dir='ltr'>exquisita</span> <span class='ocrx_word' id='word_1_461' title='bbox 388 4166 457 4211; x_wconf 89' lang='lat' dir='ltr'>csse</span> <span class='ocrx_word' id='word_1_462' title='bbox 479 4147 688 4229; x_wconf 80' lang='lat' dir='ltr'>rix&#39;possunt.</span> <span class='ocrx_word' id='word_1_463' title='bbox 734 4145 881 4224; x_wconf 87' lang='lat' dir='ltr'>Utrinque</span> <span class='ocrx_word' id='word_1_464' title='bbox 904 4148 1004 4202; x_wconf 86' lang='lat' dir='ltr'>autem</span> <span class='ocrx_word' id='word_1_465' title='bbox 1026 4137 1161 4202; x_wconf 88' lang='lat' dir='ltr'>nonnihil</span> <span class='ocrx_word' id='word_1_466' title='bbox 1183 4135 1336 4225; x_wconf 71' lang='lat' dir='ltr'>augendae</span> <span class='ocrx_word' id='word_1_467' title='bbox 1359 4141 1429 4196; x_wconf 90' lang='lat' dir='ltr'>sunt</span> <span class='ocrx_word' id='word_1_468' title='bbox 1452 4133 1501 4196; x_wconf 90' lang='lat' dir='ltr'>di-</span> 
     </span>
     <span class='ocr_line' id='line_1_44' title="bbox 154 4227 1200 4309; baseline -0.013 -8"><span class='ocrx_word' id='word_1_469' title='bbox 154 4241 283 4304; x_wconf 82' lang='lat' dir='ltr'>stantiae</span> <span class='ocrx_word' id='word_1_470' title='bbox 309 4237 347 4302; x_wconf 88' lang='grc'>55</span> <span class='ocrx_word' id='word_1_471' title='bbox 369 4236 595 4300; x_wconf 88' lang='lat' dir='ltr'>inclinationem</span> <span class='ocrx_word' id='word_1_472' title='bbox 617 4233 777 4298; x_wconf 67' lang='lat' dir='ltr'>mammam</span> <span class='ocrx_word' id='word_1_473' title='bbox 799 4234 859 4309; x_wconf 89' lang='lat' dir='ltr'>hoq</span> <span class='ocrx_word' id='word_1_474' title='bbox 881 4230 948 4292; x_wconf 92' lang='lat' dir='ltr'>loco</span> <span class='ocrx_word' id='word_1_475' title='bbox 973 4227 1140 4292; x_wconf 86' lang='lat' dir='ltr'>eccentrici.</span> <span class='ocrx_word' id='word_1_476' title='bbox 1188 4258 1200 4277; x_wconf 66' lang='grc' dir='ltr'>ι</span> 
     </span>
    </p>

    <p class='ocr_par' dir='ltr' id='par_1_8' title="bbox 155 4311 1502 4944">
     <span class='ocr_line' id='line_1_45' title="bbox 238 4311 1502 4407; baseline -0.021 -13"><span class='ocrx_word' id='word_1_477' title='bbox 238 4331 291 4394; x_wconf 81' lang='lat' dir='ltr'>Ex</span> <span class='ocrx_word' id='word_1_478' title='bbox 313 4328 371 4389; x_wconf 90' lang='lat' dir='ltr'>hac</span> <span class='ocrx_word' id='word_1_479' title='bbox 394 4325 486 4407; x_wconf 81' lang='lat' dir='ltr'>igitur</span> <span class='ocrx_word' id='word_1_480' title='bbox 507 4325 686 4406; x_wconf 82' lang='lat' dir='ltr'>longissima</span> <span class='ocrx_word' id='word_1_481' title='bbox 708 4321 880 4384; x_wconf 91' lang='lat' dir='ltr'>inductione</span> <span class='ocrx_word' id='word_1_482' title='bbox 902 4312 1104 4403; x_wconf 78' lang='lat' dir='ltr'>perplurima</span> <span class='ocrx_word' id='word_1_483' title='bbox 1131 4315 1198 4378; x_wconf 87' lang='lat' dir='ltr'>loca</span> <span class='ocrx_word' id='word_1_484' title='bbox 1225 4311 1382 4376; x_wconf 85' lang='lat' dir='ltr'>eooentrici</span> <span class='ocrx_word' id='word_1_485' title='bbox 1405 4329 1502 4390; x_wconf 86' lang='lat' dir='ltr'>appa-</span> 
     </span>
     <span class='ocr_line' id='line_1_46' title="bbox 155 4407 1502 4494; baseline -0.013 -14"><span class='ocrx_word' id='word_1_486' title='bbox 155 4425 213 4494; x_wconf 88' lang='lat' dir='ltr'>ret,</span> <span class='ocrx_word' id='word_1_487' title='bbox 241 4415 407 4481; x_wconf 86' lang='lat' dir='ltr'>distantias</span> <span class='ocrx_word' id='word_1_488' title='bbox 438 4415 549 4478; x_wconf 88' lang='lat' dir='ltr'>Martis</span> <span class='ocrx_word' id='word_1_489' title='bbox 577 4435 596 4476; x_wconf 91' lang='lat' dir='ltr'>a</span> <span class='ocrx_word' id='word_1_490' title='bbox 618 4413 689 4478; x_wconf 86' lang='lat' dir='ltr'>Sole</span> <span class='ocrx_word' id='word_1_491' title='bbox 717 4410 788 4473; x_wconf 84' lang='lat' dir='ltr'>illas</span> <span class='ocrx_word' id='word_1_492' title='bbox 808 4408 943 4472; x_wconf 90' lang='lat' dir='ltr'>invicem.</span> <span class='ocrx_word' id='word_1_493' title='bbox 961 4407 1103 4486; x_wconf 87' lang='lat' dir='ltr'>aequales</span> <span class='ocrx_word' id='word_1_494' title='bbox 1127 4423 1213 4478; x_wconf 90' lang='lat' dir='ltr'>esse,</span> <span class='ocrx_word' id='word_1_495' title='bbox 1245 4419 1368 4482; x_wconf 89' lang='lat' dir='ltr'>quarum</span> <span class='ocrx_word' id='word_1_496' title='bbox 1390 4407 1502 4481; x_wconf 87' lang='lat' dir='ltr'>puncta</span> 
     </span>
     <span class='ocr_line' id='line_1_47' title="bbox 155 4487 1501 4587; baseline -0.016 -17"><span class='ocrx_word' id='word_1_497' title='bbox 155 4507 268 4570; x_wconf 82' lang='lat' dir='ltr'>orbitae</span> <span class='ocrx_word' id='word_1_498' title='bbox 299 4505 468 4587; x_wconf 83' lang='lat' dir='ltr'>aequaliter</span> <span class='ocrx_word' id='word_1_499' title='bbox 493 4511 611 4567; x_wconf 90' lang='lat' dir='ltr'>remota</span> <span class='ocrx_word' id='word_1_500' title='bbox 637 4500 772 4564; x_wconf 88' lang='lat' dir='ltr'>suntab</span> <span class='ocrx_word' id='word_1_501' title='bbox 799 4497 934 4578; x_wconf 89' lang='lat' dir='ltr'>aphelio,</span> <span class='ocrx_word' id='word_1_502' title='bbox 962 4495 1042 4576; x_wconf 89' lang='lat' dir='ltr'>quod</span> <span class='ocrx_word' id='word_1_503' title='bbox 1068 4513 1132 4574; x_wconf 90' lang='lat' dir='ltr'>cap.</span> <span class='ocrx_word' id='word_1_504' title='bbox 1156 4489 1242 4556; x_wconf 88' lang='lat' dir='ltr'>XVI.</span> <span class='ocrx_word' id='word_1_505' title='bbox 1272 4495 1304 4550; x_wconf 86' lang='lat' dir='ltr'>et</span> <span class='ocrx_word' id='word_1_506' title='bbox 1328 4487 1428 4552; x_wconf 85' lang='lat' dir='ltr'>XLII.</span> <span class='ocrx_word' id='word_1_507' title='bbox 1452 4487 1501 4550; x_wconf 90' lang='lat' dir='ltr'>in·</span> 
     </span>
     <span class='ocr_line' id='line_1_48' title="bbox 155 4575 1500 4678; baseline -0.013 -19"><span class='ocrx_word' id='word_1_508' title='bbox 155 4594 386 4678; x_wconf 74' lang='lat' dir='ltr'>vesdgavimus:</span> <span class='ocrx_word' id='word_1_509' title='bbox 415 4592 494 4674; x_wconf 91' lang='lat' dir='ltr'>quod</span> <span class='ocrx_word' id='word_1_510' title='bbox 520 4599 569 4655; x_wconf 90' lang='lat' dir='ltr'>est</span> <span class='ocrx_word' id='word_1_511' title='bbox 596 4590 721 4652; x_wconf 87' lang='lat' dir='ltr'>evidens</span> <span class='ocrx_word' id='word_1_512' title='bbox 752 4591 974 4668; x_wconf 81' lang='lat' dir='ltr'>argumentum,</span> <span class='ocrx_word' id='word_1_513' title='bbox 1006 4581 1157 4665; x_wconf 86' lang='lat' dir='ltr'>apheliunr</span> <span class='ocrx_word' id='word_1_514' title='bbox 1184 4578 1260 4642; x_wconf 92' lang='lat' dir='ltr'>illud</span> <span class='ocrx_word' id='word_1_515' title='bbox 1286 4585 1367 4640; x_wconf 88' lang='lat' dir='ltr'>recte</span> <span class='ocrx_word' id='word_1_516' title='bbox 1389 4575 1500 4642; x_wconf 85' lang='lat' dir='ltr'>habere</span> 
     </span>
     <span class='ocr_line' id='line_1_49' title="bbox 156 4670 1501 4764; baseline -0.016 -14"><span class='ocrx_word' id='word_1_517' title='bbox 156 4684 254 4758; x_wconf 84' lang='lat' dir='ltr'>OEucl.</span> <span class='ocrx_word' id='word_1_518' title='bbox 279 4683 339 4758; x_wconf 74' lang='lat' dir='ltr'>m,</span> <span class='ocrx_word' id='word_1_519' title='bbox 363 4682 409 4758; x_wconf 89' lang='grc'><strong>7).</strong></span> <span class='ocrx_word' id='word_1_520' title='bbox 457 4681 695 4764; x_wconf 80' lang='lat' dir='ltr'>Comprobantnr</span> <span class='ocrx_word' id='word_1_521' title='bbox 717 4697 778 4740; x_wconf 91' lang='lat' dir='ltr'>una</span> <span class='ocrx_word' id='word_1_522' title='bbox 800 4683 831 4737; x_wconf 91' lang='lat' dir='ltr'>et</span> <span class='ocrx_word' id='word_1_523' title='bbox 853 4672 1015 4741; x_wconf 86' lang='lat' dir='ltr'>distantiae</span> <span class='ocrx_word' id='word_1_524' title='bbox 1036 4671 1121 4736; x_wconf 82' lang='lat' dir='ltr'>Solis</span> <span class='ocrx_word' id='word_1_525' title='bbox 1144 4670 1294 4742; x_wconf 84' lang='lat' dir='ltr'>aTerra,</span> <span class='ocrx_word' id='word_1_526' title='bbox 1318 4685 1393 4748; x_wconf 87' lang='lat' dir='ltr'>quae</span> <span class='ocrx_word' id='word_1_527' title='bbox 1410 4685 1501 4748; x_wconf 88' lang='lat' dir='ltr'>supra</span> 
     </span>
     <span class='ocr_line' id='line_1_50' title="bbox 156 4755 1500 4855; baseline -0.013 -19"><span class='ocrx_word' id='word_1_528' title='bbox 156 4791 218 4855; x_wconf 86' lang='lat' dir='ltr'>cap.</span> <span class='ocrx_word' id='word_1_529' title='bbox 241 4773 367 4838; x_wconf 82' lang='lat' dir='ltr'>XXIX.</span> <span class='ocrx_word' id='word_1_530' title='bbox 392 4775 579 4846; x_wconf 77' lang='lat' dir='ltr'>exstructae,</span> <span class='ocrx_word' id='word_1_531' title='bbox 601 4769 651 4830; x_wconf 89' lang='lat' dir='ltr'>hic</span> <span class='ocrx_word' id='word_1_532' title='bbox 669 4767 737 4847; x_wconf 78' lang='lat' dir='ltr'>jam</span> <span class='ocrx_word' id='word_1_533' title='bbox 755 4764 839 4828; x_wconf 88' lang='lat' dir='ltr'>varie</span> <span class='ocrx_word' id='word_1_534' title='bbox 862 4756 1023 4843; x_wconf 77' lang='lat' dir='ltr'>usurpatae</span> <span class='ocrx_word' id='word_1_535' title='bbox 1047 4759 1174 4824; x_wconf 84' lang='lat' dir='ltr'>officium</span> <span class='ocrx_word' id='word_1_536' title='bbox 1197 4755 1329 4831; x_wconf 83' lang='lat' dir='ltr'>faciunt,</span> <span class='ocrx_word' id='word_1_537' title='bbox 1360 4773 1415 4818; x_wconf 90' lang='grc'>555</span> <span class='ocrx_word' id='word_1_538' title='bbox 1438 4756 1500 4818; x_wconf 83' lang='grc'><strong>5115</strong></span> 
     </span>
     <span class='ocr_line' id='line_1_51' title="bbox 157 4845 1497 4944; baseline -0.013 -18"><span class='ocrx_word' id='word_1_539' title='bbox 157 4881 264 4944; x_wconf 78' lang='lat' dir='ltr'>magna</span> <span class='ocrx_word' id='word_1_540' title='bbox 287 4859 494 4942; x_wconf 85' lang='lat' dir='ltr'>discrepantia</span> <span class='ocrx_word' id='word_1_541' title='bbox 515 4875 703 4924; x_wconf 87' lang='lat' dir='ltr'>numerorum</span> <span class='ocrx_word' id='word_1_542' title='bbox 725 4854 851 4931; x_wconf 81' lang='lat' dir='ltr'>exstitit,</span> <span class='ocrx_word' id='word_1_543' title='bbox 873 4870 950 4936; x_wconf 81' lang='lat' dir='ltr'>qnae</span> <span class='ocrx_word' id='word_1_544' title='bbox 973 4851 1009 4914; x_wconf 90' lang='lat' dir='ltr'>de</span> <span class='ocrx_word' id='word_1_545' title='bbox 1032 4849 1151 4913; x_wconf 88' lang='lat' dir='ltr'>illarum</span> <span class='ocrx_word' id='word_1_546' title='bbox 1166 4845 1239 4910; x_wconf 86' lang='lat' dir='ltr'>vitio</span> <span class='ocrx_word' id='word_1_547' title='bbox 1257 4845 1366 4910; x_wconf 86' lang='lat' dir='ltr'>testari</span> <span class='ocrx_word' id='word_1_548' title='bbox 1382 4853 1497 4926; x_wconf 83' lang='lat' dir='ltr'>posset</span> 
     </span>
    </p>
   </div>
   <div class='ocr_carea' id='block_1_6' title="bbox 0 0 1855 5524">
    <p class='ocr_par' dir='ltr' id='par_1_9' title="bbox 0 0 1855 5524">
     <span class='ocr_line' id='line_1_52' title="bbox 0 0 1855 5524; baseline 0 0"><span class='ocrx_word' id='word_1_549' title='bbox 0 0 1855 5524; x_wconf 95' lang='lat' dir='ltr'> </span> 
     </span>
    </p>
   </div>
  </div>
 </body>
</html>
