3640 5538
722 293 884 354 Prooemunt
931 277 935 282 ’
1410 295 1474 370 517

139 479 235 531 umbrae
253 471 376 536 Lucane,
405 493 506 546 quarum
523 477 567 529 illa
583 477 704 536 totalinm,
722 479 786 531 baec
804 479 944 544 partialium
962 478 1065 529 Telluris
1083 479 1210 544 eclipsim
1228 493 1305 531 causa
1324 481 1414 539 existit,
1433 483 1475 534 de-

139 553 282 604 terminavit.
309 551 347 600 Ex
364 562 464 616 quorum
481 557 568 614 postea
585 553 778 615 comparatione,
797 551 922 601 advocatis
940 552 965 600 in
978 551 1111 600 subsidium
1129 553 1187 617 ipsis
1205 551 1361 604 luminarium
1372 555 1477 604 motibus

134 631 316 688 temporumque
340 625 486 673 currentium
508 624 651 680 momentis,
676 625 821 687 praecipuas
839 623 965 688 eclipaium
982 622 1145 673 Temeuarum
1162 622 1265 687 pheses,
1284 625 1478 690 magnitudines,

138 697 262 751 terminos,
280 695 336 744 loca
354 700 380 744 et
398 693 538 744 durationes
557 694 589 743 ad
607 693 707 758 quodvis
724 695 873 745 novilunium
891 694 1039 758 investigare
1062 693 1154 744 docuit.
1192 694 1254 743 Cum
1272 709 1327 746 vero
1346 699 1478 747 maximum

139 769 208 818 ineo
227 768 301 815 situm
320 771 387 816 esset
403 771 562 818 momentum,
580 771 608 813 nt
625 765 862 815 semidiametrcrum
880 765 941 814 disci
959 765 1074 822 Teneai,
1094 766 1194 816 umbrae
1211 767 1410 832 penumbraeque
1428 767 1478 817 Lu·

138 839 216 894 uaris,
245 843 364 901 tanquam
382 837 548 901 primariorum
567 835 691 886 Terrenae
719 837 836 901 eclipseos
861 836 1034 887 elomentorum
1053 835 1231 888 determinatae
1249 839 1402 902 quantitates
1420 853 1479 905 geo·

137 910 242 958 metricis
255 908 501 958 demonstrationibus
512 907 663 966 fulcirentur,
681 908 797 972 idipsum
810 923 839 957 ex
851 908 1030 973 diagrammate
1043 907 1196 972 Hipparcbeo
1208 915 1335 972 praestare
1349 924 1480 975 aggresm

138 987 173 1030 est
189 979 310 1043 Keplerns
336 987 419 1029 noster
436 981 462 1028 in
481 993 570 1041 opere,
599 981 638 1028 cui
660 993 749 1028 nomeu
775 978 835 1028 iecit
851 978 1075 1043 Hipparcho,
1102 981 1144 1029 nbi
1163 980 1216 1044 plus
1234 980 1285 1030 iere
1311 980 1479 1031 admirationis

137 1056 241 1101 meretur
267 1051 394 1116 ingenium
418 1049 551 1101 humanum
579 1049 611 1100 ad
637 1051 803 1116 cognitionem
827 1065 926 1114 operum
944 1050 1008 1100 Dei
1027 1051 1091 1100 viam
1110 1051 1220 1108 moliens,
1239 1065 1311 1115 quam
1331 1067 1408 1117 opera
1425 1053 1480 1117 ipsa

139 1129 241 1172 naturae
258 1136 303 1186 per
320 1136 347 1172 se
365 1122 444 1171 bruta
469 1121 529 1185 Ipsa
546 1134 602 1170 vero
621 1121 709 1171 calculi
729 1123 814 1185 capita
832 1123 907 1170 etiarn
925 1119 1024 1171 exhibet
1044 1121 1168 1172 Rinciolus
1186 1123 1211 1171 in
1230 1124 1386 1174 astronomia
1402 1124 1479 1174 reior-

139 1201 205 1244 mata
223 1200 249 1244 et
267 1195 293 1242 in
306 1193 449 1258 Almagestc
467 1207 519 1251 suo,
538 1193 563 1242 in
582 1206 629 1257 quo
647 1193 719 1242 simul
739 1194 866 1243 memorati
888 1193 960 1242 modo
972 1193 1157 1258 diagrammatis
1174 1198 1257 1257 partes
1270 1194 1365 1260 aliquas
1379 1194 1480 1245 demon-

138 1273 213 1316 strare
239 1265 366 1314 annititur.
412 1263 623 1324 Quemadmodum
649 1265 724 1314 etiam
742 1263 898 1328 Keplerianis
925 1264 1026 1313 ulterius
1044 1265 1181 1315 excolendis
1204 1271 1301 1329 tempas
1319 1265 1417 1330 aliquod
1435 1267 1480 1315 im·

137 1335 241 1400 pentem
261 1335 327 1386 haud
345 1337 441 1399 gravati
459 1343 516 1384 sunt
533 1334 685 1392 Bullialdus,
704 1335 835 1400 Pagauus,
853 1335 971 1390 Wardns.
992 1335 1138 1386 Horrescius
1158 1336 1247 1401 aliique
1265 1335 1303 1386 his
1321 1338 1480 1396 retentionem

136 1422 236 1472 qnorum
253 1407 375 1456 meditata
392 1406 431 1456 bio
450 1420 569 1471 exponere
588 1421 634 1456 nec
653 1407 726 1470 spatii
743 1421 790 1456 nec
808 1407 914 1472 instituti
932 1408 995 1456 ratio
1006 1408 1132 1470 permittit.
1165 1407 1251 1458 Redeo
1263 1408 1344 1472 potins
1357 1409 1389 1459 ad
1402 1410 1481 1474 ipsum

139 1479 238 1543 Kepleri
258 1493 318 1543 opus
335 1477 500 1543 posthumum.
517 1479 543 1527 iu
561 1492 608 1542 quo
626 1493 653 1526 se
671 1477 766 1528 laudati
785 1478 969 1543 diagrammatis
989 1478 1224 1528 demonstrationem
1237 1479 1351 1530 daturum
1364 1494 1417 1531 esse
1428 1483 1481 1544 lam

139 1553 163 1600 in
181 1551 294 1615 Epitome
312 1564 359 1599 sua
375 1543 549 1599 Astronomiae
569 1549 752 1613 (lopernicanae
774 1551 927 1612 promiserat.
964 1547 1015 1600 Sed
1033 1556 1168 1612 temporum
1186 1564 1283 1600 suorum
1302 1552 1392 1614 injuria
1409 1565 1480 1616 prae·

138 1623 232 1686 peditus
251 1627 338 1672 auctor
355 1621 448 1670 loetum
465 1621 560 1670 huncce
578 1635 649 1670 suum
666 1622 691 1669 iu
709 1620 789 1670 lucem
808 1622 880 1671 edere
898 1636 947 1670 uon
965 1622 1052 1684 potuit,
1071 1629 1127 1671 utut
1143 1620 1205 1684 Imp.
1219 1621 1343 1672 Matthiae
1360 1623 1481 1688 gloriosae
1554 1659 1557 1668 .

138 1709 209 1744 mem.
234 1693 377 1758 mmuubns
395 1691 544 1742 Conciliariie
572 1692 712 1741 exhibitum.
748 1691 976 1756 Hipparchus
1004 1694 1030 1742 in
1049 1692 1111 1742 duas
1129 1701 1213 1756 partos
1231 1693 1359 1751 dividitur,
1378 1707 1480 1758 quarum

138 1767 200 1829 prior
216 1764 380 1814 fundamenta
397 1765 481 1828 optica
499 1778 593 1820 eorum,
613 1777 676 1828 quae
694 1763 726 1813 ad
745 1763 881 1814 doctrinam
900 1764 1039 1828 eclipticam
1059 1767 1198 1813 accuratius
1217 1765 1407 1815 examinandam
1424 1781 1478 1830 per-

137 1838 225 1894 tinent,
244 1837 405 1892 demonstrat,
424 1841 450 1885 et
467 1835 621 1899 generalibus
640 1836 737 1899 opticae
764 1834 954 1885 theorematibus
981 1835 1120 1899 praemissis
1138 1835 1201 1885 inter
1219 1835 1270 1884 alia
1288 1837 1340 1901 agit
1359 1837 1390 1887 de
1402 1837 1482 1903 ligura

137 1908 199 1972 radii
217 1915 244 1957 et
263 1907 381 1964 umbrae,
410 1905 441 1956 de
459 1907 610 1956 dimensione
628 1906 815 1966 remotionum,
835 1905 866 1956 de
883 1906 1057 1970 parallaxibus,
1078 1906 1109 1956 de
1128 1905 1277 1970 dispersione
1295 1907 1357 1958 lucis
1375 1908 1482 1960 siderum

137 1981 161 2029 in
179 1979 279 2030 Lunam
298 1985 324 2026 ct
342 1977 458 2034 Terram,
486 1981 511 2027 ia
539 1979 620 2042 specie
645 1977 706 2028 lucia
725 1974 816 2026 Solaria
842 1978 869 2026 in
887 1977 998 2034 Lunam,
1018 1977 1105 2026 Lunae
1123 1979 1148 2027 in
1167 1977 1283 2036 Tamum,
1303 1984 1328 2028 et
1345 1977 1436 2030 Terrae
1454 1981 1481 2029 in
1530 1991 1537 2006 ·

136 2050 248 2108 Lunam
282 2051 401 2113 posterior
427 2051 506 2113 ipsam
533 2048 659 2113 eclipsium
686 2047 823 2098 doctrinam
850 2048 964 2106 exhibet,
990 2054 1016 2099 et
1037 2045 1204 2099 Ptolemaicae
1230 2049 1338 2100 methodi
1362 2051 1480 2114 pericula,

136 2121 267 2185 dhpeudia
283 2125 310 2170 et
328 2135 420 2170 errores
438 2119 553 2180 ostendit,
571 2121 728 2171 sciametviae
747 2120 901 2170 theoremta
918 2120 1078 2175 demonstrat,
1094 2120 1220 2184 multaque
1232 2126 1321 2170 notmu
1332 2121 1409 2186 digna
1425 2137 1479 2186 pro·

134 2195 203 2257 ponit
220 2192 253 2243 de
272 2191 397 2242 diamemis
416 2189 479 2241 Solis
498 2192 623 2242 ethnae
635 2191 799 2248 observandis,
818 2191 849 2241 de
866 2197 934 2240 motu
952 2190 1039 2242 Lunae
1057 2191 1143 2241 diurno
1162 2199 1188 2241 et
1205 2191 1300 2242 horario
1319 2194 1345 2242 iu
1363 2195 1479 2256 coniunc-

135 2265 242 2315 tionibus
264 2269 289 2313 at
307 2263 497 2327 oppositionibus
517 2262 671 2324 inveniendo,
692 2263 722 2311 de
740 2271 808 2312 motu
826 2269 852 2311 et
865 2262 955 2330 angulo
974 2261 1111 2312 latitudinis
1129 2277 1180 2313 una
1192 2277 1247 2314 cum
1260 2261 1347 2312 Lunae
1358 2265 1480 2328 parallaxi

134 2349 197 2386 nora
214 2329 338 2386 methodo
358 2334 524 2398 inquirendis,
550 2336 656 2399 itemque
675 2333 705 2383 de
724 2334 892 2384 observatione
910 2333 981 2398 hujus
1000 2334 1082 2400 anguli
1110 2335 1173 2384 citra
1195 2337 1317 2384 maximae
1343 2333 1480 2385 latitudinis

134 2407 374 2461 considerationem,
397 2404 428 2456 de
454 2407 555 2456 umbrae
573 2405 753 2456 semidiametro
771 2407 838 2455 varie
857 2405 1008 2470 inquirenda,
1029 2406 1059 2455 de
1073 2404 1136 2454 Solis
1153 2406 1283 2469 parallaxl,
1303 2405 1434 2456 altitudine
1453 2413 1479 2458 et

134 2479 290 2544 proportione
308 2479 381 2526 trium
393 2477 488 2526 illorum
500 2491 626 2541 corporum
638 2478 705 2526 varie
718 2476 871 2541 detegendis,
890 2477 920 2526 de
933 2476 1066 2526 commodis
1079 2476 1183 2542 denique
1195 2476 1252 2527 inde
1264 2479 1290 2526 in
1302 2478 1480 2543 geographiam

134 2556 159 2599 et
176 2551 202 2600 in
220 2550 330 2613 reliquas
348 2549 465 2598 scientias
482 2548 689 2606 redundantibus;
709 2555 738 2596 ut
755 2547 885 2597 multarum
904 2548 1030 2612 eclipsium
1047 2553 1100 2597 mm
1118 2546 1240 2598 Solarium
1258 2561 1332 2612 quam
1345 2548 1478 2600 Lucanum

130 2623 202 2684 Juxta
218 2620 401 2689 Htplerianam
419 2619 565 2684 hypothesin
591 2633 694 2669 examen
714 2619 838 2681 adjectum
856 2625 962 2669 taceam.
1000 2618 1049 2669 Sed
1067 2619 1108 2668 hic
1124 2617 1195 2677 liber,
1213 2619 1399 2670 immortalitate
1416 2634 1479 2671 sans

133 2693 310 2758 dignissimus,
330 2693 399 2754 cujus
416 2692 476 2748 tibl,
493 2690 570 2742 lector
588 2689 730 2755 astrophile.
750 2697 921 2755 argumentum
939 2690 1044 2740 breviter
1061 2692 1175 2754 exposui,
1196 2690 1300 2741 allectus
1318 2692 1415 2756 quidem
1434 2692 1481 2742 init

133 2763 272 2828 aKeplero
283 2767 365 2813 uomro
383 2767 410 2812 et
420 2761 562 2825 Imperatori
575 2761 698 2812 Matthiae
716 2761 904 2826 gloriosissimae
922 2763 1054 2811 memoriae
1067 2762 1170 2823 oblatus,
1191 2769 1218 2811 at
1230 2762 1260 2812 ob
1272 2763 1374 2824 injurias
1385 2763 1479 2814 illorum

131 2841 271 2901 temporum
287 2833 372 2898 perlici
391 2839 417 2883 et
433 2833 545 2897 publicae
562 2832 611 2882 luci
630 2833 716 2896 exponi
734 2847 784 2881 non
794 2833 887 2896 potuit
914 2832 948 2882 Ut
965 2839 1048 2882 tamen
1067 2845 1098 2882 ne
1116 2834 1250 2898 ignorares,
1268 2833 1315 2882 hoc
1328 2833 1480 2885 celeberrimi

131 2908 241 2958 auetorls
260 2907 437 2956 monimentum
455 2904 536 2954 adhuc
554 2917 679 2967 superesse
698 2909 724 2952 et
740 2903 766 2952 in
784 2917 866 2953 casses
884 2917 951 2952 meos
968 2903 1095 2961 incidisse,
1121 2911 1147 2952 te
1164 2903 1232 2954 hisce
1250 2905 1379 2955 sertorem
1396 2905 1479 2957 iacere
1548 2955 1550 2960 .

131 2993 181 3029 nou
199 2978 401 3042 intempestivum
419 2975 490 3036 duxi,
518 2975 544 3024 in
561 2989 601 3025 me
618 2972 691 3024 simul
707 2975 840 3038 recipiens,
865 2973 926 3024 nibil
943 2974 1135 3024 intermissurum
1152 2989 1193 3024 me
1211 2988 1274 3032 esse,
1293 2974 1357 3039 quod
1374 2975 1408 3026 ad
1426 2977 1477 3026 edi·

132 3051 225 3100 tionem
242 3048 451 3114 praestantissimi
472 3047 544 3108 hujus
562 3048 641 3110 operis
657 3044 831 3094 maturandam
849 3043 898 3094 nllo
916 3043 987 3094 modo
1005 3045 1126 3108 pertinere
1145 3045 1276 3100 videbitur,
1301 3045 1384 3094 divina
1400 3046 1478 3097 iretur

131 3121 305 3185 providentia,
324 3133 388 3183 qnae
405 3117 518 3168 subsidiis
536 3117 568 3167 ad
585 3116 719 3166 studiorum
738 3114 965 3165 matbematicorum
983 3115 1192 3164 continuationem
1210 3129 1283 3180 quam
1301 3117 1407 3166 maxime
1432 3131 1477 3168 ue·

132 3193 248 3242 cmsariis
266 3191 363 3241 labores
381 3204 448 3238 meos
465 3188 609 3246 sublevabit,
628 3201 729 3253 quorum
746 3186 786 3235 hic
805 3201 848 3250 per
868 3201 964 3236 omnem
982 3186 1058 3234 vitam
1076 3185 1130 3234 linis
1149 3187 1195 3235 erit
1212 3187 1307 3246 unicus,
1326 3193 1354 3235 ut
1371 3194 1478 3239 naturae

132 3276 228 3313 muana
244 3263 328 3327 magu's
346 3263 473 3327 magisque
491 3259 646 3324 detegantur,
665 3264 738 3322 atque
756 3257 804 3308 hac
822 3259 927 3314 ratione,
946 3270 995 3322 qua
1012 3255 1080 3305 nulla
1098 3259 1201 3322 cogitari
1221 3261 1302 3320 potest
1318 3257 1410 3315 melior,
1428 3258 1474 3310 hu·

131 3335 199 3384 mant
217 3336 320 3400 generis
339 3333 405 3382 salus
422 3339 600 3396 promoveatur.
634 3330 665 3380 ln
682 3343 773 3395 genere
792 3329 856 3380 enim
872 3328 964 3392 Judimo
982 3327 1046 3376 illins
1064 3327 1201 3378 Verulamli
1219 3325 1273 3389 (lib.
1291 3327 1324 3377 ll.
1343 3328 1374 3379 de
1393 3343 1475 3396 augur.

132 3403 291 3470 acientipro
305 3402 531 3461 conchacensium,
549 3416 652 3468 magnos
663 3402 689 3450 in
701 3401 773 3451 rebus
785 3406 890 3450 naturae
903 3400 993 3450 abditis
1011 3399 1124 3448 mendis
1142 3406 1169 3449 et
1185 3399 1323 3450 reserandis
1336 3415 1478 3466 progressus

131 3477 170 3526 vix
189 3476 244 3526 hen·
256 3489 341 3542 posse,
360 3475 408 3523 nisi
426 3474 458 3524 ad
471 3474 636 3538 experimenta
647 3472 753 3522 Vulcani
775 3477 800 3520 et
812 3469 918 3521 Daedali
936 3470 974 3521 vel
987 3472 1151 3534 cujuscunque
1165 3471 1264 3520 altanus
1275 3473 1372 3536 generis
1384 3478 1478 3523 sumtus

130 3547 232 3598 abunde
250 3544 446 3612 suppeditentur.
474 3545 511 3594 Tu
529 3558 593 3604 vero,
610 3545 644 3592 mi
663 3541 804 3607 asmophile,
824 3543 952 3592 conatibus
969 3543 1038 3600 meis,
1057 3555 1116 3606 quos
1134 3542 1159 3591 in
1177 3540 1342 3593 nobilissimae
1359 3545 1478 3595 scientiae

129 3620 317 3670 iumememum
335 3622 362 3668 et
379 3623 547 3667 oruamentum
564 3614 666 3666 tendme
683 3615 741 3663 binc
758 3613 833 3663 iacile
850 3613 975 3679 intelligis,
995 3612 1050 3663 lave
1069 3618 1095 3665 et
1111 3627 1162 3664 rem
1180 3620 1250 3664 tuam
1269 3627 1299 3664 ex
1316 3620 1372 3665 voto
1391 3627 1448 3682 age.

220 3689 370 3742 Smibebam
387 3687 487 3753 Lipsiae
503 3686 580 3752 pridie
597 3685 662 3736 lion.
681 3684 743 3736 Dec.
763 3681 840 3734 tros.
929 3695 937 3714 ·

744 3858 875 3868 -.--

219 4009 403 4078 Fragmentum
421 4008 499 4074 operis
517 4007 625 4072 inscripti
643 4003 871 4071 Hipparchus
889 4000 977 4053 eadem
995 4016 1044 4070 qua
1061 4005 1167 4054 occurat
1183 4005 1210 4054 ln
1222 4003 1306 4058 eddim
1318 4006 1396 4057 torma
1413 4007 1477 4072 typis

129 4084 318 4139 mandavimus.
337 4083 363 4130 in
381 4081 503 4146 proposito
515 4085 675 4143 susceptoque
693 4075 794 4127 consilio
806 4081 987 4140 permanentes,
1007 4075 1136 4126 immutata
1153 4074 1254 4140 Kepleri
1272 4091 1348 4141 opera
1358 4077 1406 4128 bau
1425 4077 1477 4130 edi·

128 4157 198 4208 tione
212 4152 366 4220 colligendi;
386 4157 412 4202 et
428 4152 536 4216 quamvis
555 4164 629 4216 aegre
646 4149 772 4200 lamudam
790 4148 830 4206 sit,
849 4145 912 4211 qaod
924 4145 1045 4209 Keplerns
1063 4147 1204 4197 inchoatum
1222 4162 1270 4196 uon
1290 4148 1392 4198 absolvit
1409 4163 1477 4214 opus,

129 4227 314 4278 absolvendum
331 4223 391 4273 iilud
409 4223 451 4272 alii
468 4221 657 4287 permittendum
675 4235 729 4270 esse
747 4231 889 4276 censemus,
908 4219 957 4282 qui,
976 4223 1005 4266 ut
1020 4215 1135 4268 Heveliua
1153 4219 1220 4276 dicit,
1239 4231 1319 4268 rerum
1337 4221 1427 4283 peritus
1445 4221 1478 4270 sit

129 4305 157 4350 et
175 4301 227 4350 otio
248 4296 376 4353 abundem
395 4307 492 4358 sparsas
510 4293 690 4352 mactationes,
712 4304 775 4355 quae
793 4289 894 4340 adrem
912 4289 1042 4353 pertinent,
1060 4303 1105 4338 noa
1123 4290 1168 4340 snb
1184 4289 1259 4340 mem
1269 4289 1451 4356 subjungemus.

221 4369 357 4432 Quanmm
373 4365 488 4430 temporis
499 4363 630 4428 Hoplems,
648 4376 743 4426 semper
760 4373 869 4410 serenus
887 4360 920 4410 ad
937 4361 1083 4424 propositum
1100 4375 1179 4418 mum,
1198 4362 1358 4411 consumserit
1374 4363 1400 4412 in
1418 4377 1476 4413 ocu-

127 4441 263 4494 scribendo
282 4439 332 4488 hoc
351 4451 437 4502 opere,
463 4450 518 4486 cum
537 4449 567 4486 ex
583 4435 740 4496 incriptione
759 4437 862 4496 apparet
879 4427 1006 4496 („Pragae
1023 4430 1142 4482 inchoata
1159 4445 1176 4482 a
1192 4431 1275 4482 multis
1293 4433 1378 4492 mum,
1397 4433 1477 4484 Lincii

130 4527 186 4564 vero
205 4511 369 4567 conanuata.
387 4500 725 4573 praesertim⁸mu0161t¹l
743 4510 795 4553 tum
811 4502 939 4569 sanguin
957 4503 1019 4553 loliis
1036 4503 1062 4552 in
1080 4501 1230 4553 voll.st11.
1249 4505 1476 4569 manuscriptorum,

128 4584 265 4649 adsumptis
284 4581 360 4631 annis
378 4579 551 4631 diversissimis.

219 4653 299 4716 Quae
318 4653 370 4716 ipse
388 4649 509 4715 Keplem
526 4647 651 4710 inlibris,
678 4661 738 4712 quos
761 4647 814 4710 ipse
830 4643 918 4708 publici
939 4645 1000 4707 turis
1018 4644 1077 4695 ieeit
1093 4657 1140 4694 nec
1161 4657 1212 4694 nou
1228 4643 1255 4694 in
1272 4643 1349 4695 literis
1366 4645 1476 4708 privatis,

128 4741 191 4794 quas
211 4726 248 4778 ad
266 4723 365 4775 amiota
383 4721 468 4781 dedit,
494 4721 526 4772 de
550 4719 644 4772 edendo
661 4718 708 4779 boc
724 4730 797 4782 opert
814 4716 923 4780 scripsit,
945 4717 1073 4782 aequemia
1089 4714 1212 4766 mutent
1248 4714 1354 4766 Primum
1373 4717 1479 4767 occurrit

127 4800 224 4850 mentio
243 4792 443 4860 Hipparchi
469 4794 494 4844 in
514 4789 706 4853 „Parentibus”
730 4787 835 4854 Opticae
858 4783 924 4849 (Vol.
943 4785 976 4836 11.
994 4800 1051 4851 pag.
1071 4781 1135 4845 tae)
1152 4784 1177 4834 h.
1197 4799 1219 4836 e.
1248 4800 1313 4836 anno
1342 4783 1423 4846 180³,
1451 4795 1479 4838 et

129 4867 284 4922 mammaeae
303 4865 366 4914 licet
390 4879 419 4915 ex
436 4865 474 4915 his
491 4865 579 4922 verbis,
598 4861 732 4928 Keplerunr
750 4861 836 4913 eodem
853 4865 974 4922 tempore,
1000 4870 1046 4921 quo
1065 4854 1180 4921 Opticam
1203 4858 1359 4924 mmoripsit.
1381 4859 1477 4910 initium
