3680 5538
343 281 408 363 2150
707 219 715 255 s
766 291 797 345 n
816 289 1000 346 commeasse
1016 293 1047 344 rs
1064 291 1169 347 nomn
1187 289 1274 346 aut·

341 475 519 539 descenderit,
542 489 622 545 spero
644 477 752 528 tantam
771 473 846 526 inter
865 473 921 526 Vos
942 473 1063 527 lhturam
1083 472 1217 535 notitiam,
1237 479 1270 526 ut
1291 473 1341 526 aba
1362 471 1400 526 M.
1414 471 1445 526 Τ.
1466 471 1593 542 profecta
1613 463 1681 527 comi

339 557 477 614 mendatio
497 554 574 609 utilis
596 570 657 608 esse
678 553 775 624 possit.
1038 591 1041 598 .

430 638 507 700 Quod
527 635 696 706 hypotheses
713 633 854 703 Gopernici
875 633 984 698 attinet,
1006 634 1048 690 ita
1067 639 1110 688 est
1123 638 1155 687 ut
1167 631 1270 695 scribis,
1292 631 1389 702 ingens
1411 631 1490 686 bolus
1511 633 1682 687 devorandus

341 725 401 774 est:
423 716 589 772 immensitas
610 715 689 770 unius
710 715 847 786 sphaerae
867 713 992 769 fixarum.
1027 713 1118 768 Solum
1138 713 1190 767 hoc
1204 713 1298 783 Tycha
1320 711 1384 766 mihi
1406 712 1516 768 solebat
1536 729 1683 782 opponere.

341 800 474 870 Negabat
493 797 623 865 exempla
650 793 751 850 similia
769 794 797 848 in
817 801 931 857 natura.
961 795 1009 848 uhi
1030 801 1088 848 tam
1107 793 1205 864 ingens
1227 806 1256 847 et
1276 793 1459 850 frmtranenm
1489 809 1621 856 vacnum,
1643 791 1685 846 uti

230 933 233 938 .
342 880 444 951 digitus
465 877 553 932 instar
573 875 671 930 montis
692 877 727 928 ad
747 875 880 945 reliquum
909 891 1008 944 corpus
1037 874 1162 929 hominis.
1204 875 1267 944 Ego
1298 879 1393 927 contra
1420 873 1623 942 proportionem
1644 872 1685 928 ita

341 959 525 1030 requirerem:
556 955 629 1010 sicut
658 955 791 1010 diameter
810 954 921 1008 motoris
943 948 1041 1022 (Solis)
1071 957 1106 1008 ad
1132 953 1295 1008 diametrum
1323 952 1469 1017 mobilium,
1496 952 1538 1006 ita
1556 953 1628 1006 haec
1648 955 1683 1007 ad

342 1041 503 1096 diametrum
523 1036 577 1090 loci
597 1037 624 1089 in
646 1051 698 1106 quo
717 1041 816 1099 motus,
838 1051 875 1090 sc.
897 1035 1032 1105 sphaerae
1052 1035 1178 1090 lixarum.
1215 1035 1280 1089 Cum
1300 1033 1371 1087 enim
1390 1033 1547 1104 parallaxis
1566 1033 1685 1088 fixarum

342 1119 455 1176 dirersis
477 1117 541 1172 anni
562 1115 730 1186 temporibus
751 1114 858 1169 existat
882 1132 936 1169 non
956 1115 1044 1184 major
1065 1111 1131 1179 20⁰,
1154 1131 1212 1168 cum
1239 1114 1384 1170 stellarum
1411 1115 1528 1168 lixarum
1557 1111 1686 1167 diametri

343 1202 398 1256 sint
419 1206 450 1253 nt
470 1198 616 1268 plurimum
638 1191 652 1250 1
669 1202 698 1249 et
714 1189 750 1260 2‘,
771 1196 865 1266 itaque
885 1202 1034 1251 evanescet
1052 1198 1123 1251 haec
1141 1195 1305 1266 parallaxis.
1333 1194 1494 1256 Praeterea,
1516 1193 1687 1250 sineretur

342 1281 439 1336 inutile
460 1293 585 1339 vacuum,
606 1283 750 1331 moveatur
770 1275 919 1330 etiamnum
939 1277 1037 1347 ingens
1059 1277 1130 1332 inter
1150 1275 1287 1345 planetas,
1308 1274 1426 1329 maxime
1447 1275 1520 1328 inter
1539 1275 1636 1328 Jovem
1656 1279 1687 1329 et

342 1363 467 1424 Martem,
490 1357 698 1428 sincerissimum
717 1371 783 1410 sero
802 1371 919 1410 vacuum
940 1372 959 1410 a
978 1356 1064 1411 Terra
1090 1373 1175 1427 usque
1196 1357 1231 1409 ad
1250 1355 1329 1426 polos
1354 1355 1437 1408 etiam
1458 1353 1577 1410 Saturni.
1618 1355 1687 1412 Tum

343 1444 377 1496 de
398 1439 532 1508 exemplis
554 1443 671 1492 naturae
692 1435 879 1508 disquisitum:
907 1438 1094 1507 proponebam
1118 1436 1247 1490 immanes
1269 1440 1424 1506 serpentes,
1447 1435 1507 1506 ipse
1528 1435 1684 1498 affimavit

336 1516 429 1578 'visam
459 1522 495 1574 ab
508 1567 511 1576 ,
524 1517 573 1584 iis,
608 1517 654 1588 qui
683 1515 904 1588 Nordwagirium
928 1533 1060 1572 oceanum
1089 1516 1237 1587 navigant,
1266 1515 1383 1570 bestiam
1409 1521 1548 1572 trecentas
1579 1514 1688 1571 circiter

344 1603 425 1657 ulnas
447 1602 577 1670 longam3
600 1597 755 1669 comparari
776 1613 830 1668 ego
851 1599 887 1651 ad
907 1597 1107 1661 animalculum,
1130 1599 1200 1668 quod
1221 1615 1257 1651 ex
1272 1597 1415 1666 putredine
1436 1602 1524 1652 ortum
1544 1595 1686 1650 caniculas

345 1699 396 1754 per
415 1688 504 1735 cutem
526 1679 594 1752 agit
634 1677 782 1748 Apparuit,
802 1677 1007 1747 proportionem
1026 1678 1195 1733 intercedere
1214 1677 1354 1748 majorem.
1394 1675 1466 1730 Dein
1492 1675 1594 1747 negavi
1615 1691 1686 1729 com-

346 1761 497 1835 putationis
528 1758 738 1814 concinnitatem
767 1759 950 1829 quaerendam
978 1758 1051 1813 inter
1079 1757 1192 1812 mobilia
1211 1764 1242 1812 et
1269 1755 1446 1828 quiescentia.
1487 1757 1548 1812 Non
1578 1761 1688 1828 peccat·

346 1843 391 1916 qui
411 1841 546 1896 hominem
566 1845 708 1909 comparat
728 1855 786 1892 cum
808 1839 965 1908 elephanta
988 1841 1036 1893 sed
1054 1837 1077 1892 si
1092 1838 1150 1909 quis
1171 1837 1305 1892 hominem
1325 1843 1466 1906 comparet
1486 1852 1546 1891 cum
1565 1836 1687 1891 modbns

347 1923 498 1984 stellarum,
510 1941 513 1948 ·
520 1935 626 1991 genera
644 1918 815 1973 transcendit
835 1925 865 1972 et
884 1909 991 1989 ineptit.
1019 1919 1070 1974 His
1091 1921 1123 1972 de
1144 1918 1235 1972 causis
1254 1916 1426 1971 verisimilior
1446 1923 1491 1971 est
1503 1915 1569 1970 mihi
1590 1917 1686 1980 moles,

347 2019 427 2076 quarn
451 1997 502 2055 illa
522 1999 690 2071 sympathia.
731 1998 842 2054 Interim
869 1998 1036 2070 veredicis:
1063 2001 1250 2054 demonstrata
1269 1997 1438 2070 geometrica
1458 1997 1535 2054 nulla
1555 1996 1687 2066 impedire

348 2083 487 2156 quominus
516 2079 631 2152 quilibet
659 2081 774 2150 planeta
802 2086 916 2149 propter
945 2096 1022 2136 suum
1051 2079 1231 2135 eccentricum
1256 2079 1341 2133 talem
1369 2077 1508 2134 describat
1534 2077 1689 2148 epicpclum

348 2159 421 2234 (cum
442 2155 564 2216 omnibus
578 2159 724 2231 requisitis.
747 2159 959 2223 eccentricitate‚
981 2166 1082 2230 puncto
1097 2159 1250 2232 aequantis,
1269 2165 1344 2214 motu
1357 2158 1486 2230 spogsei,
1507 2157 1687 2216 inclinatione

341 2246 383 2300 ‚ad
403 2260 481 2300 suum
501 2236 618 2308 orbem),
640 2239 748 2311 qualern
767 2239 826 2309 ipse
847 2240 902 2302 Sol,
924 2247 954 2294 et
974 2242 1068 2295 eodem
1087 2247 1210 2311 ternpore
1231 2240 1259 2294 in
1279 2241 1388 2294 casdem
1407 2245 1521 2309 partes:
1543 2239 1623 2309 idque
1642 2237 1688 2291 vel

348 2326 444 2378 eadem
465 2321 620 2393 quantitate
650 2326 776 2374 manente
796 2318 824 2373 in
844 2321 968 2390 quolibet
995 2319 1133 2392 epicyclo,
1161 2336 1232 2391 quae
1259 2325 1303 2374 est
1322 2319 1349 2374 in
1371 2319 1523 2374 ecoentn'cc
1543 2319 1634 2382 Solis,
1655 2323 1689 2373 ut

348 2404 520 2458 retineantur
539 2401 701 2470 parallaxes
715 2399 812 2453 Martis
827 2399 1007 2470 Tychonicae,
1027 2401 1073 2454 vel
1093 2401 1224 2471 neglecta
1242 2399 1392 2472 partheni,
1414 2406 1447 2454 ut
1464 2405 1573 2454 tantum
1593 2398 1690 2468 capiat

349 2482 464 2556 quilibet
483 2480 636 2551 epicpclum
656 2480 743 2542 hunc,
765 2497 799 2532 ne
819 2482 869 2534 liat
888 2479 1059 2545 intersectio,
1082 2485 1111 2534 et
1131 2481 1297 2536 eccentricus
1325 2479 1386 2549 ejus
1407 2479 1435 2535 in
1455 2481 1550 2534 eadem
1571 2495 1687 2552 propor-

350 2563 424 2618 tione
446 2567 591 2634 augeatur.
619 2559 671 2613 lllo
685 2559 762 2613 ruodo
783 2559 866 2629 plane
880 2560 906 2614 id
920 2559 1181 2631 repraesentabitur.
1204 2563 1274 2634 quod
1287 2577 1338 2632 per
1351 2559 1487 2632 Tychonis
1508 2559 1687 2632 hypothesin,

350 2643 401 2698 nisi
422 2641 605 2716 quodTycho
627 2639 839 2711 compendiosius
860 2641 922 2695 illos
943 2659 994 2694 sex
1018 2641 1154 2712 epicpclos
1175 2641 1203 2696 iu
1222 2659 1305 2699 unum
1327 2641 1398 2696 Solis
1423 2639 1603 2696 ecoentricnm
1624 2657 1686 2695 con·

233 2743 236 2753 ·
349 2723 434 2788 flavit,
456 2727 486 2776 et
499 2720 538 2774 sio
551 2720 617 2790 ipsis
638 2719 738 2776 centris
759 2722 923 2775 eccentricos
940 2721 1026 2790 juxta
1045 2721 1118 2776 hunc
1138 2739 1303 2778 communem
1323 2727 1424 2778 motum
1444 2719 1598 2790 adscripsit.
1628 2721 1688 2776 Eoo

350 2806 438 2859 altero
459 2803 536 2855 modo
557 2801 606 2855 fiet
625 2801 795 2855 Ptolemaica
823 2801 1001 2873 hypothesis,
1024 2807 1053 2855 et
1072 2801 1169 2856 Martis
1190 2803 1330 2874 epicpclns
1350 2801 1467 2872 ingens,
1491 2799 1579 2856 minor
1599 2801 1686 2862 devie,

348 2883 470 2940 ιιιίιιὶιιιιιι
492 2881 620 2936 Saturni:
642 2881 693 2935 nisi
713 2883 783 2952 quod
803 2881 846 2936 his
868 2875 933 2952 ipsis
954 2881 1084 2953 epicyclis
1107 2877 1231 2953 (insuper
1259 2883 1343 2938 etiam
1360 2881 1464 2936 Solaria
1489 2874 1687 2947 ccceutn'oulc)

349 2963 472 3036 aequalis
493 2967 581 3017 motus
602 2961 754 3024 tribuatur,
782 2967 815 3016 ut
835 2961 949 3033 aliquali
967 2969 1044 3036 motu
1065 2964 1183 3018 fixarum
1202 2962 1323 3032 sphaera
1342 2979 1402 3017 curn
1423 2963 1509 3016 Terra
1527 2961 1686 3022 circumeat,

350 3046 421 3116 quod
441 3043 525 3098 Ursus
545 3041 692 3112 Apollonio
712 3041 830 3097 mirabili
851 3042 967 3096 audacia
987 3041 1141 3112 adscripsit.
1169 3043 1244 3097 Tunc
1263 3045 1347 3114 plane
1367 3041 1438 3096 idem
1458 3043 1498 3105 ht.
1520 3043 1592 3113 quod
1613 3041 1688 3112 apud

349 3125 513 3196 Tychonem,
534 3123 586 3177 nisi
607 3122 685 3194 quod,
708 3139 778 3193 quae
798 3123 844 3177 hic
864 3129 947 3187 stant,
970 3124 1042 3193 apud
1056 3124 1212 3193 Tychonem
1231 3131 1375 3179 moventur
1388 3115 1453 3190 (hoc
1473 3122 1580 3196 quidem
1597 3114 1688 3189 motu]

350 3215 378 3260 et
400 3211 504 3258 contra.

435 3285 635 3345 instrumenta,
667 3283 737 3352 quod
765 3281 875 3348 scribis,
906 3281 1040 3338 dormiunt
1067 3283 1208 3355 equidem:
1241 3300 1278 3338 sc.
1307 3283 1455 3340 haer'edum
1478 3289 1528 3338 est
1554 3282 1689 3340 rationem

349 3367 471 3421 reddere.
512 3363 555 3418 De
577 3359 705 3432 expensis
726 3363 792 3418 mihi
820 3363 903 3433 plane
924 3363 992 3416 nihil
1021 3369 1154 3434 constat..
1181 3363 1310 3430 Quiesce,
1338 3363 1417 3419 etin
1435 3380 1495 3418 meo
1516 3362 1622 3418 salario
1644 3379 1690 3418 aa·

352 3439 459 3518 quiesco
481 3441 529 3498 dte.
552 3447 611 3509 (rid.
630 3447 686 3497 Vol.
704 3449 738 3507 II,
764 3466 788 3514 p.
808 3446 864 3511 ta).
904 3442 1028 3514 Procopii
1054 3445 1196 3504 locumde
1217 3459 1288 3499 anno
1308 3438 1374 3500 535.
1403 3443 1530 3516 intelligo
1551 3445 1585 3497 de
1615 3442 1690 3498 sicca

352 3521 531 3579 exhalatione
552 3538 605 3574 non
624 3535 744 3594 magnae
764 3523 926 3589 altitudinis,
946 3524 974 3578 in
988 3541 1067 3594 quam
1080 3523 1128 3578 Sol
1147 3540 1227 3578 mane
1247 3529 1277 3578 et
1290 3524 1398 3595 vesperi
1418 3524 1553 3594 paulatim
1573 3539 1689 3586 memus.

351 3601 590 3659 rubicundissimus
611 3609 641 3655 et
659 3601 738 3657 initio
758 3603 878 3657 bisectns
899 3610 1034 3674 apparet3
1064 3603 1195 3659 siccitatis
1215 3621 1320 3666 comes,
1347 3611 1378 3660 ut
1399 3621 1470 3658 anno
1493 3598 1577 3661 1599.
1598 3603 1691 3674 Aprili

343 3684 383 3738 'et
402 3683 484 3750 hujus
505 3681 569 3736 anni
588 3681 689 3736 Martio
712 3677 792 3750 (sane
812 3690 872 3737 toto
889 3683 998 3748 Martio,
1018 3686 1090 3754 quod
1109 3683 1198 3738 obiter
1218 3685 1294 3748 addo,
1316 3700 1386 3739 uuus
1407 3685 1556 3755 quadratus
1577 3683 1690 3739 Saturni

352 3771 381 3818 et
402 3761 516 3816 Veneris
546 3758 665 3830 tenuitl:
698 3771 755 3818 toto
784 3763 868 3819 etiam
887 3763 988 3818 Martio
1017 3763 1126 3819 siccitas
1146 3764 1199 3819 nsit
1217 3795 1257 3806 -
1277 3766 1348 3819 bene
1368 3795 1409 3807 -
1429 3767 1476 3818 sed
1496 3765 1563 3820 illud
1585 3763 1691 3818 erravit

353 3842 575 3914 Prognosticum,
597 3844 668 3913 quod
689 3849 795 3914 tempus
815 3843 937 3914 pluvium
957 3844 1025 3909 dixi,
1047 3861 1107 3900 cum
1127 3845 1215 3899 siccae
1241 3845 1394 3900 existerent
1415 3845 1618 3900 exhalationes.
1661 3845 1690 3897 ld

352 3923 508 3994 displicebit
527 3922 576 3986 eis,
598 3922 642 3992 qni
664 3924 776 3979 delinita
795 3924 823 3978 in
844 3924 919 3978 coelo
941 3930 1083 3995 quaerunt.
1123 3925 1191 3979 Mihi
1212 3926 1264 3980 hoc
1284 3925 1351 3980 satis
1372 3931 1428 3990 est,
1455 3925 1500 3997 qni
1521 3925 1560 3979 nil
1581 3924 1690 3980 invenio

355 4005 382 4059 in
396 4005 472 4057 coelo
487 4001 538 4056 nisi
553 4001 698 4067 stimulum,
713 4002 741 4058 in
755 4005 840 4058 Terra
852 4022 917 4059 rere
930 4005 1073 4059 materiam
1087 4011 1116 4059 et
1129 4005 1189 4074 ejus
1206 4005 1346 4062 circuitum
1359 4021 1476 4060 cascum.
1496 4009 1548 4073 (Nil
1560 4007 1690 4077 sequimi.)

446 4077 474 4142 5)
492 4083 517 4145 p'.
537 4073 579 4129 88.
616 4077 722 4132 v01.11.
742 4096 765 4146 p.
785 4079 844 4131 SSS.
873 4083 1021 4133 exhibuimus
1047 4081 1131 4132 literas
1149 4083 1270 4134 Edmnndi
1287 4083 1402 4141 Brutti.
1422 4083 1445 4134 d.
1467 4080 1506 4132 15.
1527 4085 1591 4148 Aug.
1613 4079 1689 4131 ¹602.

355 4153 482 4204 Florentia
501 4151 532 4200 sd
550 4151 685 4216 Keplerum
703 4152 786 4212 datan,
804 4156 828 4204 in
848 4155 933 4219 quihus
950 4159 1048 4219 praeter
1066 4168 1111 4211 ea,
1130 4153 1259 4220 quasillis
1277 4155 1460 4219 proposuimus,
1477 4153 1540 4206 haec
1559 4154 1690 4219 leguntur:

359 4223 458 4273 escun
476 4229 502 4272 te
515 4223 587 4279 lucio,
607 4223 669 4287 qnod
682 4239 739 4274 mea
750 4239 801 4274 sors
814 4225 867 4278 init.
886 4239 941 4274 enm
953 4223 1055 4292 stagno
1074 4239 1216 4276 concurrere
1232 4229 1258 4276 in
1278 4226 1364 4277 eodem
1381 4240 1452 4278 curru
1465 4241 1481 4276 a
1492 4225 1596 4278 Peterin
1614 4239 1690 4291 usqua

358 4293 391 4345 ad
409 4293 546 4344 Bononiam
557 4309 570 4349 ‚·
591 4291 617 4342 in
636 4298 704 4357 cnjm
722 4295 792 4344 domo
820 4291 898 4345 aniles
926 4305 1041 4360 acceptus
1059 4311 1102 4360 per
1124 4296 1188 4346 diem
1211 4303 1356 4361 noctemque
1382 4299 1476 4359 mansi,
1501 4311 1548 4362 quo
1574 4298 1692 4362 temporis

359 4366 477 4416 curriculo
496 4364 626 4414 honorilice
645 4366 675 4415 de
693 4375 718 4415 te
736 4366 812 4417 locuti
830 4381 919 4417 sumus.
950 4367 1107 4418 Prodromunr
1124 4375 1192 4417 tuam
1212 4370 1234 4419 ei
1252 4369 1347 4419 ostendi
1365 4369 1477 4434 dixique,
1495 4375 1521 4420 te
1538 4381 1691 4432 summepere

359 4437 481 4494 admirari,
502 4441 557 4485 sam
575 4449 699 4499 nunqnam
716 4438 766 4486 tuis
784 4436 859 4486 literis
885 4439 1052 4502 respondisse:
1080 4445 1119 4488 ast
1135 4439 1187 4502 ipse
1203 4439 1263 4489 mihi
1287 4441 1394 4503 iurarit,
1419 4454 1446 4489 se
1464 4451 1588 4504 nunqnam
1613 4445 1692 4490 anm

357 4517 427 4560 taum
444 4507 601 4558 Pmdronranr
618 4507 714 4564 vidisse.
734 4508 777 4558 sad
790 4510 843 4571 ejus
861 4508 992 4559 adrentum
1011 4509 1116 4574 qnotidie
1134 4510 1263 4575 diligenter
1281 4517 1445 4574 exspectasse,
1463 4511 1569 4576 mihique
1585 4509 1692 4564 fideliter

358 4580 482 4642 promisit,
507 4593 537 4629 se
553 4591 610 4628 suas
628 4579 660 4628 ad
678 4585 704 4630 te
722 4580 804 4629 literas
826 4579 892 4628 brevi
919 4582 1015 4632 mittere
1032 4581 1102 4638 selle,
1130 4587 1203 4646 teqna
1220 4595 1269 4632 noa
1286 4583 1363 4632 solum
1390 4595 1474 4633 amara
1492 4583 1536 4634 ssd
1554 4583 1630 4634 etiam
1647 4595 1691 4651 pre

358 4651 406 4700 tais
424 4650 529 4702 invenus
548 4649 670 4704 ιιιιιιιιιι.
690 4650 814 4702 coniernu
832 4656 877 4700 est

448 4719 571 4788 Causam,
588 4735 633 4780 lcnr
650 4721 766 4787 Magiam
784 4737 833 4772 noa
850 4722 1001 4784 responderit
1025 4722 1151 4788 Kaplsrc,
1177 4723 1251 4788 ipsius
1278 4724 1372 4790 Marini
1395 4725 1473 4777 sarbia
1497 4724 1647 4778 exhibuimus
1664 4725 1697 4781 la.

361 4795 438 4852 textu,
457 4807 513 4856 pag.
534 4787 558 4838 5.
578 4807 659 4850 rarum
677 4793 751 4844 aliam
769 4793 871 4843 <limmat
889 4805 990 4842 causam
1007 4795 1166 4845 verisimilem.

449 4859 477 4930 S]
495 4878 520 4934 p·
540 4847 593 4919 dii·x
617 4863 697 4922 botas
715 4879 786 4936 quern
803 4864 844 4921 bic
861 4869 959 4937 spectat
975 4864 1104 4937 Keplems.
1122 4866 1211 4940 lapitas
1227 4867 1254 4922 ia
1265 4865 1334 4920 ¹Ptol.
1352 4865 1496 4942 aaaron
1511 4866 1554 4930 IX.
1572 4879 1628 4944 etp·
1649 4864 1690 4924 1⁰·
