3604 5534
337 317 401 384 216
818 307 857 374 ns
875 323 982 374 nessus
1000 321 1093 376 sousa
1111 321 1199 376 Mum

422 498 475 564 Hs·
495 494 537 548 3²·
715 497 853 562 Secundo
876 501 967 580 igitur
989 502 1046 564 hoc
1070 501 1217 576 desidero,
1243 503 1321 582 quod
1340 503 1368 564 in
1384 503 1499 568 tabella
1520 503 1666 566 reducendi

365 590 389 656 l,
624 589 770 652 rationem
792 608 849 650 non
874 590 983 651 bonam
1007 590 1104 652 secuti
1127 599 1207 653 sunt.
1245 592 1325 654 Nam
1347 593 1418 655 dato
1441 592 1468 655 E
1491 593 1666 656 locolllartis

392 679 393 682 ’
623 678 761 759 ecliptico
793 687 824 740 et
855 676 909 740 ΕΟ
943 680 1103 742 latitudine
1135 680 1219 754 visa,
1254 690 1466 762 computarunt
1497 680 1600 762 ipsins'
1615 680 1666 745 AG

620 767 835 849 longitudinem
866 777 1100 848 obposuerunt,
1140 775 1210 844 tuuc
1241 771 1396 850 planetam
1429 771 1459 834 in
1495 769 1591 833 orbita
1617 789 1668 834 sua

620 857 788 938 quantitate
820 855 877 921 Ac
909 879 928 919 a
955 858 1032 918 nodo
1069 857 1225 920 removeri.
1273 859 1369 940 Atqui
1401 859 1502 922 orbita
1536 860 1666 941 planetae

620 947 719 1026 (cujus
742 945 868 1028 primam
887 947 1134 1026 inaequalitatem
1157 946 1390 1028 investigamus)
1409 969 1467 1012 non
1488 957 1535 1011 est
1548 950 1601 1012 snb
1617 945 1666 1012 Ac

520 1073 521 1076 =
620 1037 673 1098 sed
696 1037 751 1097 sub
774 1035 842 1109 AD,
868 1045 902 1097 ut
920 1036 985 1116 jam
1008 1045 1173 1098 ostensum.
1219 1038 1301 1100 Nihil
1334 1039 1425 1119 igitur
1454 1038 1566 1100 attinet
1587 1056 1666 1099 arcus

506 1150 510 1157 ·
620 1123 677 1188 AC
701 1125 740 1185 ad
762 1125 1008 1206 inaequalitatem
1027 1126 1161 1204 primam,
1187 1128 1240 1189 sed
1260 1127 1414 1191 adulterat
1431 1147 1520 1190 veras
1534 1128 1666 1208 planetae

489 1242 499 1297 q
615 1215 826 1293 ,elongationes
849 1215 887 1275 ab
911 1216 950 1276 A.
997 1213 1119 1278 Etenim
1146 1214 1213 1278 visa
1246 1216 1374 1278 latitudo
1398 1226 1446 1279 est
1469 1217 1571 1292 EHC,
1601 1235 1668 1277 vero

465 1306 471 1313 “
508 1344 559 1392 N.
620 1313 719 1365 autern
741 1304 882 1383 punctiF
905 1303 1044 1378 latitudo,
1068 1323 1121 1370 seu
1143 1304 1296 1369 inclinatio
1321 1306 1417 1368 lineae
1436 1303 1491 1370 GF
1514 1307 1553 1368 ad
1577 1304 1665 1385 eclip-

619 1394 719 1462 ticam,
744 1401 792 1454 est
816 1390 907 1455 EGF.
948 1392 1053 1473 Itaque
1078 1393 1136 1455 etsi
1159 1396 1291 1457 secunda
1314 1395 1515 1482 inaequalitas
1539 1395 1666 1473 longitu-

619 1482 696 1543 dinis
720 1482 898 1545 absorbetur
920 1482 948 1544 in
973 1482 1162 1568 oppositione
1185 1503 1251 1546 cum
1275 1483 1356 1560 Sole,
1382 1485 1550 1548 latitudinis
1573 1493 1667 1546 tamen

618 1571 818 1652 inaequalitas
842 1573 974 1632 secunda
999 1582 1068 1634 tuno
1092 1574 1224 1635 estsere
1248 1575 1379 1637 maxima
1402 1583 1588 1637 etmensura
1608 1574 1669 1652 ejus

618 1669 665 1722 est
688 1659 764 1722 HIG
788 1661 925 1740 angulus.
973 1657 1230 1730 Quemadmodum
1253 1663 1344 1744 igitur
1372 1671 1440 1726 tota
1467 1663 1595 1726 latitudo
1618 1660 1668 1723 EQ

618 1749 718 1824 elficit,
745 1755 777 1810 dt
799 1749 856 1812 Ac
880 1750 995 1828 longior
1025 1750 1067 1811 sit
1088 1770 1177 1831 quarn
1199 1751 1257 1814 AB
1286 1771 1356 1816 arcu
1379 1752 1450 1816 EB:
1479 1751 1525 1814 ita
1548 1761 1581 1814 et
1602 1769 1669 1833 pars

617 1839 703 1918 hujus
727 1839 894 1901 latitudinis
919 1838 1001 1901 visae
1016 1839 1067 1902 FO
1091 1840 1140 1900 vel
1159 1839 1245 1915 HIG,
1272 1861 1347 1922 quae
1371 1849 1420 1904 est
1443 1861 1480 1904 ex
1503 1839 1668 1921 inaequali-

617 1935 681 1989 tate
704 1929 844 2003 secuuda,
869 1928 976 2002 efficit,
1000 1939 1033 1990 ut
1056 1928 1162 1990 cadent
1184 1929 1241 1994 Ac
1272 1931 1388 2010 longior
1416 1931 1457 1993 sit
1487 1949 1577 2012 quam
1599 1931 1668 1992 AF:

520 2061 524 2070 .
618 2017 732 2097 longior
763 2017 855 2097 igitur
880 2018 975 2096 justo.
1022 2019 1124 2097 Atque
1156 2019 1211 2080 boc
1244 2029 1401 2101 peccatum
1430 2019 1581 2084 contemni
1615 2037 1668 2082 non

616 2115 736 2186 potest;
761 2107 990 2169 excurrit'enim
1013 2107 1052 2168 ad
1076 2104 1117 2171 9⁴.

703 2197 808 2258 Potuit
830 2215 912 2258 error
933 2197 982 2258 vel
1006 2215 1092 2258 exeo
1116 2195 1308 2275 deprehendi,
1333 2197 1410 2278 quod
1433 2196 1563 2278 angulus
1577 2195 1668 2270 Bac,

453 2309 539 2372 quem
563 2290 730 2353 tribuerunt
759 2285 943 2348 inclinationi
973 2285 1130 2365 planorum
1162 2285 1319 2364 eclipticas
1344 2293 1375 2348 et
1405 2287 1522 2349 orbitae
1548 2287 1668 2361 Martis,

329 2343 341 2375 ⁶
387 2353 395 2376 ¹
452 2399 509 2441 nou
544 2383 647 2441 manet
678 2382 830 2437 constans.
877 2374 913 2435 Id
937 2377 1014 2437 enim
1045 2393 1083 2436 ex
1114 2374 1296 2460 resolutione
1328 2382 1433 2456 patet,
1463 2376 1491 2438 si
1525 2383 1669 2457 quautam

319 2437 412 2503 4⁰58
452 2469 636 2530 additionem
659 2463 764 2525 tabula
787 2463 939 2544 exprimit,
973 2473 1059 2526 tanto
1088 2472 1208 2525 auctum
1236 2482 1332 2543 ponas
1364 2484 1465 2528 arcum
1487 2464 1669 2546 AQexque

319 2553 347 2609 l.
372 2551 411 2611 58
451 2576 486 2618 eo
510 2565 542 2618 et
567 2556 621 2621 Ec
655 2560 810 2633 computes
837 2551 922 2616 EAG
954 2554 1104 2632 angulum.
1151 2553 1304 2614 Prodeunt
1332 2554 1415 2616 enim'
1443 2554 1549 2634 anguli
1579 2561 1613 2616 ut
1641 2553 1669 2614 in

318 2668 346 2725 4,
390 2669 410 2726 0
450 2647 572 2725 adjecta
596 2643 727 2707 tabella:
759 2660 795 2702 ex
818 2661 877 2723 qua
900 2649 1042 2723 apparet,
1074 2641 1104 2702 in
1129 2642 1314 2704 semicirculo
1347 2643 1462 2706 boreali
1493 2643 1583 2725 ipsos
1608 2644 1668 2704 lere

319 2785 338 2840 4
372 2783 407 2842 33
449 2735 585 2814 posuisse
618 2732 759 2812 angulum
791 2731 938 2794 maximae
971 2730 1138 2794 latitudinis
1170 2731 1302 2793 borealis
1325 2728 1364 2797 4⁰
1387 2729 1450 2808 33‘,
1474 2733 1505 2794 in
1540 2729 1668 2795 australi

340 2826 346 2840 '
449 2823 601 2886 austrinae
625 2817 663 2885 6⁰
686 2816 750 2883 26‘.
796 2819 893 2900 Igitur
914 2821 1043 2901 planum
1059 2820 1218 2882 eccentrici
1232 2820 1271 2880 'in
1295 2823 1441 2884 subtensa
1468 2823 1568 2884 nodos
1593 2840 1666 2883 con-

317 2896 345 2960 5·
370 2898 408 2990 29
447 2921 601 2987 nectente,
636 2930 712 2992 quae
739 2928 793 2988 per
816 2909 917 2975 Solem
941 2908 990 2971 vel
1012 2909 1136 2972 Terram
1167 2911 1297 2987 transit,
1329 2920 1411 2974 esset
1441 2911 1668 2991 quodammodo

317 3017 344 3076 6,
369 3015 407 3076 20
447 3001 617 3077 infractum,
641 2999 711 3080 quia
733 2999 829 3059 minus
853 2999 1046 3061 inclinaretur
1064 3018 1134 3079 pars
1150 2998 1286 3078 superior
1305 3019 1394 3080 qnam
1417 2999 1555 3064 inferior.
1591 2998 1670 3070 Quin

319 3133 336 3192 6
370 3130 407 3192 26
446 3089 505 3152 imo
528 3101 624 3153 totum
640 3092 697 3152 iter
711 3107 764 3149 seu
777 3089 899 3168 planum
923 3086 1082 3150 eccentrici
1105 3088 1245 3166 planetae
1260 3099 1344 3151 esset
1367 3091 1544 3166 flexuosum,
1572 3089 1670 3172 qualis

339 3178 345 3192 '
448 3189 496 3241 est
519 3181 586 3260 ipsa
608 3181 658 3241 via
679 3196 733 3257 per
755 3177 972 3240 visasMartis
1005 3176 1180 3240 latitudines
1206 3177 1260 3239 sub
1283 3178 1351 3242 lixis
1384 3178 1556 3258 descripta,
1593 3195 1670 3261 quae

317 3251 344 3308 ⁴·
370 3248 408 3307 ³⁰
448 3270 575 3332 circulus
599 3277 739 3330 nonest.

318 3367 344 3425 t.
369 3362 407 3423 22
534 3359 618 3420 Haec
642 3365 742 3418 autern
761 3355 859 3417 omnia
877 3353 1065 3434 simplicitati
1088 3361 1220 3415 motuum
1241 3355 1415 3418 coelestium
1430 3363 1501 3436 snut
1516 3357 1654 3420 adversa
1661 3375 1671 3429 ;

319 3481 335 3540 3
370 3477 407 3538 10
447 3447 525 3527 quod
549 3445 733 3526 experientia
756 3443 857 3506 multis
881 3444 1024 3530 exemplis
1048 3441 1178 3505 docebit.

240 3597 242 3606 ,
338 3525 344 3540 ’
535 3535 636 3596 Vera
659 3533 749 3613 igitur
781 3534 858 3594 ratio
889 3532 1049 3595 reducendi
1073 3531 1113 3594 ad
1137 3531 1266 3594 orbitam
1289 3541 1338 3594 est
1361 3534 1451 3608 haec,
1482 3541 1518 3595 ut
1544 3533 1672 3615 cognito

314 3645 350 3686 ex
361 3623 620 3686 observationibus
636 3622 662 3683 Ε
679 3624 743 3684 loco
757 3623 898 3702 planetae
917 3623 946 3684 iu
961 3621 1102 3701 ecliptica
1124 3629 1284 3701 quaeratur
1299 3623 1426 3702 angulus
1437 3620 1524 3686 EGF
1535 3623 1671 3686 inclina-

312 3714 403 3776 tionis
427 3713 492 3794 ejus
516 3712 582 3786 loci,
607 3711 747 3774 methodo
770 3731 847 3792 quae
866 3703 951 3772 'inlr'a
969 3719 1124 3791 sequetur:
1151 3718 1219 3774 tunc
1243 3709 1312 3790 quia
1326 3709 1353 3772 Ε
1369 3719 1479 3787 rectus,
1504 3732 1545 3774 ex
1560 3714 1622 3778 ΑΕ
1643 3721 1674 3774 et

311 3803 374 3878 EF,
398 3820 537 3865 mensura
559 3800 660 3882 anguli
678 3797 771 3874 EGF,
795 3819 849 3880 per
872 3800 1038 3861 doctrinam
1059 3800 1272 3879 triangulorum
1287 3809 1447 3880 quaeratur
1465 3801 1524 3862 AF
1550 3804 1602 3865 vel
1617 3821 1672 3884 pro

313 3893 366 3954 EF
389 3891 568 3953 adhibeatur
590 3889 673 3952 EAF
696 3890 823 3968 angulus
847 3885 1021 3969 perpetuus.⁴
1067 3886 1201 3969 Cumque
1227 3907 1264 3949 ex
1286 3888 1470 3970 argumentis
1498 3890 1560 3966 iis,
1592 3911 1671 3974 quae

310 3981 434 4044 inferius
458 3979 623 4060 explicabo,
650 3987 805 4058 appareat,
829 3979 969 4059 angulum
991 3977 1075 4039 EAF
1098 3978 1127 4040 in
1151 3977 1240 4040 stella
1262 3979 1371 4040 Martis
1395 3997 1548 4042 essenon
1568 3982 1671 4062 majo-

310 4089 372 4134 rem
398 4065 433 4132 1⁰
461 4067 515 4132 50‘
543 4069 675 4142 circiter,
709 4069 844 4130 reductio
877 4063 1184 4149 quoquecirca115⁰
1216 4088 1234 4127 a
1263 4068 1340 4129 nodo
1370 4067 1499 4130 omniurn
1530 4072 1672 4134 maxima

309 4181 367 4223 non
391 4167 515 4238 superat
540 4157 578 4232 13,
603 4176 656 4238 pro
680 4175 737 4236 quo
761 4165 860 4219 tamen
877 4155 982 4219 tabula
1001 4155 1110 4218 alicubi
1125 4153 1156 4219 δ’
1172 4163 1205 4216 et
1223 4153 1274 4219 10‘
1284 4156 1373 4234 jubet
1387 4157 1509 4220 addere.
1564 4159 1671 4231 Quare

309 4249 350 4310 ob
373 4249 450 4310 banc
474 4266 588 4328 quoque
612 4265 735 4308 causam
757 4265 882 4326 peccare
908 4253 1011 4325 potest
1029 4244 1204 4327 hypothesis
1220 4245 1258 4305 ad
1283 4242 1314 4306 7¹
1337 4252 1368 4307 et
1391 4243 1433 4321 9¹,
1457 4265 1492 4309 eo
1508 4249 1597 4330 qnod
1612 4249 1672 4314 ob-

310 4338 510 4410 servationes,
553 4355 629 4415 quae
662 4345 749 4395 erant
778 4335 965 4398 fundamenti
994 4335 1077 4409 loco,
1111 4353 1165 4414 per
1193 4334 1270 4394 hano
1292 4335 1496 4398 reductionem
1525 4339 1672 4401 nonnihil

308 4427 408 4488 damni
431 4432 502 4487 sunt
526 4443 643 4504 passae.
691 4421 791 4493 Quare
815 4425 907 4486 multo
932 4423 1028 4485 minus
1056 4443 1144 4504 quam
1168 4429 1259 4485 antea
1285 4423 1472 4504 impediebar
1494 4425 1536 4488 ab
1564 4427 1672 4510 inqui-

308 4514 414 4576 sitione
438 4533 533 4576 novae
556 4513 767 4597 hypotheseos.
