3552 5562
48 4908 56 5133 ι

56 5192 63 5438 l

673 312 836 415 ιιιωιιι.
1389 319 1429 388 17

95 499 127 554 4.4
95 498 192 552 tux
212 497 266 551 hcc
292 496 486 552 fundamento
512 497 645 552 bohemus
674 501 813 554 correctas
841 495 989 552 distantias
1011 503 1043 569 Θ
1065 499 1090 575 ὅ
1113 501 1148 556 ad
1168 503 1272 573 gradus
1298 449 1431 576 sinqulos,

47 582 52 639 ‚¹
152 596 205 632 cum
226 577 407 650 aequatione
427 577 556 641 eccentri,
578 578 659 632 simul
673 586 703 634 et
717 579 862 639 ιιιιιιιιιιι
875 581 1049 636 construendi
1070 583 1126 636 ista
1144 581 1264 636 faciliter
1279 585 1315 638 ed
1328 585 1433 656 gradus

155 657 320 730 coequato·
344 659 505 715 anomaliae
527 659 654 714 eccentri.

108 739 138 793 44.
159 739 427 802 Demonstrahimns,
450 737 493 794 nsi
512 738 663 810 hypothesi
687 738 870 806 Ptolemaios,
899 741 969 812 quod
998 705 1265 816 prosthaphaereses
1293 743 1432 815 Tychonis

159 819 279 890 nuspiam
301 821 383 874 ultra
403 836 487 874 unum
508 821 664 890 scrupulum
685 822 839 877 trahentur.

108 899 136 956 ιι.
159 903 194 954 Ad
214 899 383 954 ulteriorem
406 899 597 970 probationem
617 900 830 957 eoceutricitatis
851 899 1000 956 dimidiae'
992 918 1021 961 m
1033 899 1109 964 Sole,
1130 907 1161 956 et
1173 901 1254 956 simul
1274 919 1309 958 ne
1330 919 1431 976 aequa-

159 979 260 1048 ticcio·
284 979 314 1034 in
336 981 392 1034 hoc
409 980 525 1053 negotio
541 980 637 1035 subtili
652 983 763 1040 credere
782 997 921 1053 cogamur,
944 997 1025 1051 quarn
1040 997 1125 1050 supra
1138 993 1195 1038 nro.
1213 982 1257 1038 18.
1276 990 1432 1054 suspectam

157 1061 376 1136 reddideramus,
408 1061 517 1132 aliquot
544 1059 606 1116 aliis
634 1062 771 1132 exemplis
792 1061 863 1116 idem
890 1061 1009 1136 probare
1039 1061 1242 1133 aggrediemur.
1284 1062 1346 1126 Ubi,
1369 1063 1433 1136 quia

158 1140 399 1198 observationibus
421 1158 482 1196 cum
495 1141 641 1196 latitudine
663 1143 741 1198 nobis
756 1159 825 1212 opus
840 1137 892 1206 est,
914 1141 1059 1211 dupliciter
1074 1141 1137 1199 illas
1153 1157 1251 1198 cavere
1265 1143 1430 1208 docebimus,

160 1223 200 1276 rel
226 1239 280 1292 per
307 1221 506 1276 correctionem
533 1221 645 1293 anguli,
673 1223 719 1277 vel
744 1239 794 1292 per
820 1229 918 1276 conum
947 1222 1088 1278 scalenum
1124 1228 1155 1276 et
1180 1221 1375 1282 correctionem
1404 1224 1431 1279 in

158 1304 207 1356 ine
228 1301 384 1358 distantiae
406 1302 545 1366 inventae.
1177 1373 1180 1378 Ι

101 1381 133 1436 44.
161 1385 239 1454 Ergo
259 1382 395 1438 adhibitis
409 1381 549 1438 distantiis
562 1381 706 1438 solaribus
723 1382 784 1452 jorn
797 1383 963 1449 constitutis,
978 1383 1038 1438 vioe
1053 1384 1324 1452 rerssprobabimus
1337 1385 1432 1454 paral·

157 1459 236 1518 laxei
259 1465 425 1518 observatas
449 1463 481 1518 -in
502 1465 597 1517 eodem
623 1463 766 1518 eccentrioi
791 1465 867 1529 loco,
889 1466 997 1528 addito,
1024 1467 1155 1534 quantum
1179 1464 1280 1520 luisset
1300 1471 1432 1530 erratum,
1490 1519 1491 1522 ,

158 1544 181 1597 ιι
200 1545 247 1597 vel
268 1551 333 1598 tota
353 1543 546 1598 eccentricitas
567 1543 647 1607 Solis,
669 1544 715 1598 vel
733 1560 800 1613 pars
820 1545 983 1601 notabiliter
1003 1542 1092 1611 mqjor
1112 1542 1210 1600 hrisset
1231 1551 1356 1616 accepta.

99 1623 131 1678 28
158 1624 224 1678 Alio
247 1624 391 1694 exemplo,
423 1623 501 1696 quasi
523 1641 573 1695 per
591 1625 718 1694 regulam
739 1624 817 1691 falsi,
845 1631 899 1682 aut
922 1621 1137 1680 demonstrative
1159 1630 1191 1678 ut
1210 1625 1297 1694 int,
1325 1641 1432 1681 rursum

159 1704 303 1758 eliciamus
324 1704 560 1768 ecoentricitatem
580 1704 696 1760 Terrae
781 1733 785 1744 =

99 1783 132 1839 44.
159 1785 264 1838 Hinc¹
250 1802 312 1854 ιιι
333 1801 370 1838 ex
397 1784 615 1842 consideratione
635 1786 753 1862 ducrum
778 1785 969 1855 exemplorum
997 1782 1201 1846 concordium'
1193 1803 1222 1842 ιι
1246 1789 1272 1852 <5
1299 1792 1329 1840 ct
1357 1785 1434 1858 Ωιι

156 1865 314 1920 assertione
335 1865 509 1920 Ptolemaios
528 1868 561 1920 dc
583 1864 682 1920 ceteris
702 1865 826 1947 planetis
846 1865 1031 1937 ingrediemur
1051 1864 1268 1933 speculationem
1287 1865 1432 1938 physicam

156 1945 315 2016 sequentis,
337 1947 567 2011 demonstrantes,
588 1945 629 2000 ita
649 1963 711 2002 esse
732 1931 830 2009 motus',
852 1953 885 2001 ut
904 1952 969 2000 sunt
989 1944 1148 2002 distantiae.

100 2023 131 2078 ιι.
160 2025 343 2100 Tentabimus
363 2026 528 2096 imperfecta
547 2027 778 2090 demonstratione
799 2026 987 2097 compendium
1007 2025 1118 2080 tradere
1138 2023 1334 2098 investigandi.

101 2104 131 2158 ιι.
160 2109 237 2161 Idem
257 2106 311 2160 hoc
325 2107 500 2176 experientia
513 2107 612 2162 iterum
632 2107 813 2164 refutabimus
834 2114 865 2162 et
884 2105 1087 2178 computatione
1106 2105 1248 2160 loconun'
1241 2123 1269 2160 ιι
1283 2105 1383 2162 tabula
1399 2109 1434 2173 0⁸.

157 2191 197 2241 Δι
215 2193 315 2240 autem
331 2187 384 2241 hoc
403 2185 569 2255 rejectitium
591 2189 746 2243 consentiat
760 2205 820 2242 oum
835 2187 992 2242 axiomate:
1017 2185 1076 2249 ,ita
1089 2192 1187 2251 motus,
1209 2192 1241 2240 ut
1253 2186 1431 2249 distantiae,“

159 2287 192 2322 ex
212 2267 360 2322 distantiis
382 2266 420 2321 45
442 2267 470 2320 iu
491 2271 516 2334 d
537 2267 669 2333 collectis,
691 2268 774 2322 facile
794 2267 965 2338 probabitur.
1298 2257 1305 2286 ⁸

99 2342 132 2400 32.
162 2348 230 2411 Quia
252 2349 324 2401 vero‘
354 2347 542 2417 aphelium0¹
570 2348 704 2404 hactenus
735 2355 893 2418 suspectum
919 2355 976 2410 est,
1006 2346 1178 2412 consulemus
1206 2345 1312 2418 aliquot
1342 2342 1434 2402 obser·

158 2428 289 2484 rationes
310 2427 394 2486 circa
404 2427 553 2520 aphelium,
575 2445 635 2482 cum
656 2429 763 2500 aliquot
776 2429 850 2483 circe
868 2426 1041 2498 periboliun,
1063 2431 1092 2480 ct
1112 2432 1170 2482 tam
1183 2426 1230 2482 din
1250 2426 1433 2498 operabimur,

158 2511 239 2562 donec
265 2507 500 2576 &invenerimus
522 2508 550 2561 in
570 2507 679 2564 dimidio
700 2515 823 2580 tempore
844 2507 1028 2563 restitutionis
1049 2507 1175 2562 cadere
1168 2526 1195 2562 ιι
1209 2507 1273 2562 loca
1293 2505 1432 2578 opposita,

157 2606 190 2644 ea
207 2589 293 2643 linea
322 2587 432 2643 indubie
454 2589 508 2643 erit
526 2588 601 2643 linea
631 2587 1063 2682 augium.1ndeapoqaea.et
1086 2585 1224 2662 perigaea
1252 2587 1386 2643 distantia
1405 2594 1436 2642 et

159 2667 355 2724 eccentricitas
377 2659 589 2724 couhrmabitur.
737 2681 740 2688 ’

97 2743 131 2801 3³.
157 2751 228 2805 ldem
248 2749 463 2821 praestabimus
485 2749 558 2803 circa
577 2749 776 2822 longitudinem
797 2748 941 2804 mediam
934 2766 961 2802 ιι
981 2749 1013 2812 ὅ
1034 2764 1097 2802 nam
1118 2746 1150 2803 ιι
1165 2755 1200 2822 lli
1221 2749 1321 2802 desunt
1340 2749 1434 2803 obser·

156 2832 297 2896 vationes,
322 2829 372 2883 ubi
392 2837 423 2898 et
443 2829 471 2882 in
492 2835 593 2900 quarta
613 2830 761 2900 temporis,
793 2848 828 2884 ex
850 2828 1033 2900 aequatione,
1063 2829 1120 2882 ct'
1112 2847 1140 2884 ιι
1160 2829 1221 2884 loco
1242 2831 1377 2900 quadrato
1398 2847 1436 2884 ex

157 2919 296 2982 tempore,
332 2911 366 2962 de
387 2909 553 2982 aequatione
579 2910 701 2964 maxima
726 2909 858 2980 judicium
879 2911 1006 2970 feremus,
1037 2909 1154 2982 indeque
1175 2911 1208 2962 de
1230 2897 1435 2964 ecoentricitate

156 3000 282 3064 umque,
307 2991 444 3044 consultis
466 2989 557 3054 etiam,
580 3007 648 3062 quas
663 2989 865 3052 inveneramus,
886 2985 1025 3044 distantiis
1040 2988 1136 3044 tribus
1164 2989 1231 3044 Plus
1247 2997 1340 3044 autem
1354 2995 1435 3043 acuto
1520 3063 1522 3069 Α

157 3072 261 3144 angulo
285 3069 457 3126 tribuetur'
450 3089 477 3123 ιι
498 3065 672 3141 inquisitione
692 3071 755 3134 loci,
777 3069 866 3124 minue
887 3069 998 3124 acuto'
992 3087 1019 3124 ιι
1039 3069 1181 3124 distantia

229 3155 265 3207 ln
286 3167 397 3222 marg:
428 3151 489 3204 Hoc
509 3148 614 3242 capite
626 3151 695 3205 nihil
716 3151 788 3204 sorte
818 3147 907 3212 aliud,
938 3166 1019 3220 quam
1040 3157 1072 3203 ut
1098 3151 1258 3220 probemus,
1288 3148 1436 3204 (ιιιιιιιιιι

155 3232 339 3288 intermedias
359 3249 414 3284 uon
435 3249 495 3285 esse
517 3231 545 3284 ιι
566 3217 681 3297 circulo,
713 3238 742 3284 et
763 3247 833 3304 quae
855 3231 1036 3284 consulantur
1056 3230 1084 3284 ln
1105 3229 1245 3286 anomalia
1264 3235 1435 3300 coaequata,

154 3313 232 3368 utiles
254 3331 328 3367 esse
349 3310 378 3366 iu
399 3328 488 3367 auom.
512 3311 639 3367 ecoentri.

90 3387 227 3447 illilus
248 3400 434 3448 exstruemus
456 3391 602 3448 distantias
624 3397 649 3460 0¹
672 3393 705 3446 ad
726 3393 839 3464 gradus
853 3396 1019 3462 coaequatos
1040 3407 1100 3446 oum
1121 3388 1287 3464 aequatione
1308 3388 1437 3456 ecoentri,

154 3481 183 3526 ut
202 3473 230 3528 in
254 3478 302 3542 Θ,
327 3479 358 3526 et
380 3471 444 3544 quia
465 3471 544 3526 simul
565 3471 686 3526 innotuit
704 3471 846 3544 proportio
868 3471 981 3536 orbium,
1003 3469 1176 3542 conjiciemus
1198 3486 1246 3524 eas
1268 3469 1295 3525 in
1309 3487 1435 3526 numeros

151 3553 293 3609 distantiis
318 3555 425 3608 Terrae
445 3555 653 3622 respondentes

87 3627 125 3686 35.
154 3635 354 3707 Aequationes
368 3649 434 3686 vero
455 3633 600 3703 aequantia
616 3649 666 3686 seu
679 3631 811 3703 physicas
825 3630 866 3684 ita
879 3630 1086 3694 moderabimur,
1109 3630 1150 3685 ιιι
1164 3647 1234 3700 opus
1254 3648 1316 3686 esse
1336 3629 1435 3686 videri·

151 3731 216 3780 mua,
238 3716 289 3768 vel
314 3732 357 3768 ex
378 3713 515 3768 distantiis
536 3712 760 3795 operantes,ch
782 3730 819 3766 ex
840 3711 991 3784 triangulo,
1013 3716 1044 3764 et
1057 3709 1231 3782 conjiciemus
1251 3710 1281 3766 in
1302 3717 1435 3782 tempora,

151 3811 205 3849 una
224 3809 288 3850 cum
311 3793 470 3850 Solaribus

226 3877 261 3932 lu
283 3891 382 3946 marg.
422 3874 474 3932 Hic
493 3873 566 3929 ratic
587 3875 739 3936 reddenda,
770 3887 855 3942 quare
884 3871 1001 3942 physica
1021 3855 1081 3926 cum
1102 3871 1278 3942 experientia
1297 3889 1352 3927 nou
1371 3889 1434 3928 cou-

150 3957 262 4020 sentiat,
286 3962 320 4009 et
344 3959 483 4026 quatenus
505 3953 668 4048 consentiat,
690 3960 720 4007 et
740 3954 873 4024 quomodo
894 3970 930 4006 ex
944 3953 1062 4023 physica
1081 3967 1146 4008 vere
1167 3957 1326 4022 computare
1347 3952 1435 4036 possi·

148 4052 215 4100 mus,
238 4035 438 4107 quomodoque
459 4053 497 4089 ex
515 4034 621 4090 vicaria
640 4051 735 4088 veram
755 4031 906 4086 eliciamus.

38 4107 123 4195 36.
153 4116 231 4180 Quod
250 4113 424 4171 latitudines
446 4115 556 4180 attinet,
578 4115 761 4184 ostendemus,
783 4129 836 4184 quo
856 4117 940 4182 pacto
962 4113 1046 4167 nodos
1067 4111 1202 4168 invenerit
1222 4113 1326 4184 Tycha

37 4159 123 4246 32.
153 4193 371 4252 ῦιιιιιιιιιιιιι
393 4195 552 4250 nonnullam
572 4195 701 4249 addemus
719 4193 781 4262 ejus
803 4191 1053 4251 demonstrationis.

88 4269 123 4326 38
152 4276 255 4336 Nostro
286 4277 376 4330 modo
404 4277 488 4329 nodos
518 4255 610 4330 ambos
636 4293 673 4330 ex
703 4273 979 4360 observationibus'
971 4273 1154 4339 inveniemus,
1185 4289 1241 4330 una
1270 4291 1329 4330 cum
1358 4277 1434 4328 motu

151 4361 281 4412 nodorum
304 4375 346 4410 ex
370 4353 542 4410 Ptolemaeo.

90 4429 124 4490 39.
151 4438 202 4492 Vel
222 4456 262 4492 ex
283 4433 445 4494 latitudine
464 4436 551 4490 borea
569 4441 598 4490 et
619 4432 745 4500 austrina
764 4434 893 4500 maxima,
916 4433 962 4490 vel
982 4439 1100 4502 exortu
1110 4439 1139 4490 et
1153 4451 1252 4500 occasu
1277 4439 1303 4502 d
1324 4431 1433 4488 heliaoo

152 4517 320 4591 inquiremus
343 4513 554 4572 inclinationem
574 4509 727 4587 planorum.

94 4595 127 4648 44.
154 4599 297 4654 Diumeter
318 4597 463 4652 nodorum
481 4612 530 4665 per
548 4597 639 4654 Solem
659 4594 769 4652 ιιιιιιι.

96 4675 130 4732 il.
157 4679 302 4736 Inclinah'o
324 4684 376 4734 est
399 4671 553 4740 ἇταιαιτις.
718 4701 730 4730 ι

99 4755 133 4810 42·
160 4759 374 4816 inclinationum
396 4753 506 4810 tabula.

142 4969 367 5024 ῑηῑιιιιιιιιι.
