3552 5562
494 302 525 354 de
544 300 732 353 Commentariis
750 301 781 352 de
799 307 867 354 motu
885 303 973 358 stellae
990 301 1087 356 Martis.
1416 301 1458 372 69

90 473 307 554 sumnoribus.
353 478 469 558 Itaque
483 479 594 542 Martis
619 479 689 543 in
714 481 818 543 tardus
834 488 882 542 est
900 489 1000 542 motus
1023 479 1104 542 circa
1118 478 1168 558 Q,
1193 481 1267 544 iuli
1289 473 1459 556 medicatis,

92 563 289 628 queelox.
344 567 477 630 Interim
500 577 600 632 tamen
628 570 764 651 aequalis
793 579 896 632 manet
924 577 1022 630 motus
1046 571 1125 632 ciroa
1147 572 1174 632 B
1198 579 1343 635 centrum.
1389 573 1456 638 Hoc
1521 561 1527 572 ⁵

94 654 167 715 nodo
189 655 227 716 lit
252 654 327 730 illa,
357 675 451 738 quam
466 659 676 738 *superioribus
700 659 798 722 litenis
821 659 912 734 innui,
938 658 1059 738 figora
1086 659 1218 722 oralia.
1264 661 1344 724 Nam
1368 662 1457 724 citius

97 745 121 804 in
139 745 282 807 uvanto
321 746 460 828 facitque
490 747 669 811 distantiam
695 749 772 822 ΑΗ,
808 767 897 829 qnam
930 748 1011 809 circa
1034 745 1074 824 Q
1107 748 1139 810 in
1170 750 1268 812 locum
1291 771 1310 811 a
1332 750 1358 810 B
1382 763 1458 831 qna-

97 835 228 896 dratnm:
272 835 439 900 breviores
475 835 577 918 itaque
614 837 653 899 ed
690 839 789 899 latera
821 857 873 899 seu
906 836 936 898 in
968 835 1204 915 longitudinibus
1242 836 1348 901 mediis
1386 841 1459 902 frunt

101 923 271 999 distantiae,
300 944 396 1006 quarn
420 926 498 988 latio
521 927 648 1007 perfecti
673 927 775 988 circuli
801 925 960 988 eccentrici
984 925 1089 1006 exigit,
1115 932 1147 988 et
1161 924 1330 990 differentia
1352 943 1459 991 versus

61 1013 67 1022 “
102 1012 271 1092 perigaenm
297 1013 400 1094 major
424 1023 487 1085 est,
519 1035 607 1096 quam
631 1019 736 1078 tersus
765 1033 948 1097 apogaeum:
984 1034 1060 1094 qnae
1079 1013 1167 1094 justa
1190 1017 1323 1085 definitio
1345 1017 1459 1098 figurae

99 1103 184 1164 oraha
210 1111 278 1164 est.
329 1103 437 1177 Porro,
461 1123 538 1185 quae
560 1105 641 1168 ratio
665 1116 714 1168 est
736 1115 834 1166 motos
860 1112 895 1179 0¹,
919 1104 1025 1166 eadem
1053 1105 1283 1168 accelerationis
1306 1107 1411 1186 puncti
1432 1109 1459 1170 B

97 1209 182 1254 ausa
206 1199 343 1256 nostrae
368 1193 598 1273 intelligentiae.
646 1193 680 1256 Si
696 1195 752 1256 ,vis
776 1194 872 1268 scire,
901 1193 1012 1274 inquo
1041 1194 1135 1272 grado
1168 1195 1334 1257 celeritatis
1357 1195 1399 1256 sit
1423 1203 1458 1270 d,

96 1299 204 1360 quaere
235 1299 297 1362 per
328 1283 509 1345 anomaliam
541 1281 706 1365 simplicem
739 1285 805 1364 ejus
829 1305 848 1344 a
872 1279 912 1359 Q
937 1281 1124 1345 distantiam.
1164 1286 1216 1345 ·At
1244 1283 1270 1346 si
1294 1283 1339 1345 ris
1363 1285 1460 1346 locum

95 1371 181 1447 scire,
208 1377 340 1450 oportet
362 1369 454 1448 scire,
488 1381 630 1453 quantum
656 1373 862 1464 accumulatae
893 1389 996 1432 ornnes
1021 1371 1059 1432 ab
1083 1391 1219 1454 apogaeo
1243 1373 1406 1435 distantiae
1430 1373 1461 1434 iu

95 1459 130 1521 iis
152 1460 375 1541 temporibus,
406 1461 437 1522 in
460 1481 536 1543 quae
560 1462 696 1542 singulae
729 1463 912 1536 inciderunt,
943 1459 973 1522 in
997 1467 1080 1523 motu
1112 1463 1276 1525 effecerint.
1322 1463 1369 1524 At
1395 1479 1462 1526 oum
1499 1517 1503 1526 .

95 1548 235 1611 infinitae
263 1549 328 1611 siut
351 1549 537 1626 distantiae,
571 1551 641 1633 qnia
663 1551 780 1614 infinita
803 1543 837 1624 F,
863 1548 902 1624 G,
927 1549 966 1624 H,
989 1550 1016 1624 I,
1043 1548 1067 1612 0
1092 1559 1222 1630 puncta,
1255 1559 1287 1613 et
1309 1552 1379 1613 illae
1402 1569 1462 1612 non

93 1639 275 1718 aequaliter
297 1657 424 1718 sparsae
447 1658 502 1719 per
523 1640 681 1704 circuitum
703 1641 784 1703 cinca
801 1636 852 1716 Θ,
877 1637 1074 1700 confertiores
1099 1639 1178 1702 enim
1197 1659 1273 1721 qnae
1298 1639 1466 1721 longiores,'

91 1729 165 1808 quia
189 1727 236 1789 ibi
262 1735 289 1798 d
314 1729 438 1804 tardus,
463 1729 631 1809 sponsiones
648 1737 731 1811 ¹quae
755 1730 927 1802 breviores,
958 1727 1006 1789 hic
1029 1728 1115 1790 vides
1144 1730 1354 1794 difficultatem
1376 1735 1461 1792 com·

93 1816 227 1896 putandi
253 1817 312 1879 loci
337 1817 498 1880 eccentrici
520 1839 558 1881 cx
580 1819 742 1902 hypothesi
766 1838 839 1883 vera
863 1825 894 1878 et
917 1811 1053 1900 physica.

183 1907 303 1970 Modus
326 1915 428 1970 tamen
460 1907 519 1969 iste
552 1919 613 1970 est:
647 1909 747 1994 divido
779 1907 935 1970 circuitum
966 1907 996 1968 in
1027 1901 1111 1970 360ο
1136 1913 1169 1968 et
1195 1907 1274 1987 flngo
1304 1909 1460 1988 planetam

88 1994 213 2058 moveri
238 1997 409 2077 aequaliter
431 1997 572 2078 quamdiu
594 1998 625 2059 in
649 2017 706 2060 nso
730 2005 787 2059 est.
825 1997 874 2058 lta
891 1995 992 2058 ordine
1013 1995 1052 2057 ab
1076 2013 1211 2074 apogaeo
1229 1999 1363 2060 omnium
1388 2017 1460 2078 gra-

89 2087 184 2147 duum
209 2103 317 2147 morae
340 2094 533 2165 computatas
555 2087 631 2148 dant
653 2087 795 2168 cujusque
814 2084 1006 2148 anomaliem.
1044 2086 1128 2146 Idem
1141 2085 1278 2166 intellige
1293 2105 1347 2168 per
1360 2088 1460 2150 omnia

90 2172 135 2252 (in
161 2174 292 2255 depicto
317 2175 470 2237 schemate
493 2175 646 2250 Terrae).
676 2176 760 2238 Haec
784 2193 856 2254 ergo
885 2174 982 2237 omnis
1010 2173 1189 2257 hypothesis
1214 2189 1251 2254 (ς.
1299 2177 1458 2258 Propontis

88 2263 174 2325 orbis
202 2269 229 2341 ὁ
257 2265 297 2326 ad
330 2264 433 2326 orbem
457 2279 483 2342 0*
505 2287 544 2319 =
572 2261 701 2328 100000
719 2287 727 2326 :
748 2259 901 2338 152518,
925 2262 1037 2326 circelli
1067 2265 1091 2338 ὅ
1125 2264 1348 2332 semidiameter
1384 2263 1456 2340 180,

92 2353 173 2428 oin
201 2348 243 2416 6⁰
268 2367 313 2428 ee,
337 2353 413 2431 din
437 2349 555 2431 29⁰e.
601 2349 1080 2442 Nodisrin16⁰20⁴ttut
1151 2367 1165 2380 ⁴
1313 2385 1319 2394 ,

181 2443 259 2505 Jam
283 2443 395 2517 dicam,
429 2442 502 2524 qnid
528 2443 599 2506 mihi
623 2444 702 2505 inter
724 2442 912 2507 scribendum
941 2441 1047 2504 incidit
1077 2449 1109 2502 et
1131 2443 1279 2522 quomodo
1302 2443 1458 2526 physicam

92 2531 172 2593 banc
197 2532 363 2606 rationem,
387 2531 482 2594 salvis
509 2532 646 2598 omnibus
675 2552 750 2614 qnae
773 2531 860 2593 nobis
883 2539 1025 2611 prostant
1047 2529 1213 2605 efficienda,
1239 2532 1459 2596 concinniorem

89 2621 307 2701 imaginemur.
355 2621 436 2684 Nam
460 2620 578 2684 videtur
600 2623 722 2699 dorum,
746 2622 901 2702 planetam
928 2619 1003 2681 eniti
1026 2639 1042 2682 e
1066 2619 1178 2682 virtute
1212 2618 1267 2698 Θ,
1299 2621 1378 2704 qnod
1408 2631 1459 2685 est

89 2711 246 2772 naturalis
271 2709 443 2786 facultatis,
476 2718 507 2772 et
535 2711 652 2773 interim
682 2712 712 2772 in
737 2711 860 2772 nitendo
883 2710 1046 2783 remit-tere,
1072 2709 1237 2784 intendere,
1261 2729 1316 2790 pro
1338 2711 1456 2774 ratione

87 2799 268 2880 exigentiae
292 2800 411 2875 circuli,
446 2800 621 2882 aequalibus
644 2799 830 2882 temporibus
854 2798 993 2878 aequalia
1015 2799 1117 2878 spatia
1140 2799 1344 2876 describendi,
1378 2801 1457 2882 qnod
1557 2815 1561 2826 ’

87 2899 141 2950 est
162 2889 312 2951 animalis
331 2888 499 2952 facultatis.
540 2889 722 2952 Concinnius
737 2896 821 2950 esset
835 2895 868 2949 ut
882 2905 999 2950 omnem
1020 2888 1196 2950 facultatem
1209 2890 1378 2953 naturalem
1392 2889 1459 2953 Soli

83 2978 348 3052 traussmiberes,
372 2979 419 3040 oui
443 2978 604 3041 maximam
634 2986 753 3059 partem
783 2977 1042 3052 transscribimns;
1075 2977 1217 3056 planetae
1241 2997 1313 3042 vero
1339 2987 1458 3042 tantum

81 3067 335 3130 intellectualem
351 3068 522 3148 quampiam
543 3067 719 3131 facultatem
739 3067 948 3141 tribueremus,
973 3067 1020 3128 cni
1035 3083 1093 3126 non
1109 3067 1221 3128 viribus
1235 3068 1288 3129 sed
1304 3069 1368 3130 solo
1384 3077 1458 3130 nutu

79 3175 170 3237 opus
193 3165 290 3218 esset.
339 3158 414 3218 ltenr
438 3157 468 3218 in
492 3157 583 3236 priori
606 3159 694 3220 ruodo
718 3156 871 3218 obscurior
893 3156 1012 3217 videtur
1034 3155 1113 3216 natio
1137 3155 1257 3218 viantis
1275 3175 1291 3217 e
1309 3155 1349 3234 Θ
1366 3173 1455 3236 egre-

76 3245 214 3319 dientis,
241 3255 385 3326 optamus
408 3245 628 3308 dilucidiorem:
660 3245 827 3327 Utrumque
843 3263 930 3326 spero
945 3263 992 3306 me
1017 3241 1135 3306 efficere
1149 3261 1239 3325 posse
1258 3263 1312 3326 pen
1335 3246 1458 3308 modum

76 3335 136 3414 qui
166 3335 322 3416 sequitur.
369 3333 431 3396 Via
453 3336 594 3414 planetae
617 3355 672 3416 per
694 3354 727 3396 se
751 3335 780 3396 in
809 3335 919 3397 circulo
952 3351 1060 3413 magno
1087 3341 1150 3395 est:
1179 3353 1252 3396 nam
1282 3334 1457 3416 parallaxes

72 3425 165 3486 nibil
188 3425 235 3486 ad
258 3425 374 3504 ipsum;
397 3424 501 3486 demus
525 3443 596 3506 ergo
620 3433 653 3486 ut
676 3424 820 3487 inclinata
844 3423 885 3485 sit
908 3423 945 3484 ad
969 3423 1179 3502 imaginariam
1195 3427 1344 3504 quandam
1360 3425 1456 3504 eclip-

71 3515 193 3590 ticam,
234 3533 255 3574 a
278 3532 339 3594 qna
363 3513 548 3593 digrediatur
571 3514 708 3596 utrinque
731 3531 786 3594 per
809 3509 849 3577 5ο
873 3509 934 3588 15’,
964 3519 1079 3594 quauta
1110 3519 1158 3573 est
1181 3513 1321 3594 aequatio
1344 3513 1457 3577 circelli
1488 3531 1491 3544 ·

75 3599 193 3667 9165.
246 3603 411 3665 Mereatur
432 3603 557 3682 planeta
575 3603 606 3665 in
631 3595 760 3676 sincello,
784 3603 824 3663 ad
842 3601 926 3664 illam
948 3599 1155 3682 imaginariam
1178 3602 1306 3666 orbitam
1327 3603 1458 3668 mediam

74 3701 193 3755 erecta
220 3692 263 3754 ad
288 3693 417 3772 angulos
440 3699 550 3769 nectos,
574 3693 617 3755 sic
641 3699 675 3754 ut
696 3691 834 3772 proprius
857 3692 997 3771 planetae
1021 3701 1120 3754 motus
1143 3699 1336 3756 transversus
1358 3693 1399 3756 sit
1417 3693 1457 3754 ad

74 3791 206 3846 notum
234 3780 438 3844 adventbinm
461 3799 499 3842 ex
517 3781 598 3845 Sole.
634 3783 704 3844 Hoc
723 3781 810 3843 modo
829 3781 979 3842 ascendet
1002 3787 1034 3842 et
1056 3781 1224 3844 descendet·
1243 3782 1310 3845 hinc
1334 3783 1402 3844 inde
1425 3781 1456 3844 in

76 3891 143 3934 suo
170 3871 314 3946 circello,
337 3869 413 3933 nihil
436 3870 501 3950 ipse
523 3889 633 3934 nocens
649 3871 698 3932 vel
717 3869 880 3951 expediens
898 3869 1084 3949 promotione
1098 3889 1154 3932 sna
1167 3870 1247 3932 circa
1264 3867 1315 3949 Q.
1354 3871 1457 3933 Antea

76 3982 158 4024 reno
184 3960 350 4024 dimidiam
372 3960 583 4041 aequationem
605 3959 742 4022 circellns
765 3961 824 4022 iste
843 3959 1025 4023 confecerat.
1062 3959 1127 4022 Neo
1137 3961 1202 4041 jam
1221 3961 1333 4034 nitetur
1349 3967 1456 4023 contra

77 4060 207 4116 motum
235 4047 290 4129 Θ,
315 4049 385 4132 quia
407 4049 435 4112 is
458 4059 508 4112 est
529 4069 588 4114 non
610 4069 728 4114 sorsum
751 4049 800 4112 vel
824 4047 971 4124 deorsum,
995 4068 1053 4111 non
1077 4047 1117 4110 ad
1139 4049 1235 4128 polos,
1260 4051 1315 4114 sed
1337 4058 1454 4114 tautum

79 4142 113 4202 in
139 4143 264 4204 orbem.
310 4140 444 4202 Planeta
466 4157 537 4200 vero
560 4139 617 4201 ibit
638 4148 671 4202 et
693 4157 784 4221 supra
811 4157 917 4200 verens
949 4139 1049 4218 polum
1077 4137 1235 4218 eclipticas
1268 4139 1453 4202 descendens

86 4233 126 4292 ad
151 4229 195 4310 Q
224 4240 258 4294 et
280 4229 363 4293 inira
386 4247 492 4290 versus
516 4229 641 4291 alterum
673 4229 774 4309 polum
803 4226 912 4289 iterum
939 4227 1115 4291 ascendens.
1164 4225 1314 4294 Conficiat
1341 4227 1452 4310 gradus

87 4323 235 4404 aequales
260 4317 444 4402 aequalibus
469 4317 660 4399 temporibus,
685 4318 827 4380 metiatur
842 4318 1019 4380 descensum
1033 4325 1065 4377 et
1079 4335 1236 4379 ascensum
1253 4337 1337 4380 suurn
1353 4316 1455 4397 specie

94 4407 131 4487 Q
156 4421 336 4486 occurente5
370 4425 445 4470 nam
476 4406 555 4470 inira
577 4408 633 4469 snb
662 4407 769 4489 majori
792 4407 902 4486 angulo
925 4405 1063 4470 occurrit.
1109 4403 1296 4470 Diametrnm
1319 4424 1389 4470 vero
1414 4403 1454 4468 ad

94 4501 187 4567 htera
207 4487 361 4570 neelami
387 4503 531 4576 respectu
561 4497 697 4560 lixarum
742 4497 828 4559 Haec
858 4496 959 4558 ornnia
985 4495 1049 4557 sine
1076 4493 1190 4560 'viribus
1219 4497 1318 4558 facere
1349 4501 1454 4575 potest
1526 4533 1542 4560 0

94 4593 151 4657 eolo
171 4595 331 4662 intellectu
359 4595 398 4651 et
421 4581 606 4666 nutn'quia
628 4585 710 4667 globi
732 4586 881 4648 coelestes
903 4603 1009 4648 versus
1032 4583 1135 4648 Solem
1157 4603 1266 4665 graves
1289 4603 1348 4650 nou
1372 4591 1450 4668 sunt.

90 4683 139 4751 llic
158 4691 247 4756 etiam
272 4680 378 4751 simul
402 4673 604 4758 pulcherrime
626 4673 699 4739 mibi
728 4675 862 4738 nascitur
879 4675 1032 4757 promotio
1062 4673 1222 4760 nodqrnm,
1254 4673 1332 4754 quod
1361 4680 1453 4739 autea

83 4783 153 4854 ΜΠ,
174 4781 340 4852 minna
368 4763 540 4850 hypothesi
562 4773 706 4846 poteram.
744 4765 791 4827 De
815 4783 871 4846 qno
895 4765 980 4829 aliae.
1016 4763 1086 4828 Jam
1109 4762 1255 4844 quomodo
1279 4763 1454 4828 conficiatur

77 4887 130 4950 m
149 4870 308 4967 „qanto
338 4859 469 4928 dicam.
515 4853 582 4918 Nou
609 4853 680 4939 quia
707 4853 772 4918 Soli
803 4861 901 4918 totam
932 4851 1117 4932 umscnbo,
1148 4851 1235 4916 modo
1266 4871 1337 4918 vero
1368 4853 1453 4940 prius
