3604 5534
598 291 660 343 aare
681 291 773 344 rema
811 291 893 360 capue
910 294 956 346 ru
1387 291 1449 362 195

100 473 200 550 puncto
225 471 244 532 λ
256 487 267 544 ;
293 475 330 532 et
352 469 538 550 respondeat
559 470 634 532 haec
656 471 833 554 hypothesis
858 471 993 536 omnibus
1017 471 1093 536 locis
1116 473 1285 536 observatis
1301 475 1356 538 sub
1373 473 1450 538 arti·

102 560 174 622 culos
198 559 412 639 oppositionis
435 559 576 639 planetae
600 581 666 623 cnm
689 561 787 624 medio
811 563 876 624 loco
900 560 992 623 Solis.

182 645 269 720 Quid
292 649 391 729 igitur
414 656 476 722 est,
499 650 706 729 Keplere,
745 651 823 732 quod
846 651 896 714 hic
919 650 1071 712 desideres
1094 652 1125 716 in
1149 651 1337 732 Cupernioo?
1359 651 1449 714 Anne

101 737 362 802 observationibus
387 757 440 820 seu
463 747 700 802 astronomorum
724 740 938 821 experimentis
968 759 1061 818 negas
1092 742 1168 804 hanc
1191 739 1371 824 hypothesin
1394 760 1449 820 per

102 828 194 890 omnia
217 828 429 908 respondere?
475 829 510 890 Id
533 827 650 908 quidem
668 831 732 910 jam
756 850 815 892 non
838 830 947 908 agitur.
989 831 1094 908 Neque
1118 849 1183 910 ego,
1208 851 1275 894 cnm
1299 831 1375 891 hunc
1399 831 1448 893 la-

102 919 198 980 borem
223 917 411 998 auspicarer,
436 917 473 980 ab
497 918 757 982 observationibus
781 918 811 980 in
836 919 985 981 diversam
1010 920 1192 982 sententiam
1216 919 1448 982 sumadductus.

102 1005 156 1070 Sed
179 1007 239 1068 hoc
263 1015 314 1068 est
337 1007 416 1086 quod
439 1005 625 1069 desideravi:
654 1007 860 1072 omnicoetum
877 1010 920 1085 βδ
941 1013 976 1070 ut
994 1016 1074 1071 secet
1096 1011 1301 1086 eccentrp'oum
1322 1010 1359 1072 ic
1373 1033 1401 1090 χ,
1417 1007 1449 1082 ξς

101 1103 128 1158 et
147 1097 269 1177 ciram
290 1102 438 1160 sumata
455 1103 610 1179 pacatam
622 1100 794 1173 scarabaei,
818 1099 903 1182 qaod
917 1099 959 1160 sit
972 1121 997 1170 a,
1023 1106 1281 1179 connectatqurte
1296 1118 1367 1162 cam
1381 1103 1407 1172 d,
1424 1099 1450 1160 λ.

102 1185 179 1274 thorp
201 1206 278 1268 erpo
300 1208 343 1268 χι
365 1186 518 1258 nudatur,
534 1185 685 1268 capulum
706 1190 775 1268 χλτ,
800 1186 938 1270 appulus
958 1207 1030 1250 cero
1053 1193 1116 1268 χδτ
1142 1189 1245 1273 major
1267 1187 1309 1249 eit
1336 1183 1451 1269 angulo

101 1279 157 1358 χλι
172 1275 355 1357 mattae
370 1279 442 1349 dri,
465 1283 494 1338 et
507 1277 549 1338 alt
565 1281 582 1337 d
598 1283 753 1357 pacatam
768 1275 973 1360 aequalitatis
986 1280 1219 1357 temporariam
1242 1297 1314 1358 ergo
1328 1284 1453 1358 tempus

97 1387 154 1448 per
184 1370 251 1446 χᾶτ
280 1365 482 1446 atramentum
512 1371 558 1428 eet
585 1367 689 1450 majus
719 1374 862 1448 respectu
892 1367 989 1430 totius
1018 1367 1145 1446 periodi
1173 1366 1322 1449 amputa
1346 1360 1452 1452 paral

100 1462 199 1518 rectos
221 1454 352 1536 signati,
382 1473 479 1534 qaam
508 1473 603 1517 araas
630 1473 670 1535 χτ
697 1464 839 1537 respectu
878 1455 1149 1538 circumferentiae
1184 1457 1298 1522 totius:
1336 1455 1451 1518 tardata

99 1547 196 1626 igitar
215 1541 351 1626 planeta
371 1563 442 1604 oere
466 1538 544 1624 (aaa
557 1544 630 1628 jam
647 1563 709 1624 per
729 1545 817 1607 niam
836 1539 1057 1626 phantasiam)
1078 1565 1139 1627 per
1161 1549 1273 1608 arcula
1289 1565 1338 1626 τχ,
1361 1543 1451 1608 vetoa

99 1635 131 1696 io
152 1633 298 1716 opposito
322 1651 416 1705 orca,
444 1641 473 1696 et
494 1633 531 1694 tc
552 1655 569 1712 χ
591 1632 809 1708 tmrliaaimue,
842 1634 877 1695 in
899 1632 917 1704 ξ
937 1631 1160 1698 velocissimae.
1207 1633 1318 1715 Nequeo
1344 1640 1450 1696 tamen

101 1727 133 1790 ic
153 1747 171 1804 χ
195 1719 379 1802 longissime
407 1723 524 1784 recedit
550 1741 572 1782 a
594 1743 610 1782 a
633 1720 725 1798 Sole,
756 1741 854 1803 neque
884 1724 918 1784 tn
940 1721 958 1795 ξ
980 1725 1149 1804 promimus
1172 1724 1214 1805 fit
1244 1724 1310 1805 ipsi
1332 1746 1356 1784 κ.
1402 1722 1449 1784 Aa

101 1811 237 1876 omnihus
261 1809 427 1872 rationibus
451 1811 574 1892 ipsaque
598 1811 672 1872 adeo
696 1811 898 1892 hypotheseos
926 1810 1021 1890 hujus,
1047 1831 1136 1892 quam
1159 1812 1241 1874 circa
1263 1813 1283 1888 a
1305 1817 1448 1890 punctum

101 1901 215 1974 retello,
240 1898 456 1962 testificatione
471 1908 704 1962 consentaneum
729 1901 864 1974 efficitur,
889 1901 967 1962 hano
986 1902 1097 1963 realem
1120 1901 1357 1964 retardationem
1380 1900 1450 1979 pla-

102 1999 193 2054 netae
219 1987 289 2050 oriri
314 2007 353 2050 ex
375 1988 511 2052 discessu
534 2009 554 2050 a
573 2007 696 2069 corpore
711 1988 802 2063 Solis,
828 1989 1079 2052 accelerationem
1103 2010 1140 2051 ex
1161 1989 1450 2070 appropinquatione

100 2081 138 2142 ad
160 2077 271 2142 Solem
302 2077 400 2157 ipsum
430 2079 460 2140 in
484 2078 623 2143 asilum.
671 2079 846 2142 Contrane
875 2078 1059 2158 cogitatione
1090 2079 1208 2159 qnidam
1240 2077 1451 2157 comprehendi

100 2177 219 2250 potest,
254 2168 355 2230 inesse
388 2166 448 2229 vim
470 2168 501 2230 in
529 2177 640 2249 puncto
663 2169 683 2246 β
706 2168 801 2247 (qnod
833 2179 918 2232 caret
946 2171 1085 2248 corpore)
1117 2167 1235 2248 potius,
1270 2187 1358 2247 qnam
1381 2167 1452 2230 ina

99 2259 218 2322 omnino
252 2255 389 2336 proximo
412 2255 457 2330 (in
482 2276 539 2338 quo
563 2256 633 2333 Sol,
666 2257 868 2330 cormundi),
892 2257 1038 2338 quaevis
1065 2259 1219 2337 planetam
1248 2275 1301 2336 pro
1334 2257 1451 2318 ratione

101 2349 265 2411 abscessus
290 2354 322 2408 et
344 2365 481 2408 recessus
505 2345 552 2408 sui
574 2347 661 2410 tarde
685 2347 734 2408 vel
752 2347 898 2409 velociter
921 2346 1113 2427 circumagat.
1152 2346 1199 2410 Ac
1219 2347 1277 2408 etsi
1300 2345 1452 2427 quiajam
1540 2396 1543 2409 .

101 2457 156 2500 non
181 2436 335 2498 concedat
356 2435 578 2498 retardationes
602 2445 635 2498 et
657 2436 892 2520 accelerationep
921 2436 1087 2517 hujusmodi
1111 2436 1275 2498 existimo
1300 2424 1450 2498 eoc'entri·

100 2543 202 2590 corum
234 2525 395 2606 complexu
426 2524 550 2606 physice
582 2526 671 2601 oriri,
705 2533 823 2588 statuat
851 2525 944 2605 igitur
971 2527 1027 2588 has
1058 2525 1233 2588 affectiones
1262 2533 1361 2589 motus
1385 2542 1453 2588 esse

100 2616 285 2680 naturaliter
307 2633 400 2694 penes
423 2615 505 2694 ipsas
537 2614 700 2677 facultates
727 2614 867 2677 mocrices
890 2615 920 2676 in
944 2633 1066 2694 corpore
1098 2615 1240 2695 planetae
1272 2614 1451 2689 residentes,

100 2724 217 2769 rursum
251 2703 378 2766 eandem
408 2703 696 2768 verisimilitudinem
727 2703 937 2767 obtinebimus.
982 2705 1063 2768 Nam
1092 2711 1169 2786 qua'e
1194 2721 1291 2766 'causa
1314 2703 1369 2773 eit,
1401 2711 1453 2766 cnr

100 2805 218 2858 mentes
244 2794 318 2856 illae
348 2793 513 2872 praeterito
546 2803 657 2874 puncto
681 2818 697 2856 κ
721 2793 814 2874 (qnod
844 2793 1058 2873 geometricam
1085 2794 1179 2856 habet
1211 2793 1390 2856 affinitatem
1414 2793 1454 2857 ad

99 2895 225 2960 motum,
253 2901 377 2962 corpore
402 2882 480 2944 enim
502 2883 646 2945 vestitum
670 2891 800 2948 estnon
823 2883 948 2963 exiguae
972 2883 1202 2964 magnitudinis)
1220 2882 1293 2959 adli
1310 2889 1453 2962 punctum

100 2974 301 3055 respicerent,
325 2980 452 3053 quatuor
475 2973 660 3034 solummodo
683 2971 914 3034 semidiametris
938 2973 1003 3046 (vei
1026 2973 1187 3035 secundum
1210 2979 1359 3044 auctores,
1385 2971 1453 3034 dia·
1525 3041 1533 3056 ·

101 3057 226 3143 metris)
253 3062 387 3142 corporis
411 3059 529 3124 Solaria
553 3061 682 3141 abipso
706 3061 777 3124 Sole
800 3070 946 3124 remotum
971 3070 1002 3122 et
1025 3080 1149 3142 corpore
1176 3077 1289 3125 vacans
1312 3059 1452 3139 nullaque

18 3202 19 3206 ,
101 3175 133 3217 re
173 3151 235 3215 nisi
273 3151 364 3214 unica
399 3150 614 3230 imaginatione
651 3151 831 3225 subnixum?¹
874 3148 963 3212 Adde
1002 3151 1079 3230 quod
1118 3148 1301 3230 Copernicus
1337 3147 1389 3210 lib.
1414 3147 1454 3210 V.

18 3246 19 3300 ζ
100 3264 167 3324 cap.
196 3237 250 3304 16.
275 3241 341 3320 ipse
371 3240 526 3320 agnoscit,
561 3238 664 3302 Solem
691 3240 761 3302 ina
792 3240 880 3320 plane
909 3239 998 3301 mom
1028 3258 1096 3300 csse
1124 3239 1250 3318 ideoque
1273 3237 1479 3322 eccentrici-⁴

100 3344 198 3396 tatem
222 3336 265 3394 ad
288 3338 487 3403 constantem,
512 3349 578 3391 cum
601 3331 621 3408 β
642 3339 799 3410 punctum,
824 3329 906 3408 qnod
924 3345 978 3408 pro
1007 3341 1109 3390 centro
1132 3327 1225 3390 habet
1248 3326 1328 3389 orbis
1352 3326 1452 3398 annui,

16 3489 17 3492 ,
99 3422 273 3486 seculorum
306 3437 449 3502 successu
483 3419 615 3481 luxatum
646 3431 714 3480 esse
744 3418 914 3499 perhibeat.
935 3418 1034 3497 itaque
1062 3420 1107 3496 βᾶ
1137 3417 1303 3479 breviorem
1330 3416 1452 3478 laetam.

100 3511 169 3584 Quo
193 3517 288 3590 pacto
311 3510 331 3586 β
354 3519 407 3571 ant
431 3509 518 3570 hodio
551 3527 609 3570 non
644 3517 693 3570 est
725 3507 853 3586 amplius
876 3507 905 3567 in
930 3515 1034 3568 centro
1067 3506 1186 3580 mundi,
1221 3507 1279 3568 ant'
1302 3505 1372 3568 olim
1395 3525 1454 3568 non

101 3604 158 3664 tuit
181 3599 236 3663 ibi.
283 3599 329 3660 At
347 3605 582 3660 'cousentaneum
606 3607 663 3673 est,
687 3597 736 3658 vel
764 3596 907 3675 originem
931 3605 1029 3659 motus
1053 3616 1091 3658 ex
1118 3604 1220 3658 centro
1252 3594 1354 3658 mnndi
1386 3613 1454 3658 esse

102 3693 148 3754 rel
173 3697 297 3752 mentes
320 3689 462 3750 motrices
482 3688 520 3749 ed
534 3697 669 3750 centrum
693 3686 794 3748 mundi
818 3686 977 3765 respicere,
1002 3705 1060 3748 non
1085 3686 1176 3766 igitur
1198 3685 1272 3763 adp
1296 3684 1349 3746 sed
1374 3685 1412 3746 ad
1428 3710 1454 3759 κ,

102 3783 181 3863 qnod
205 3777 395 3858 Cepernicns
420 3777 510 3839 lixum
531 3776 741 3856 perhihet;·id
764 3775 842 3853 qnod
865 3783 968 3837 centro
991 3775 1092 3838 mundi
1116 3774 1270 3855 competit.
1316 3774 1373 3836 His
1397 3775 1454 3835 ad-

103 3873 212 3934 ductus
237 3865 548 3930 verisimilitudinibns
572 3865 718 3941 conclusi,
752 3865 860 3926 lineam
885 3865 1031 3944 apsidum,
1060 3884 1136 3945 quae
1159 3883 1213 3944 pro
1236 3857 1454 3945 inaequalitate

102 3961 199 4040 prima
222 3957 365 4038 planetae
390 3937 549 4018 afficienda
570 3964 739 4035 usurpatur,
765 3973 823 4016 non
848 3954 956 4015 debere
979 3974 1033 4034 per
1054 3956 1074 4032 β
1097 3955 1150 4016 sed
1165 3973 1218 4035 por
1240 3953 1456 4033 ipsissimnma

105 4049 247 4111 transire.
297 4045 379 4107 Tunc
403 4051 505 4106 autem
528 4045 559 4106 id
581 4043 796 4118 obtinebimus,
819 4061 883 4104 cunr
908 4044 975 4105 loca
1001 4044 1142 4125 planetae
1166 4043 1221 4104 snb
1244 4043 1312 4105 fixis
1336 4061 1373 4103 ea
1396 4041 1453 4102 ad-

107 4139 259 4210 hibemus,
294 4153 371 4216 quae
405 4135 531 4214 planeta
561 4134 698 4214 possidet
720 4134 749 4195 in
774 4132 899 4194 articulo
924 4134 1128 4222 ¹oppositionis
1156 4133 1202 4194 sui
1225 4139 1257 4192 et
1280 4130 1454 4212 apparentis
1555 4199 1560 4208 .

108 4229 162 4291 loci
184 4225 281 4290 Solis.
328 4224 371 4286 Et
395 4224 514 4304 quidem
537 4243 603 4284 curn
626 4232 739 4303 puncta
762 4247 791 4294 κ,
817 4223 836 4299 β
859 4241 924 4282 curn
947 4245 962 4301 γ
984 4222 1077 4284 Terra
1099 4223 1129 4284 in
1154 4222 1258 4283 eadem
1282 4219 1353 4283 sunt
1375 4220 1455 4282 linea

108 4319 226 4398 ipseque
250 4317 375 4398 planeta
399 4331 458 4375 una
480 4312 511 4373 in
535 4314 660 4373 eandem
693 4311 853 4384 coincidit,
877 4322 911 4372 nt
934 4311 961 4373 si
984 4311 1025 4374 sit
1048 4312 1078 4373 in
1101 4335 1135 4385 a,
1160 4319 1231 4372 tnnc
1260 4311 1364 4373 eodem
1386 4327 1453 4370 mo-

110 4417 203 4470 mento
225 4407 354 4488 planeta
377 4410 410 4464 et
423 4402 520 4464 medio
540 4411 572 4462 et
587 4401 744 4482 apparenti
762 4399 843 4462 Solis
864 4400 929 4462 loco
953 4402 1111 4482 opponitur
1134 4409 1293 4480 manetque
1312 4399 1341 4461 ei
1360 4400 1453 4470 locus,

112 4497 168 4560 sire
189 4516 244 4580 per
266 4497 309 4576 dr
333 4494 400 4556 sire
423 4511 478 4572 per
500 4513 539 4554 aa
561 4491 640 4553 inter
657 4492 734 4554 fixas
758 4497 963 4552 excurrentem
987 4489 1169 4569 designetur,
1194 4506 1321 4567 vereque
1346 4495 1453 4550 erutus

114 4596 155 4648 est
173 4583 396 4670 inaequalitate
429 4581 578 4651 secunda,
610 4580 674 4642 sive
702 4580 740 4642 ab
774 4587 938 4659 apparente
969 4579 1032 4641 siva
1061 4600 1079 4640 a
1107 4577 1203 4638 medio
1236 4586 1318 4638 motu
1343 4577 1453 4640 Terrae

112 4679 237 4756 pendeat.
284 4677 334 4740 At
368 4689 438 4734 cum
461 4670 554 4732 Terra
577 4671 615 4732 ad
645 4668 691 4734 sui
721 4668 879 4731 cocentrici
912 4668 993 4731 latus
1021 4688 1075 4732 seu
1104 4665 1306 4746 longitudines
1339 4665 1454 4728 medias

113 4770 190 4846 venit,
215 4762 400 4834 differentia
424 4759 501 4822 satis
524 4778 633 4840 magna
655 4757 826 4822 intervenit.
872 4757 967 4821 Iverit
995 4757 1072 4818 enim
1095 4756 1190 4820 Terra
1213 4775 1232 4815 a
1253 4777 1269 4833 y
1290 4753 1320 4816 in
1343 4778 1362 4816 o
1385 4752 1455 4827 (Sol

108 4877 198 4946 nempe
221 4881 239 4925 e
263 4857 398 4938 regione
424 4871 444 4912 a
464 4848 608 4929 perigaeo
631 4857 663 4912 at
686 4847 867 4929 Capricorno
890 4848 920 4910 in
942 4847 1095 4920 Arietem)
1119 4854 1151 4907 et
1177 4843 1348 4907 inveniatur
1375 4845 1456 4908 linea

1184 4948 1243 5000 1³*
