3606 5562
367 305 433 392 696
907 311 1062 408 10000101.
1082 309 1171 384 Breliel

366 502 500 563 numeret
521 494 712 562 Ptolemaeus
735 494 773 556 ab
796 496 970 560 Alexandro
994 499 1024 560 in
1054 497 1313 563 observationibus
1342 495 1615 580 aequinoctiorum,
1648 516 1714 560 cum

365 583 505 666 pleraque
530 583 665 648 hauserit
687 583 884 650 aChaldaeis
902 586 1081 662 errantibus.
1118 587 1186 650 Nou
1211 607 1276 650 sum
1299 595 1466 662 contentus,
1491 587 1595 650 multo.
1612 589 1712 650 minus

366 693 454 754 quam
477 673 568 752 prius.
615 673 650 737 Si
681 673 810 750 erravit,
844 694 895 738 cur
927 694 998 756 argo
1026 685 1150 756 uterque
1181 675 1316 756 superius
1347 676 1442 758 ipsum
1471 676 1713 749 conciliavimus,

364 762 450 843 quasi
470 762 675 844 Aegyptiacos
699 782 792 826 annos
814 785 835 826 a
860 762 909 826 12.
933 765 1112 828 Novembris
1134 773 1258 828 mortem
1281 765 1372 828 Alex.
1396 766 1596 829 antecedente
1620 785 1712 828 0000-

363 861 495 932 pantem.
542 851 656 912 Deinde
679 852 869 932 aequinoctia
890 872 949 914 nou
973 873 992 914 a
1016 852 1179 917 Chaldaeis
1203 854 1258 916 sed
1279 852 1453 934 Hipparcho
1475 855 1576 918 sumit.
1625 853 1711 916 Nihil

363 941 456 1021 igitur
477 941 534 1002 huc
558 939 632 1002 10011
655 939 872 1004 Chaldaeorum
896 961 988 1005 error.

449 1029 584 1109 Denique
618 1029 781 1110 epistolam
812 1031 856 1093 M.
886 1033 951 1094 Tua
988 1031 1103 1094 claudit
1132 1031 1368 1112 propugnatione
1400 1031 1522 1111 eclipsis
1556 1030 1586 1091 in
1622 1029 1710 1092 clade

362 1119 467 1183 Persei
490 1139 509 1180 a
530 1138 563 1182 se
587 1117 734 1193 iuventae,
758 1139 833 1200 quae
857 1120 1014 1200 septennio
1037 1120 1158 1182 abesta
1178 1120 1264 1194 clade
1279 1120 1391 1183 Persei.
1425 1121 1472 1182 Ex
1491 1137 1593 1182 errore
1610 1117 1709 1199 Chal-

363 1208 505 1271 daeorum
536 1217 567 1270 et
592 1226 698 1281 crassa
727 1210 945 1289 computatione
972 1209 1070 1285 Livii,
1103 1209 1217 1271 duabus
1250 1209 1367 1272 scilicet
1396 1209 1526 1289 egregiis
1554 1208 1707 1288 partibus,

362 1315 450 1360 unum
473 1307 567 1363 totum
587 1298 707 1373 conflat,
733 1297 847 1360 cladem
863 1298 965 1361 Persei
990 1297 1008 1360 7
1029 1299 1115 1360 00010
1134 1318 1154 1359 0
1169 1317 1238 1360 rero
1253 1299 1451 1361 aberrantem.
1486 1296 1708 1360 characterem

361 1395 450 1466 putas
474 1384 688 1448 irrefutabilem
715 1384 776 1450 150
795 1406 890 1450 annos
906 1387 1024 1468 imperii
1037 1387 1162 1451 Persici.
1199 1388 1262 1448 Imo
1279 1387 1433 1450 refutatur
1452 1385 1605 1449 contrario
1628 1387 1707 1448 1000-

362 1474 480 1538 futabili
504 1477 688 1552 charactere,
713 1476 789 1556 quod
813 1476 866 1538 illa
887 1476 1008 1557 eclipsis
1031 1477 1062 1538 in
1086 1476 1212 1539 hiemem
1234 1476 1348 1548 incidit,
1371 1495 1437 1540 com
1458 1495 1530 1538 vera
1550 1485 1582 1537 et
1599 1475 1707 1538 Persei

361 1565 463 1628 clades
487 1563 648 1644 contigerit
671 1563 750 1626 circa
773 1565 945 1641 solstitium,
970 1575 1004 1627 ut
1026 1563 1228 1648 superioribus
1251 1565 1369 1646 paginis
1390 1565 1580 1645 scripseram.
1624 1563 1706 1634 Quin

361 1653 461 1732 potius
493 1653 531 1714 ad
563 1672 671 1714 annum
703 1662 773 1714 ante
797 1653 949 1718 Christum
975 1650 1047 1717 107.
1071 1653 1216 1718 ‚addimus
1249 1653 1317 1717 illos
1350 1653 1410 1720 150
1433 1653 1529 1728 Livii,
1563 1653 1636 1734 quia
1669 1673 1707 1714 ex

361 1742 464 1823 eclipsi
496 1750 634 1812 constat,
666 1743 807 1805 Perseum
840 1743 950 1806 vietum
980 1761 1057 1805 0000
1084 1739 1165 1806 1670
1199 1763 1265 1805 nec·
1281 1743 1352 1806 10011
1382 1743 1556 1806 consulares
1584 1742 1658 1804 iude
1687 1762 1707 1803 a

361 1827 390 1894 6.
406 1835 545 1912 Augusto
562 1839 642 1894 retro
663 1832 827 1894 continuati
850 1832 930 1894 ultra
953 1852 1040 1894 unum
1064 1831 1233 1895 00000001)
1256 1831 1312 1894 hac
1335 1832 1558 1912 computatione
1580 1831 1705 1906 0100001,

360 1921 467 2002 quibus
491 1931 521 1982 10
545 1920 592 1983 hic
616 1939 729 2002 quoque
759 1920 789 1983 iu
813 1940 928 1984 summa
951 1919 990 1995 6,
1022 1921 1040 1984 7
1064 1921 1112 1984 vel
1140 1919 1161 1984 8
1189 1939 1333 1986 annorum
1364 1922 1451 1984 fidem
1481 1920 1628 1983 adhibere
1649 1939 1706 2001 par

360 2018 417 2084 est,
444 2029 509 2071 cunr
533 2009 607 2090 ipsis
631 2009 709 2072 10100
730 2011 767 2072 00
791 2009 875 2072 unico
900 2031 978 2074 anno
1002 2019 1107 2072 000100
1130 2009 1336 2075 Ptolemaeum
1359 2009 1504 2088 01000000
1525 2009 1704 2072 credideris.

360 2099 441 2180 Ergo
466 2097 559 2161 additi
588 2095 710 2162 15000
737 2095 797 2168 167
823 2096 1031 2173 1001001317,
1056 2118 1112 2180 quo
1136 2119 1213 2168 0000
1236 2097 1357 2180 regnum
1372 2099 1579 2174 Macedoniae,
1605 2099 1704 2160 inter-

359 2188 601 2272 1001οΡ10111000
624 2189 812 2263 Arrhidaeo,
835 2190 875 2251 ad
899 2188 989 2252 eliam
1013 2187 1137 2268 stirpem
1159 2187 1290 2264 10000111,
1315 2187 1487 2252 Cassandro
1510 2188 1703 2250 succedente.

346 2279 409 2342 ,An
431 2278 480 2339 hic
503 2279 659 2357 quiequam
683 2288 789 2340 contra
810 2277 953 2340 Livium?
976 2286 1114 2340 recenset
1135 2295 1189 2358 per
1211 2285 1315 2359 000100
1338 2278 1487 2340 fortunam
1510 2276 1574 2356 ejus
1599 2275 1702 2356 regni:

360 2366 487 2429 seorsim
511 2365 736 2447 antiquissimos
758 2384 860 2446 reges,
893 2365 1016 2430 seorsim
1040 2366 1121 2428 bella
1143 2365 1245 2428 civille
1275 2385 1493 2437 successorum,
1515 2366 1564 2447 qui
1587 2366 1630 2428 ad
1653 2368 1703 2428 in-

358 2455 432 2518 certi
455 2454 624 2516 dominatus
647 2455 721 2516 certi
746 2474 783 2516 ex
804 2455 972 2518 Alexandri
995 2464 1083 2536 gente
1106 2455 1252 2518 haeredes
1274 2456 1373 2518 sucre:
1398 2455 1446 2517 ubi
1469 2453 1595 2535 primum
1621 2453 1703 2518 Cas-

358 2544 467 2606 sandro
490 2543 694 2606 confirmatum
708 2544 902 2607 Macedoniae
920 2561 1053 2624 regnum,
1076 2553 1109 2606 et
1122 2545 1239 2608 occisos
1253 2545 1450 2619 Arrhidaeus,
1474 2543 1512 2605 ab
1527 2562 1564 2607 eo
1583 2562 1701 2606 summo

357 2631 478 2711 lastigie
502 2631 541 2692 ed
564 2631 698 2693 ultimum
722 2633 809 2694 finem
828 2653 922 2696 00000
949 2631 1010 2698 150
1028 2643 1172 2699 numerat
1207 2633 1242 2696 Si
1260 2643 1318 2696 000
1340 2633 1443 2716 placet
1464 2632 1591 2696 000001ιο
1616 2653 1700 2696 com-

356 2727 520 2784 memorata
533 2719 613 2782 bella
627 2719 736 2796 civilia,
761 2722 814 2783 sed
836 2720 953 2784 inclusa
974 2741 1105 2786 summae
1121 2739 1263 2786 annorum
1279 2720 1342 2798 CL,
1365 2722 1444 2804 qnod
1466 2721 1544 2784 forte
1567 2741 1608 2782 ex
1631 2731 1702 2784 tex-

356 2819 406 2872 tus
429 2807 613 2891 inspectione
636 2807 739 2872 dices:
773 2829 844 2890 ergo
876 2822 929 2872 aut
957 2829 1072 2874 mecum
1101 2811 1236 2886 fateare,
1269 2811 1386 2874 Livium
1416 2810 1558 2874 crassiori
1581 2811 1701 2883 calculo

357 2898 518 2962 summaria
540 2917 724 2961 numerorum
749 2900 915 2962 consectari
939 2900 1059 2963 emissis
1088 2899 1239 2975 minutiis,
1273 2909 1325 2962 aut
1351 2902 1430 2963 hauc
1451 2899 1557 2962 Persei
1579 2900 1701 2962 cladem

356 2989 505 3079 non'jarn
536 2997 651 3068 septem
681 2989 767 3051 00010
795 2989 880 3069 justo
909 2989 1030 3070 propius
1055 2989 1176 3058 Christo
1200 2989 1379 3064 admoveas,
1411 2989 1466 3051 sed
1488 2989 1557 3051 aliis
1579 3000 1701 3070 septem

356 3078 443 3140 00010
471 3077 589 3156 longius
617 3096 636 3137 a
660 3076 781 3141 Christo
809 3079 838 3141 10
868 3078 1079 3140 antecedentia
1106 3078 1253 3140 retrahas.
1298 3077 1451 3159 Exspecto
1484 3086 1581 3140 utrum
1612 3078 1700 3140 velis.

354 3170 403 3232 An
420 3175 568 3248 1000100,
593 3185 738 3228 summum
761 3167 916 3248 fastigium
932 3167 1016 3246 regni
1030 3167 1219 3229 Macedonici
1234 3168 1264 3230 in
1279 3178 1375 3230 morte
1391 3168 1558 3249 Alexandri
1582 3166 1702 3230 fuisse?

355 3257 473 3318 minime
496 3253 624 3336 proprie.
662 3256 733 3318 Fuit
756 3255 782 3316 is
806 3258 964 3320 multorum
987 3275 1144 3335 regnorum
1167 3257 1302 3318 dominus
1325 3264 1357 3318 et
1378 3257 1548 3332 monarcha,
1573 3273 1702 3319 succes-

356 3364 453 3408 sorem
472 3346 503 3408 10
516 3343 693 3406 Monarchia
710 3344 916 3408 nominetenus
940 3345 1053 3407 habens
1072 3345 1137 3424 jam
1155 3345 1289 3420 fratrem,
1311 3347 1372 3428 jam
1394 3346 1481 3409 111100.
1518 3346 1569 3409 Ab
1594 3365 1699 3408 eorum

355 3433 571 3514 exstirpatione
604 3433 720 3497 demum
754 3435 881 3498 seorsim
912 3434 948 3496 de
980 3452 1072 3512 reguo
1095 3434 1290 3498 Macedonico
1316 3435 1497 3514 judicamus.
1543 3435 1612 3498 Nisi
1642 3435 1700 3498 hoc

351 3524 413 3595 fiat,
437 3543 495 3584 non
509 3523 672 3603 poterimus
687 3525 885 3586 Macedonum
898 3531 1079 3603 potestatem
1104 3523 1132 3584 10
1155 3523 1361 3586 01010οΡ0οε01
1384 3522 1564 3586 100101000οε
1588 3543 1699 3605 super-

353 3611 475 3679 stitibus
507 3611 537 3672 10
565 3613 642 3674 Αο10
664 3611 813 3687 Eumene,
847 3613 876 3673 10
905 3611 995 3693 Syria
1026 3611 1216 3688 Antiochis,
1238 3611 1268 3675 10
1296 3615 1438 3695 Aegypto
1470 3613 1697 3688 Ptolemaeicis,

353 3699 577 3763 Macedonibus.

441 3789 502 3852 Sed
526 3789 603 3850 enim
627 3788 703 3852 00110
727 3789 785 3850 1001
810 3787 972 3850 verborum.
1011 3789 1098 3869 Rogo
1117 3789 1262 3870 majorem
1284 3789 1313 3851 10
1333 3785 1452 3854 modum
1470 3798 1504 3852 ut
1516 3791 1696 3872 Magnitudo

351 3880 416 3942 Tua
439 3875 511 3940 milri
535 3878 704 3958 libertatem
728 3877 805 3939 hanc
828 3877 1013 3959 disputandi,
1044 3877 1131 3959 quem
1153 3878 1416 3959 provocationibus
1440 3879 1502 3942 suis
1526 3889 1633 3960 auget,
1667 3881 1694 3941 in

351 3969 461 4030 malam
484 3974 600 4046 partem
624 3986 681 4028 000
705 3967 935 4046 interpretetur,
969 3975 999 4028 et
1028 3985 1075 4028 mc
1099 3966 1156 4029 sibi
1178 3969 1415 4032 commendatum
1438 3968 1559 4030 haheat.
1605 3969 1693 4034 Vale.

263 4043 270 4052 ⁸
351 4056 380 4118 7.
406 4055 550 4121 Octobris
573 4059 662 4118 Anno
691 4052 782 4118 1002.

1012 4142 1114 4222 Magn.
1138 4143 1217 4210 Noh.
1242 4145 1323 4206 ’1000

1192 4232 1424 4298 officiosissimus

1414 4321 1585 4406 0000...

896 4514 1142 4596 Ρο010001010.

435 4677 538 4740 Lunae
563 4674 692 4758 eclipses
715 4675 856 4757 autiquae
880 4673 918 4736 ad
932 4674 1014 4738 Solis
1032 4683 1145 4739 motum
1168 4673 1212 4738 sic
1235 4683 1362 4756 possunt
1385 4695 1453 4740 esse
1476 4679 1579 4755 011100,
1605 4681 1632 4744 01
1655 4683 1690 4744 00

349 4783 426 4828 enno
451 4773 604 4830 otmense
627 4765 701 4828 certi
724 4763 827 4840 simus,
851 4770 883 4826 et
903 4781 958 4844 pro
981 4763 1029 4826 dis
1052 4783 1111 4826 nox
1135 4763 1175 4826 011
1199 4763 1289 4840 lacta,
1313 4775 1384 4828 1000
1407 4767 1554 4830 correctio
1578 4769 1690 4850 Prote-

271 4939 276 4950 ·
348 4855 504 4918 01010000
527 4862 642 4918 1001001
666 4853 792 4933 00110010
814 4852 1024 4934 praebentibus
1052 4851 1188 4916 adhiberi
1215 4861 1337 4934 potest:
1370 4874 1407 4916 00
1429 4857 1478 4922 rel
1501 4857 1532 4920 in
1555 4859 1690 4924 motibus
