3552 5562
710 309 872 370 moturum.
1423 309 1463 382 13

189 487 235 552 De
263 493 351 550 statu
371 486 611 570 Tyehonicomm
634 497 775 555 constare
799 491 872 556 milri
894 512 954 556 uon
976 499 1087 576 potest,
1111 493 1183 575 quia
1198 515 1244 558 rue
1259 495 1464 576 Teugnsglius

122 585 280 642 summovet.
331 578 431 642 Canis
455 579 485 642 iu
507 580 647 661 praesepi
670 601 724 644 nec
747 582 867 644 foenum
896 582 961 663 ipse
991 583 1123 646 comedit
1144 602 1200 646 uec
1223 585 1293 646 aliis
1315 583 1460 664 indulget.

121 667 224 750 Accipit
246 669 414 752 quotannis
439 669 530 731 mille.
563 671 622 733 Hic
645 670 911 746 velleterensis
934 672 1066 735 inventis
1089 671 1185 753 ipsius
1209 672 1351 736 salarium
1374 675 1462 736 tueri.

123 759 207 833 Volui,
230 757 258 820 si
281 766 433 839 quartam
447 767 565 841 partem
588 755 626 822 de
650 761 713 826 suis
736 761 819 824 mille
843 761 916 824 mihi
938 761 1172 840 transmitteret,
1197 763 1344 826 communi
1368 761 1463 844 ipsius

123 857 148 912 et
165 867 227 910 meo
259 847 384 910 nomine
408 869 477 912 cum
509 850 645 914 omnibus
667 850 752 914 meis
780 870 887 914 ,coram
916 850 1048 920 Caesare
1080 870 1261 932 comparere.
1308 853 1371 916 Sed
1393 853 1464 934 quia

121 939 159 1000 bis
179 936 261 998 mille
287 939 372 1000 sulus
397 938 456 1001 frui
480 940 561 1016 vult,
592 957 648 1020 ego
672 959 870 1024 quoqucjnon
899 959 1022 1022 possum
1050 941 1175 1028 probis
1204 942 1286 1004 mille
1317 943 1463 1022 spondere

121 1035 145 1088 et
163 1043 252 1106 cogor
274 1025 420 1108 privatim
447 1047 544 1116 meum
578 1029 721 1092 salarium
749 1030 909 1092 defendere
916 1049 926 1106 ;
960 1030 1039 1112 quod
1062 1040 1093 1093 et
1116 1031 1174 1094 feei
1197 1031 1318 1093 traditis
1342 1030 1462 1113 Optica,

119 1115 306 1196 Epherueride
322 1117 435 1198 Martis
459 1125 490 1179 et
507 1118 772 1182 transformatione
795 1119 965 1182 tabularum
978 1119 1143 1184 Lunarium
1158 1119 1301 1185 Calendis
1315 1121 1462 1187 ianuarii.

120 1207 174 1268 llcc
195 1205 250 1267 ille
275 1205 383 1268 ridens
406 1216 595 1289 praetextum
619 1209 756 1290 quaerit,
786 1229 832 1272 me
856 1208 1009 1290 Tyehonis
1033 1209 1147 1289 placita
1169 1209 1358 1282 convellere,
1381 1209 1462 1274 nolle

120 1315 147 1356 sc
166 1313 213 1356 ure
237 1314 356 1358 armare
382 1295 654 1362 observationibus.
701 1306 741 1370 (ln
759 1309 888 1376 margine:
918 1297 998 1370 Quid
1021 1307 1055 1360 tu
1077 1299 1220 1364 Fabrici?
1242 1297 1375 1362 Luuaria
1398 1301 1462 1382 Ty-

119 1382 213 1446 cbouis
237 1391 352 1464 negant
370 1385 474 1448 Solem
496 1386 618 1450 umbrae
633 1389 784 1452 Terrenus
808 1396 995 1464 metatorem,
1019 1387 1133 1451 nullam
1156 1387 1322 1452 concedunt
1344 1387 1462 1450 dimen-

119 1473 225 1536 sionem
243 1473 347 1548 Solis,
370 1474 476 1538 Lunae
498 1483 531 1538 et
545 1477 656 1540 Terrae
681 1473 894 1540 distantiarum
916 1485 948 1544 et
961 1477 1167 1558 proportionis
1190 1496 1357 1558 corporum.
1394 1477 1462 1540 Hoc

119 1571 299 1624 correcturus
323 1581 379 1643 ego
402 1571 473 1644 peto
496 1566 732 1642 observationes,
749 1575 791 1628 ‘ut
813 1567 1001 1630 correctius
1020 1565 1200 1648 Tyehonicis
1220 1564 1300 1646 ipsis
1322 1566 1461 1647 proficis-

119 1659 194 1714 catur
215 1659 248 1714 et
268 1669 323 1732 per
336 1651 525 1735 Tyehonicss
549 1649 787 1730 observationes,
821 1657 888 1720 Hoc
907 1663 957 1718 est
970 1655 1122 1738 Tyehonis
1135 1655 1249 1736 placita
1263 1656 1461 1730 convellere.)

118 1741 156 1804 At
173 1739 277 1803 verior
300 1760 407 1816 causa,
431 1743 511 1824 cupit
533 1763 579 1806 me
601 1745 753 1824 impediri,
784 1754 818 1809 ut
839 1754 956 1826 tempus
987 1745 1100 1808 habeat
1121 1745 1235 1826 aliquid
1266 1744 1461 1820 elaborandi;

117 1831 267 1910 profitetur
290 1829 369 1892 euim
393 1850 427 1892 se
450 1851 572 1914 sperare
594 1834 777 1914 profectum,
810 1835 864 1896 sed
886 1835 943 1896 hoc
966 1833 1055 1896 valde
1082 1834 1305 1908 inconstanter,
1335 1831 1460 1897 subinde

118 1919 185 1982 cuim
211 1918 370 2000 interjicit,
393 1920 473 1982 hanc
496 1939 555 1984 nou
578 1941 646 1986 esse
671 1943 755 1986 suum
777 1911 1007 2006 professionem.

198 2007 270 2086 Ego
287 2017 403 2072 sancta
425 2011 482 2074 frde
505 2011 563 2076 tibi
579 2012 664 2093 juro,
688 2033 734 2076 me
758 2012 833 2076 nihil
855 2013 886 2088 in
909 2013 1007 2093 ipsum
1031 2017 1084 2076 aut
1110 2005 1205 2093 ipsius
1229 2011 1372 2074 salarium
1395 2019 1464 2092 ten-

122 2105 186 2160 tare.
237 2098 305 2160 Hoc
329 2099 425 2162 solum
449 2119 523 2180 ago,
547 2109 581 2164 ut
603 2100 828 2166 observationes
851 2103 962 2164 habere
991 2100 1108 2182 possim
1130 2121 1205 2182 quas
1228 2101 1332 2184 cupio,
1356 2101 1465 2164 deinde

121 2195 148 2248 ut
162 2205 206 2249 mc
224 2189 509 2252 commemoratione
520 2191 670 2254 ueritatis
689 2191 847 2254 defendam
871 2199 978 2254 contra
993 2189 1206 2253 disseminatas
1230 2189 1464 2265 criminationes,

121 2275 204 2338 sicubi
226 2275 306 2338 mihi
329 2275 509 2340 indicantur.
553 2280 747 2360 Accepcrunt
770 2282 806 2342 de
830 2279 940 2344 20000
962 2285 1082 2361 partem
1107 2280 1258 2361 quintam3
1288 2279 1326 2339 de
1348 2279 1464 2361 reliquo

122 2363 213 2446 inspe
239 2373 323 2428 sunt.
369 2366 472 2448 Tycho
494 2385 617 2432 uxorem
640 2369 726 2433 duxit
748 2389 857 2450 genere
879 2369 1020 2443 nobilem,
1044 2370 1164 2431 fortuna
1185 2377 1313 2430 tenuem.
1335 2399 1376 2410 -

196 2453 314 2514 Quaeri
334 2455 513 2520 comparaveris
531 2472 586 2508 enm
605 2459 644 2516 lis,
663 2473 726 2524 quea
745 2459 964 2525 Lougomentauus
983 2457 1015 2507 sd
1032 2457 1167 2520 Keplerurn
1184 2465 1209 2506 et
1221 2455 1343 2519 Keplerns
1362 2456 1394 2506 nd
1412 2455 1463 2506 He·

124 2524 249 2588 nusum
273 2522 342 2586 (Vol.
361 2526 384 2584 1,
402 2542 427 2590 p.
441 2523 506 2587 000)
523 2531 678 2594 scripserunt,
697 2531 771 2594 plsuc
790 2531 921 2588 constabit,
940 2529 1059 2580 haeredes
1078 2528 1200 2591 'l'yelcouis
1219 2541 1303 2580 curam
1322 2528 1420 2578 ausimo
1439 2535 1466 2577 et

124 2596 224 2646 sctidtm
250 2595 389 2656 habuisse,
412 2597 547 2662 Keplerem
574 2603 651 2665 patris
678 2602 873 2652 observationum
901 2601 1044 2652 thesaurum
1066 2590 1122 2650 snos
1146 2601 1171 2650 irr
1194 2613 1253 2649 usus
1279 2605 1375 2650 vertere
1402 2599 1465 2650 rells

123 2667 226 2731 reginem
244 2669 360 2732 ipsorum
379 2669 519 2720 commodis.
556 2671 654 2724 Deinde
673 2689 728 2724 cnm
747 2673 855 2737 Keplero
875 2688 891 2722 a
910 2671 1016 2722 Caesare
1034 2671 1178 2722 mandatum
1197 2671 1283 2726 fuerit,
1302 2677 1330 2720 ut
1348 2670 1465 2720 conficiat

124 2736 226 2798 lsbnlss,
255 2753 323 2803 quas
341 2739 426 2803 Tyehc
451 2743 607 2804 promiserat,
631 2750 657 2794 et
679 2759 765 2808 pamm
783 2745 829 2794 hoc
853 2744 979 2810 negotium
1001 2741 1160 2800 succederet,
1184 2756 1227 2792 eas
1246 2743 1276 2792 oh
1295 2756 1384 2792 causas
1403 2757 1464 2810 quas

123 2823 181 2873 sopra
196 2812 280 2876 ipsius
298 2809 401 2875 Kepleri
419 2813 586 2876 proposuimus
604 2815 690 2877 verbis,
708 2816 847 2864 stimulasse
865 2816 946 2878 ipsum
969 2813 1081 2863 ridentur
1099 2827 1154 2862 cum
1179 2812 1298 2863 haeredes
1309 2819 1369 2862 tum
1388 2814 1462 2862 aulas

123 2881 204 2944 quidem
221 2882 347 2936 ministri.
372 2890 401 2933 ut
418 2885 541 2946 promissis
559 2891 649 2942 staret,
676 2887 763 2951 quibus
788 2887 965 2950 intempestivis
991 2885 1149 2934 monitoribus
1170 2891 1263 2937 meme.
1290 2899 1345 2934 curn
1364 2885 1463 2949 insuper

123 2953 281 3004 hstitrreretrss
298 2953 436 3004 studiorum
455 2970 552 3006 sucrum
575 2959 698 3022 inspector
720 2955 811 3022 (comp.
832 2965 916 3009 snuot
937 2953 975 3018 0),
994 2957 1130 3007 nominarit
1148 2955 1275 3006 Martem
1303 2971 1374 3006 mum
1392 2957 1462 3020 quasi

125 3023 183 3085 pbse
198 3027 360 3076 insisterem
378 3024 503 3088 Tyehonis
525 3028 734 3080 obsecrationibus
757 3029 993 3092 hypothesibusque,
1018 3029 1094 3078 tacite
1118 3043 1174 3078 vcro
1197 3029 1318 3090 propriam
1336 3027 1400 3092 risps
1418 3028 1463 3076 sibi

127 3107 241 3146 merrsns.
282 3095 346 3158 Qus
364 3098 521 3160 promissione
539 3101 610 3150 lacta
627 3101 736 3150 fautores
748 3101 850 3165 Kepleri
867 3100 894 3149 in
912 3100 978 3156 aula,
994 3099 1138 3156 Bacuritius,
1157 3095 1326 3156 Wackherius,
1345 3097 1464 3148 Pistorius

130 3165 212 3230 chiese,
236 3183 288 3217 nnn
320 3174 418 3217 tanturm
446 3165 620 3234 imperatorem
647 3170 803 3235 Rndclphum
828 3175 882 3235 jam
908 3172 986 3234 ipsum
1014 3169 1122 3238 Keplerc
1154 3170 1292 3225 faventem,
1317 3169 1361 3219 sed
1388 3171 1464 3220 etism

130 3235 300 3298 rrlrchoniens‘⁴
324 3254 456 3304 eorumque
484 3243 581 3293 nomine
600 3242 781 3308 'l'eugusglium
800 3259 829 3293 se
848 3243 1001 3308 adegerunt,
1027 3249 1057 3290 ut
1079 3241 1121 3290 ille
1143 3247 1251 3296 sumtus,
1269 3239 1295 3290 hi
1318 3255 1463 3290 comensem

129 3308 210 3359 &leur
227 3311 260 3360 nd
277 3310 472 3372 imprimendum
491 3329 550 3378 opus
568 3315 594 3364 in
612 3329 639 3366 se
650 3317 796 3378 reciperent
822 3315 974 3364 &mensum
991 3327 1048 3362 raro
1066 3312 1131 3362 hunc
1149 3327 1199 3362 nou
1211 3312 1284 3375 plane
1302 3312 1355 3362 sine
1374 3325 1462 3376 exeep-

127 3381 180 3430 lieuc
195 3381 278 3432 dstum
310 3381 400 3438 fuisse,
426 3390 498 3446 petet
515 3401 529 3436 e
548 3385 711 3452 Tenguegelii
737 3387 904 3451 praefatione,
932 3397 1005 3448 quarn
1024 3398 1053 3433 ec
1075 3383 1130 3432 loco
1154 3381 1308 3448 reliquimus,
1337 3397 1384 3448 quo
1407 3397 1463 3434 eam

126 3447 231 3514 lisplerus
248 3453 325 3518 epesi
342 3467 386 3502 suo
405 3454 524 3517 adjunxit
742 3513 746 3524 Ι

42 3531 43 3570 r
199 3523 270 3585 Quod
289 3525 388 3574 attinet
405 3533 508 3590 typum
527 3535 553 3578 et
571 3524 712 3584 formam,
736 3543 785 3592 qua
801 3527 943 3592 prodierunt
961 3525 1158 3583 commentaris,
1175 3538 1248 3589 pares
1266 3529 1338 3574 erent
1354 3523 1463 3575 liberali·

42 3595 43 3600 ’
127 3593 323 3647 tshcmmae.
351 3595 434 3658 'lypus
453 3597 534 3650 clarus
552 3605 579 3649 et
590 3593 651 3650 setis
669 3613 783 3665 maguus,
801 3599 889 3650 chama
908 3598 1038 3648 admodum
1056 3598 1130 3652 boue,
1149 3597 1228 3646 forms
1244 3593 1372 3658 mejorfin
1384 3593 1462 3658 folio),

128 3667 219 3730 mim
232 3678 345 3718 nrnnero
366 3663 424 3716 ³³7.
454 3669 573 3736 Pleraque
591 3685 655 3735 quse
673 3671 821 3734 inspeximus
840 3670 991 3734 exemplaria
1008 3685 1057 3720 uon
1076 3668 1192 3721 exhibent
1209 3681 1298 3718 nomeu
1317 3667 1463 3732 typogrspbi

128 3749 192 3800 *tque
209 3739 305 3798 locum,
325 3738 370 3788 uhi
389 3740 451 3802 typis
469 3743 603 3807 esscuptus
623 3747 662 3792 est
678 3742 753 3800 liber;
777 3744 801 3792 in
819 3747 1000 3796 unctantem,
1026 3739 1120 3790 meliori
1138 3739 1260 3789 instructa
1277 3738 1377 3794 charta,
1400 3737 1465 3802 quod

128 3807 184 3856 nubis
200 3817 297 3872 praesto
318 3815 369 3865 esi.
389 3816 469 3860 exesse
486 3814 511 3863 in
524 3809 574 3863 fine
592 3813 688 3878 signum
706 3813 852 3879 typographi
865 3811 981 3876 ngeliui
994 3811 1136 3874 Lipsiensis,
1155 3810 1219 3875 quod
1239 3808 1352 3859 describit
1369 3809 1463 3858 Knest·

128 3889 188 3926 ncrns
204 3881 228 3929 iu
245 3880 313 3930 llist.
339 3879 422 3930 Maru.
441 3881 495 3934 Vol.
514 3883 561 3940 IV,
581 3881 633 3934 230
651 3884 758 3934 addens:
778 3891 855 3936 unten
882 3883 948 3932 steht
965 3883 1010 3932 mit
1032 3883 1100 3932 siner
1117 3881 1193 3931 Hand
1211 3895 1256 3930 nus
1275 3880 1329 3930 decu
1349 3880 1464 3945 bufsngs

128 3947 163 3996 cles
179 3947 217 3998 1⁷.
234 3951 421 4002 Jslnhunderts
433 3953 606 4018 pcsebrieberi:
625 3955 813 4006 Bucbdruchers
825 3955 942 4012 Zeichen,
961 3953 1028 4004 steht
1040 3968 1066 4003 es
1077 3953 1153 4004 heim.
1167 3954 1198 4003 ob
1210 3967 1249 4001 crs
1260 3950 1345 4001 bieber
1355 3951 1463 4001 drncken

128 4019 176 4068 ⁰¹⁸¹
198 4022 338 4082 8011118100
359 4023 420 4080 soll.
443 4027 491 4076 sris
509 4027 573 4078 anch
590 4029 676 4078 seinen
694 4027 808 4078 Nshmeu
826 4043 917 4077 roruen
935 4027 979 4076 her
999 4026 1051 4076 nud
1069 4025 1118 4075 den
1136 4024 1183 4074 Ort
1199 4023 1355 4087 Heidelberg.
1392 4021 1464 4074 Esse

43 4127 44 4130 κ
128 4091 191 4141 verbs
210 4099 235 4143 st
256 4108 302 4150 ea,
330 4107 398 4158 quse
415 4091 540 4161 Keplerus
566 4099 662 4163 scripsit
680 4099 823 4164 Breupgero
846 4097 912 4158 (ride
936 4097 1000 4148 iufra
1023 4113 1046 4160 p.
1068 4092 1114 4158 ³1)
1139 4097 1214 4146 unica
1240 4094 1373 4150 hebemus,
1400 4107 1463 4160 quae

128 4157 306 4230 bambergam
324 4167 470 4232 nguificnnt
487 4169 574 4229 locum,
593 4185 641 4235 quo
659 4186 719 4235 opus
736 4171 801 4234 typis
819 4169 966 4232 exscriptum
983 4170 1023 4218 sit.

203 4233 229 4284 Si
246 4237 300 4300 quis
319 4247 435 4302 quaerat,
454 4241 527 4304 quale
544 4241 617 4293 luerit
637 4239 757 4305 judicium
782 4240 921 4306 eequdlum
940 4239 970 4289 de
989 4253 1061 4304 opere
1079 4237 1193 4303 Kepleri,
1216 4238 1290 4302 longe
1311 4233 1408 4284 diversa
1426 4241 1465 4284 est

128 4301 154 4351 tl
169 4303 230 4356 bsnc
247 4309 420 4372 qumtiouenr
446 4315 569 4375 responsio
588 4314 619 4363 ab
638 4327 683 4369 ea,
710 4311 773 4376 quse
792 4313 823 4363 de
841 4311 895 4362 aliis
913 4311 1014 4374 chleri
1036 4311 1133 4374 seriptis
1156 4309 1260 4374 ferenda
1279 4313 1324 4356 est
1362 4305 1465 4356 Sumus

129 4381 242 4440 etseeprrs
260 4378 316 4429 libri
335 4379 410 4446 longo
429 4383 566 4434 meedebst
585 4381 680 4435 illcmm
700 4390 807 4448 captum.
826 4391 852 4434 et
870 4383 935 4432 solus
955 4383 1004 4434 fere
1024 4381 1139 4447 bispinus
1158 4381 1254 4446 publice
1275 4377 1343 4426 illum
1361 4377 1463 4428 laudm

130 4451 151 4492 ti
166 4459 232 4498 num
248 4449 274 4499 iu
292 4465 369 4500 usum
384 4459 480 4504 vertere
499 4463 602 4506 conatus
619 4461 674 4516 estc
696 4453 850 4506 Maestlinns'
866 4469 998 4504 senescens
1022 4454 1156 4512 obmutuit,
1182 4448 1374 4501 imbecillitatem
1393 4461 1463 4498 suern

130 4517 266 4580 mesdeus,
289 4521 420 4573 Fabricius
446 4527 546 4575 nimium
570 4529 683 4591 temporis
700 4528 725 4576 iu
745 4525 896 4592 astrologicis
916 4524 1076 4575 consumebat
1093 4524 1204 4578 somniis,
1225 4520 1358 4584 Copornico
1377 4533 1463 4583 parum

129 4586 247 4647 *tbusbst
256 4591 319 4642 forte
333 4593 413 4644 etism
426 4609 499 4662 aegre
511 4597 567 4646 tulit
575 4597 675 4662 Kepleri
688 4597 788 4648 liberum
801 4597 832 4648 de
841 4598 916 4661 ipsius
928 4595 1014 4645 studiis
1027 4597 1051 4643 in
1060 4594 1215 4659 planetarum
1224 4592 1283 4641 moti
1300 4605 1328 4640 us
1335 4591 1463 4654 judicium,

131 4669 169 4718 l⁰⁰
180 4659 269 4712 lecim
281 4669 328 4722 sse,
347 4673 380 4714 nt
391 4666 486 4730 publice
503 4683 553 4717 nou
572 4669 658 4719 eadem
678 4669 807 4719 alacritate
826 4683 876 4718 reru
895 4665 1078 4732 aggrederetur,
1096 4678 1146 4728 qua
1163 4664 1275 4727 privatim
1354 4662 1463 4728 Kspleso

132 4725 158 4776 le
173 4731 255 4782 eedem
273 4743 372 4799 queat
412 4737 459 4786 mir
478 4737 611 4801 Tyehonis.
638 4739 680 4790 alii
697 4740 834 4790 Ptolemaei
853 4738 1027 4802 hypothesibus
1052 4735 1145 4786 addicti
1173 4733 1306 4797 Keplerum
1334 4733 1463 4800 (lopernlei

134 4797 314 4854 tlliehsdmnm
331 4805 488 4859 defensorem
505 4811 584 4862 minus
602 4819 700 4876 gratum
715 4809 864 4862 habuerunt.
894 4810 944 4860 Alii
962 4809 1067 4876 demque
1086 4817 1145 4874 spur
1164 4807 1243 4870 ipsum
1259 4819 1384 4872 nunquam
1402 4821 1463 4858 ccu-

135 4881 258 4938 Μυῒ,
276 4889 413 4944 equorum
431 4894 529 4931 numero
547 4881 646 4934 unicum
664 4883 766 4934 dicimus
778 4881 918 4944 Odcntium,
937 4881 986 4948 qui,
1007 4879 1065 4930 dum
1076 4877 1136 4929 illud
1154 4875 1315 4930 elucubrabat
1331 4876 1462 4943 Keplerus,
