3672 5538
623 303 685 356 Para
703 304 795 356 Tertia.
817 301 914 370 ¹iitaput
931 303 1043 356 XXXVI.
1442 302 1503 374 311

164 475 372 562 deceptionem
395 480 494 544 inesse
517 481 547 544 in
571 482 812 546 ratiocinatione„
858 482 936 545 Nam
960 483 1038 544 sicut
1059 483 1091 545 iu
1114 483 1179 545 luce
1203 501 1260 546 non
1285 485 1410 556 effluunt
1431 489 1508 552 radii

163 591 181 632 a
210 571 283 633 solis
306 571 426 654 punctis
445 577 477 632 et
499 571 618 634 circulis
643 571 775 653 corporis
799 571 836 633 ad
860 569 1074 652 respondentia
1097 573 1242 652 sphaerae
1266 582 1377 654 puncta
1393 583 1425 638 et
1446 578 1506 641 cir-

163 660 261 736 11111;
295 666 328 721 11
351 660 378 721 11
402 681 417 739 y
439 678 496 722 111
521 683 540 724 a
562 661 628 738 Ι1111
652 686 672 724 α
695 664 768 742 (quo
791 667 880 742 pacto
903 660 987 722 nulla
1009 669 1115 739 posset
1137 661 1266 724 adscribi
1290 663 1348 725 luci
1373 663 1506 730 densitas

162 749 189 808 in
223 749 376 830 sphaeris,
409 767 475 810 cum
507 749 537 811 iu
569 749 637 830 ipsa
667 750 781 831 origine
814 749 925 811 nullam
953 748 1078 811 haberet
1111 751 1322 830 quantitatem,
1356 761 1460 834 utpote
1491 778 1509 818 a

161 849 269 918 puncto
295 837 505 914 descendens),
530 839 584 900 sed
608 839 734 901 effluunt
757 861 775 901 a
798 847 863 901 toto
886 838 1013 900 lucentis
1036 835 1255 919 hemisphaerio
1279 841 1355 903 radii
1379 844 1417 904 ad
1441 846 1505 908 sin-

162 927 233 1007 gula
255 926 439 1006 imaginatae
463 928 636 1010 sphaericae
661 927 827 1008 superficiei
850 935 977 1007 puncta;
1001 933 1036 988 nt
1057 927 1087 989 in
1111 951 1126 1007 y
1148 928 1245 990 effluit
1267 929 1367 992 radius
1391 942 1454 994 tam
1470 954 1508 995 ex

162 1021 291 1097 dquam
314 1033 352 1077 ex
375 1037 404 1078 a:
441 1015 483 1077 sic
507 1017 596 1079 etiam
625 1017 654 1078 in
686 1018 808 1098 negotio
836 1016 957 1078 virtutis
984 1015 1063 1077 idem
1085 1012 1141 1078 hoc
1165 1017 1261 1078 locum
1284 1019 1384 1083 habet.
1431 1021 1510 1086 Nam

162 1106 218 1167 etsi
246 1105 400 1167 filamenta
423 1107 556 1185 corporis
578 1106 695 1169 Solaria
717 1105 888 1186 magnetica
911 1106 1085 1167 ordinantur
1109 1106 1269 1168 secundum
1293 1107 1508 1188 longitudinem

43 1217 45 1224 ’
160 1193 292 1268 zodiaci3
315 1195 375 1255 etsi
390 1194 480 1257 etiam
496 1195 601 1258 unicus
624 1195 829 1266 tantummodo
845 1195 971 1257 circulus
990 1194 1135 1256 maximus
1150 1196 1283 1275 corporis
1300 1195 1380 1260 Solis
1405 1202 1509 1262 subest

161 1283 285 1345 zodiaco
315 1285 379 1344 sive
404 1283 574 1362 eclipticae,
609 1295 641 1347 et
669 1303 757 1366 quam
789 1284 923 1364 proxime
953 1283 1067 1345 orbitae
1099 1285 1256 1364 planetae;
1291 1285 1416 1368 denique
1451 1289 1509 1351 etsi

161 1372 248 1434 alteri
279 1371 392 1434 circelli
424 1373 553 1436 minores
577 1375 714 1449 (taudem
747 1375 802 1435 sub
831 1373 908 1454 polis
941 1372 970 1435 in
1003 1371 1105 1452 puncti
1139 1373 1309 1454 angustiam
1343 1377 1508 1452 attenuati)

161 1461 394 1524 subordinantur
426 1463 674 1542 respondentibus
703 1464 765 1525 suis
789 1462 908 1525 circulis
940 1461 970 1523 in
995 1462 1124 1541 sphaera
1146 1465 1302 1544 planetae:
1337 1473 1438 1528 tamen
1470 1467 1508 1531 ab

162 1551 299 1613 omnibus
322 1549 439 1613 Solaria
463 1554 596 1634 corporis
617 1553 778 1614 iilamentis
798 1552 852 1626 (ab
875 1570 932 1614 nno
947 1549 1166 1632 hemisphaerio
1186 1553 1318 1634 corporis
1342 1555 1508 1632 stantibus)
1596 1575 1602 1584 ·

159 1640 237 1702 radii
260 1639 395 1702 defluunt
418 1649 449 1703 et
471 1644 624 1704 confluunt
646 1650 708 1704 tarn
724 1643 762 1704 ad
786 1649 897 1721 puncta
921 1639 1039 1719 singula
1062 1640 1177 1702 itineris
1202 1641 1327 1722 alicujus
1356 1645 1507 1726 planetae,

114 1765 117 1771 .
159 1749 248 1811 quarn
277 1729 315 1790 ad
337 1730 420 1810 ipsos
448 1732 533 1810 polos
563 1731 641 1814 polis
665 1729 798 1810 corporis
822 1729 903 1792 Solis
930 1729 1119 1792 imminentes
1127 1749 1137 1804 ;
1173 1739 1203 1792 et
1230 1731 1371 1814 planetae
1402 1753 1508 1816 corpus

159 1820 279 1882 vehitur
301 1818 340 1880 ad
364 1818 514 1883 modulum
538 1819 697 1882 densitatis
721 1819 808 1902 hujus
831 1820 966 1899 integrae
991 1816 1113 1900 speciei,
1138 1838 1175 1880 ex
1197 1819 1357 1883 filamentis
1373 1823 1508 1887 omnibns

159 1907 358 1988 compositae.
413 1939 417 1947 ·
1457 1909 1484 1938 *-

249 1997 295 2060 At
316 2015 375 2058 non
397 1997 464 2059 ideo
488 1995 636 2078 sequitur,
660 2005 694 2059 ut
710 1989 796 2058 'sicut
818 1993 871 2059 Sol
896 1991 1133 2076 ddaquaversum
1156 1993 1238 2074 11111
1261 1999 1442 2078 aequaliter,
1467 1999 1510 2064 sic

159 2087 253 2148 etianr
276 2086 409 2166 planeta,
435 2087 513 2168 quod
528 2093 660 2147 metuere
679 2086 788 2166 possis,
814 2103 1051 2166 quaquaversum
1074 2091 1231 2146 moveatur
1249 2087 1313 2147 siue
1329 2087 1508 2155 discrimine.

90 2179 96 2192 ⁴
157 2176 264 2258 Neque
297 2176 374 2237 enim
406 2176 559 2238 filamenta
581 2173 662 2236 Solis
694 2175 865 2254 magnetica
894 2181 1015 2236 movent
1050 2173 1185 2236 solitarie
1216 2176 1422 2248 considerata,
1455 2181 1511 2242 sed

158 2273 308 2345 quatenus
332 2263 386 2327 Sol
409 2263 599 2345 rapidissime
623 2281 784 2325 conversus
807 2263 838 2326 in
862 2284 915 2325 suo
940 2263 1038 2343 spatio
1062 2263 1130 2344 ipsa
1153 2282 1268 2344 quoque
1291 2267 1454 2344 filamenta,
1479 2277 1510 2331 et

157 2371 225 2417 cum
249 2353 288 2416 iia
311 2355 440 2434 speciem
464 2363 633 2415 moventem
656 2347 693 2414 ab
717 2351 754 2414 iis
778 2353 981 2414 dimanantem
1003 2351 1184 2414 circumfert.
1230 2353 1298 2416 Non
1331 2355 1422 2436 igitur
1455 2359 1511 2420 ibit

156 2445 285 2524 planeta
315 2443 344 2504 11
369 2444 543 2520 adversum,
577 2443 647 2522 quia
671 2440 724 2504 Sol
756 2451 901 2522 perpetuo
933 2441 1062 2503 volvitur
1091 2440 1121 2502 in
1154 2441 1308 2506 directum.
1354 2445 1422 2509 Non
1455 2448 1511 2510 ibit

157 2534 285 2614 planeta
307 2532 346 2593 ad
369 2533 456 2613 polos
480 2532 554 2602 (etsi
575 2533 605 2593 in
630 2530 667 2593 iis
691 2531 809 2610 punctis
833 2531 925 2593 etiarn
949 2530 1050 2610 aliqua
1073 2529 1109 2591 de
1133 2549 1256 2612 corpore
1280 2531 1361 2596 Solis
1392 2531 1508 2618 species

157 2621 271 2696 adsit):
296 2621 366 2701 quia
381 2639 475 2701 neque
490 2622 645 2684 filamenta
662 2620 796 2702 corporis
812 2618 927 2684 Solaria
950 2638 1055 2682 versus
1078 2619 1164 2699 polos
1180 2622 1388 2699 extenduntur,
1413 2645 1509 2708 neque

157 2709 210 2774 Sol
236 2728 305 2772 eam
327 2710 357 2772 in
380 2711 503 2792 plagam
532 2709 678 2786 volvitur,
712 2709 766 2772 sed
793 2709 824 2772 iu
852 2727 934 2784 eam,
969 2727 1107 2790 quorsum
1140 2709 1239 2790 ipsum
1269 2710 1423 2776 filamenta
1456 2735 1511 2778 sua

156 2801 300 2863 inritant.
707 2843 710 2848 .

248 2887 366 2961 Quibus
396 2887 516 2968 positia,
546 2893 664 2950 tautum
686 2886 774 2949 abest
795 2891 830 2948 ut
858 2885 999 2966 planetae
1031 2902 1136 2947 versus
1164 2887 1251 2965 polos
1282 2889 1454 2968 rapiantur,
1477 2901 1512 2955 ut

156 2979 260 3062 potins
284 2978 374 3041 unica
396 2977 512 3039 zodiaci
534 2976 618 3057 regio
642 2975 683 3038 111
706 2975 805 3037 media
827 2973 906 3037 inter
928 2973 1024 3054 polos,
1049 2990 1211 3053 perquam
1233 2995 1335 3039 omues
1358 2979 1509 3058 planetas,

158 3069 184 3131 si
207 3088 227 3131 a
251 3067 316 3130 suis
340 3067 471 3148 propriis
494 3064 623 3129 motibus
648 3071 805 3128 cessarant
827 3059 881 3146 (de
904 3063 1010 3142 quibus
1034 3060 1113 3124 inira
1134 3081 1201 3142 cap.
1221 3063 1419 3141 XXXVHI.)
1444 3069 1508 3130 sine

156 3159 220 3221 ulla
252 3157 421 3220 deflexione
445 3156 475 3217 11
497 3153 714 3236 longitudinem
736 3153 779 3214 ire
803 3153 845 3214 sit
871 3169 1005 3214 necesse.
1050 3151 1131 3213 Nam
1158 3171 1233 3234 quae
1265 3154 1380 3234 species
1410 3156 1509 3219 hemi-

156 3245 294 3328 sphaerii
317 3245 434 3310 Solaria
457 3243 581 3307 adsistit
603 3243 692 3306 alicui
723 3249 833 3324 puncto
862 3239 993 3308 zodiaci,
1023 3247 1097 3321 puta
1119 3238 1149 3301 in
1173 3243 1326 3322 praesenti
1356 3245 1506 3308 schemate

155 3344 270 3419 puncto
297 3331 320 3410 ζ,
344 3343 410 3397 tota
434 3339 481 3395 est
507 3333 723 3397 ilementorum
747 3328 1010 3394 semicircularium
1033 3329 1138 3390 eodem

155 3445 216 3488 una
247 3423 438 3488 tendentium
447 3442 456 3499 ;
489 3431 523 3485 11
555 3441 593 3485 ex
615 3425 641 3484 d
662 3421 692 3483 in
714 3443 743 3501 γ,
768 3421 845 3482 exi
875 3419 904 3480 11
927 3441 950 3496 μ
972 3425 1029 3480 etc.
1075 3416 1137 3481 Ubi

155 3533 228 3578 varo
251 3529 361 3576 versus
384 3512 469 3593 polos
493 3511 594 3574 mundi
617 3508 815 3585 concesseris,
847 3506 989 3586 11111,
1013 3514 1084 3570 1111
1107 3513 1139 3567 et

156 3605 255 3667 altero
287 3603 359 3686 polo
390 3601 523 3682 corporis
547 3599 629 3664 Solis
651 3621 681 3680 y,
706 3608 737 3661 et
765 3597 984 3661 filamentorum
1012 3594 1138 3676 integris
1165 3577 1181 3640 s

157 3693 292 3756 circellia
316 3695 374 3768 λμ,
408 3709 484 3772 quae
507 3691 607 3770 polum
629 3713 644 3769 γ
666 3687 875 3777 circumstant,
905 3685 961 3748 sub
984 3693 1139 3766 aspectum

155 3805 200 3862 ημ
221 3781 400 3854 vindicatis,
424 3779 541 3859 species
565 3784 760 3859 componetur
783 3796 820 3839 ex
833 3775 993 3839 filamentis
1015 3773 1046 3837 11
1066 3793 1139 3837 111-

155 3871 252 3934 traria
275 3867 490 3933 tendentibus:
515 3869 693 3931 circulorum
716 3865 794 3929 enim
816 3872 919 3947 partes
944 3863 1100 3946 oppositae
1123 3865 1141 3924 λ

156 3971 187 4023 et
209 3983 232 4038 μ
255 3961 289 4022 in
312 3965 418 4040 partes
441 3963 513 4019 eunt
534 3957 711 4020 contrarias.
756 3955 858 4018 Minds
881 3953 974 4034 igitur
996 3957 1069 4034 apta
1092 3960 1141 4014 est

155 4050 275 4131 species
300 4048 364 4111 ista
385 4051 463 4126 θημ
484 4063 590 4110 versus
612 4045 700 4127 polos
725 4043 852 4127 delapsa
874 4043 914 4104 ad
936 4041 1140 4124 1111111111-

156 4141 234 4204 netis
257 4136 460 4202 inferendum.

1266 3401 1320 3470 rig.
1340 3399 1383 3453 0⁷,
