3678 5532
322 297 388 374 tao
800 309 840 362 ne
858 309 964 362 neusa
983 307 1076 362 stellae
1093 307 1189 360 ιιιιιιι-

323 485 377 561 Gl,
400 487 490 566 paulo
513 495 614 549 tamen
638 505 763 567 vergens
787 487 817 550 in
841 489 1056 571 consequentia
1071 489 1165 568 (qnia
1183 487 1254 550 olim
1277 486 1363 548 limes
1381 485 1490 546 Martis
1514 483 1570 548 sub
1593 484 1663 548 lixis

224 651 228 658 Ι
322 585 387 638 erat
409 576 498 657 paulo
522 577 684 656 promotior
707 597 794 658 quem
815 577 929 652 bodie),
954 585 985 640 et
1007 580 1196 640 continuetur
1217 577 1298 638 ultra
1312 576 1337 649 Ι,
1362 582 1393 635 et
1416 594 1453 636 ex
1470 575 1501 638 A
1524 573 1664 636 circellus

322 666 482 738 scribatur,
513 684 620 727 secans
643 666 697 729 ΡΟ
721 667 750 728 iu
773 669 813 739 F,
846 676 877 728 et
901 665 945 729 (il
974 667 1004 729 in
1028 667 1065 728 H.
1112 665 1161 728 Sit
1185 673 1285 727 eutem
1315 664 1453 734 circellus
1476 672 1599 738 tantus,
1630 669 1666 724 ut

323 755 421 834 major
443 755 484 816 sit
507 754 562 817 OF
586 773 671 834 quam
695 756 754 819 IH:
786 757 827 818 Et
849 764 979 835 ponatur
1001 757 1087 838 polus
1107 755 1219 829 circuli,
1243 752 1298 814 sub
1317 771 1374 835 quo
1389 752 1498 814 Martis
1522 750 1665 814 circuitus

320 845 486 918 ordinatur,
510 843 602 904 bodie
625 844 653 904 in
676 846 710 918 F,
736 844 806 906 olim
829 843 859 904 in
883 846 921 907 H.
968 845 1037 907 Erit
1059 844 1204 906 hodierna
1227 842 1403 922 obliquitas,
1431 859 1483 901 sen
1505 839 1664 903 inclinatio

319 932 401 1011 plani
425 931 530 994 Martii
564 933 602 994 ad
632 933 801 1013 eclipticam
829 931 884 995 OF
915 935 1027 1013 major,
1059 933 1245 996 Ptolemaiou
1276 931 1321 993 ΙΗ
1352 930 1467 1004 minor;
1498 937 1530 992 et
1559 937 1664 991 tamen

319 1016 449 1084 Martiae
482 1021 599 1084 orbitae
632 1022 718 1102 polus
742 1023 780 1096 H,
804 1025 830 1086 F
852 1023 932 1085 circa
954 1025 983 1088 A
1007 1021 1173 1110 constanti¹
1189 1020 1348 1083 intervallo
1371 1019 1444 1096 Au,
1468 1021 1525 1082 Au
1555 1019 1666 1079 ivisset

320 1129 357 1174 ex
380 1112 410 1174 Η
432 1110 462 1173 in
487 1113 522 1174 F.
571 1109 703 1190 Cumque
725 1112 813 1191 polus
842 1112 958 1173 orbitae
981 1111 1112 1174 Martiae
1135 1107 1212 1172 satis
1240 1127 1347 1188 magno
1375 1129 1447 1170 arcu
1470 1108 1508 1170 ab
1531 1107 1561 1168 H
1584 1108 1666 1169 inF

320 1201 419 1273 iverit,
444 1219 498 1262 sen
522 1199 552 1259 iu
576 1201 790 1282 consequentia
814 1221 866 1262 sen
889 1201 918 1262 in
944 1201 1171 1264 antecedentia:
1196 1200 1265 1280 quia
1287 1205 1389 1259 tamen
1412 1216 1472 1260 una
1499 1197 1553 1259 ivit
1575 1196 1664 1276 polus

322 1290 481 1370 eclipticae
507 1287 576 1350 abl
599 1287 671 1350 in
695 1289 775 1350 circa
797 1290 877 1351 idem
899 1299 1041 1368 punctum
1055 1291 1094 1363 A,
1118 1289 1268 1352 videretur
1290 1287 1376 1368 polus
1396 1285 1507 1350 Mortis
1528 1284 1664 1366 proxime

326 1379 493 1459 quievisse,
519 1376 588 1456 quia
610 1379 654 1439 ΙΗ
677 1386 709 1438 et
731 1377 784 1440 OF
807 1379 868 1440 lere
891 1380 1037 1460 paralleli.
1211 1432 1220 1455 ,

409 1469 554 1546 Magnam
590 1467 697 1548 qnippe
730 1467 973 1548 inaequalitatem
1006 1477 1104 1530 motus
1127 1467 1272 1528 nodorum
1294 1464 1435 1542 consequi
1457 1481 1581 1524 necesse
1604 1469 1665 1538 est,

325 1557 350 1618 si
373 1556 430 1618 boc
454 1574 556 1618 verum
580 1564 637 1629 est,
659 1553 746 1636 polos
775 1556 959 1636 singulorum
988 1559 1177 1638 planetarum
1202 1555 1303 1636 polum
1326 1552 1456 1634 aliquem
1479 1571 1665 1615 communem

323 1654 458 1725 ternpore
482 1663 540 1706 non
564 1645 666 1706 eoderu
690 1646 853 1708 circmnire.
895 1645 973 1707 Nem
996 1654 1028 1708 ct
1049 1646 1143 1726 ipsius
1166 1642 1385 1724 praecessionis
1408 1640 1666 1721 aequinoctiorum

322 1733 391 1795 hinc
415 1733 516 1812 aliqua
547 1735 679 1796 nascitur
700 1734 859 1809 anomalia,
883 1736 967 1814 cujus
990 1735 1142 1822 negotium
1166 1733 1235 1795 huic
1257 1734 1346 1814 plane
1369 1731 1466 1793 simile
1489 1737 1546 1800 est.
1591 1729 1666 1792 Dixi

321 1823 391 1903 quid
415 1823 456 1882 sit
478 1831 707 1904 couseunueum
730 1823 883 1903 principiis
906 1825 961 1887 boc
986 1843 1075 1905 opere
1099 1822 1281 1896 constitutis,
1305 1830 1337 1883 et
1359 1820 1465 1900 quibus
1484 1818 1664 1901 hypothesi-

322 1913 376 1972 bus
399 1911 497 1992 possit
520 1911 575 1972 hoc
596 1912 763 1992 praestari,
800 1923 833 1974 ut
855 1913 1064 1975 inclinationes
1086 1913 1242 1999 planorum
1265 1911 1334 1972 aliis
1358 1909 1467 1970 seculis
1490 1909 1552 1970 sint
1573 1906 1663 1968 aliae.

322 2000 488 2061 Videamus
518 2019 594 2061 nunc
617 1999 776 2062 observata
799 2001 972 2064 Ptolemaei.
1020 2002 1096 2068 Cum
1118 2001 1196 2063 enim
1220 1999 1328 2063 Martis
1351 1998 1479 2062 latitudo
1502 1997 1595 2058 borea
1623 1996 1667 2058 sit

322 2105 387 2150 curn
410 2089 498 2152 corde
522 2089 647 2163 Leonis,
672 2091 732 2151 lixa
754 2090 881 2164 boreali;
912 2091 1046 2153 austrina
1069 2089 1250 2153 cumetellis
1270 2087 1446 2168 Capricorni
1462 2084 1662 2148 australibus:

321 2189 552 2242 consentaneum
576 2185 631 2251 est,
657 2177 735 2240 idem
759 2179 905 2241 accidisse
928 2180 1137 2242 latitudinibus
1159 2177 1298 2240 maximis
1321 2176 1442 2250 Martis,
1465 2175 1543 2256 quod
1562 2174 1662 2236 stellis

322 2267 391 2340 illis,
417 2275 450 2328 ut
472 2273 597 2346 utraque
620 2268 757 2347 creverit,
782 2269 850 2348 qnia
872 2268 991 2330 illorum
1013 2267 1187 2332 latitudines
1203 2275 1371 2342 creverunt,
1394 2283 1499 2344 nempe
1521 2264 1661 2326 boreales

321 2355 401 2417 circa
436 2355 598 2417 solstitium
635 2350 798 2431 aestivum,
833 2358 982 2420 australes
1009 2357 1089 2419 circa
1124 2357 1289 2420 hibernum.
1342 2355 1533 2417 Ptolemaeus
1569 2353 1662 2434 igitur

323 2443 484 2506 maximam
506 2444 615 2506 Martis
637 2444 787 2507 borealem
810 2446 997 2508 latitudinem
1021 2446 1211 2508 observatam
1235 2446 1280 2507 ait
1301 2440 1340 2508 ⁴1⁰
1362 2441 1429 2518 20⁴,
1467 2461 1542 2524 qnae
1572 2442 1661 2506 bodie

322 2542 370 2595 est
393 2527 432 2594 cl⁰
455 2529 516 2595 32‘.
556 2532 721 2596 Confirmat
742 2533 833 2614 igitur
854 2535 903 2596 hic
919 2543 1059 2599 nostram
1074 2533 1252 2615 opinionem,
1271 2535 1341 2614 quia
1359 2533 1547 2596 latitudinem
1561 2532 1662 2594 maxi-

269 2670 276 2678 .
324 2639 403 2686 mam
430 2617 480 2683 12¹
503 2621 646 2683 minorem
669 2621 792 2684 exhibet
813 2623 967 2698 hodierna,
990 2623 1077 2686 nodis
1099 2623 1128 2685 in
1153 2624 1258 2685 eadem
1280 2643 1345 2686 cum
1367 2621 1512 2684 hodierna
1526 2622 1662 2702 proxime

323 2709 469 2772 distantia
491 2709 529 2770 ab
552 2710 672 2790 aphelio
695 2712 943 2792 permanentibus.
987 2713 1033 2775 At
1061 2721 1167 2775 contra
1194 2711 1378 2774 latitudinem
1402 2711 1566 2773 austrinam
1587 2711 1664 2774 facit

324 2797 362 2864 7⁰
383 2799 533 2880 proxime,
564 2817 630 2862 cum
653 2807 686 2861 et
707 2799 795 2862 hodie
817 2809 904 2863 tanta
926 2821 993 2863 esse
1016 2802 1123 2882 possit,
1149 2802 1265 2864 scilicet
1287 2795 1325 2865 6⁰
1347 2793 1453 2882 52¹1,st
1492 2799 1586 2878 lgitnr
1608 2819 1663 2880 per

324 2890 390 2969 ejus
422 2888 648 2950 obseruationes
680 2888 710 2950 in
740 2905 885 2970 suspenso
913 2891 1114 2971 relinquimur.
1166 2892 1244 2954 Nam
1272 2891 1348 2971 quod
1377 2889 1453 2950 baec
1478 2887 1529 2950 121
1537 2888 1664 2950 sumet

325 2978 355 3040 in
379 2977 538 3040 latitudine
561 2977 686 3051 boreali,
713 2977 872 3051 sciendum,
897 2979 963 3059 ejus
986 2979 1174 3042 instrumenti
1196 2987 1299 3059 partes
1322 2977 1461 3040 minimas
1484 2978 1584 3038 valere
1611 2975 1663 3040 10¹

322 3075 354 3128 et
375 3066 538 3147 plerunque
562 3066 599 3128 ab
623 3065 688 3146 ipso
712 3067 797 3129 rusius
821 3067 988 3148 hujusmodi
1013 3069 1212 3149 quantitatem
1235 3068 1264 3129 in
1289 3065 1483 3148 emoreponi.
1521 3066 1564 3128 Et
1583 3065 1665 3128 inter

323 3155 459 3218 Graecas
482 3163 587 3230 notas,
610 3174 685 3235 quae
709 3153 764 3221 20‘
787 3164 819 3218 et
843 3175 917 3237 quae
941 3154 995 3220 110¹
1018 3157 1202 3238 significant,
1232 3157 1370 3237 exiguum
1394 3163 1425 3218 et
1447 3155 1591 3216 lubricum
1614 3163 1665 3217 est

324 3243 495 3316 discrimen,
520 3262 609 3323 saepe
633 3245 801 3324 neglectum
826 3247 863 3307 ab
887 3245 1098 3327 interpretibus
1106 3265 1116 3321 ;
1142 3247 1199 3308 etsi
1222 3246 1324 3308 Arabs
1346 3245 1395 3308 hio
1417 3245 1510 3308 vertit
1532 3239 1595 3307 20⁴.

411 3333 496 3396 Nihil
518 3340 676 3414 praeterea
699 3343 800 3396 exstat
822 3335 851 3396 in
867 3334 1060 3410 Ptolemaeo,
1084 3335 1162 3416 quod
1185 3353 1239 3396 nos
1262 3354 1351 3396 mann
1375 3335 1480 3396 ducere
1502 3334 1602 3413 possit
1623 3333 1665 3396 ad

321 3422 515 3502 judicandum
538 3422 574 3483 de
598 3429 681 3484 statu
704 3423 825 3503 antiquo
848 3424 952 3486 harum
975 3443 1083 3486 rerum.
1111 3425 1189 3487 Nam
1209 3422 1380 3485 observatio
1401 3422 1499 3504 capite
1519 3431 1664 3501 sequente

324 3511 440 3574 LXIX.
471 3510 644 3572 examinata
673 3513 783 3574 erroris
814 3513 958 3592 arguritur.
1008 3513 1092 3576 ‹Dum
1120 3512 1213 3594 igitur
1242 3512 1439 3575 destituamur
1466 3510 1581 3574 idoneis
1605 3511 1663 3574 ob-

324 3598 546 3660 servationibus
569 3599 772 3678 antiquitatis,
800 3601 880 3681 cogit
902 3621 957 3663 nos
980 3603 1048 3683 ipsa
1069 3601 1113 3664 rei
1136 3601 1274 3675 conditio,
1298 3602 1376 3664 hano
1399 3603 1435 3663 de
1459 3609 1541 3662 motu
1563 3598 1665 3662 nodo-'

322 3707 387 3750 rum
418 3686 667 3766 disputationem,
703 3697 736 3750 ut
760 3690 853 3752 multa
886 3691 960 3764 alia,
990 3690 1156 3772 relinquere
1187 3691 1374 3771 posteritati;
1416 3689 1562 3770 siquidem
1595 3689 1662 3752 Deo

322 3777 469 3857 placuerit
491 3776 608 3856 justam
637 3776 765 3839 humano
794 3779 896 3858 generi
925 3779 1053 3859 spatium
1076 3779 1219 3859 temporis
1242 3781 1272 3842 in
1295 3782 1351 3842 hoc
1375 3780 1483 3844 mundo
1506 3779 1663 3860 indulgere

321 3867 360 3932 ad
383 3865 504 3930 residua
526 3866 587 3928 ista
609 3865 809 3944 perdiscenda
824 3861 893 3942 ¹⁰⁷).

899 4093 1081 4106 ..-

848 4273 967 4373 Caput
995 4271 1132 4350 LXIX.

324 4433 539 4500 monaco
561 4433 660 4498 mem
683 4431 1010 4499 Ptolemoicorum
1037 4437 1305 4500 adamationem:
1334 4445 1364 4504 et
1386 4439 1534 4502 amotio
1556 4445 1661 4502 awos

657 4521 757 4584 audii
778 4529 937 4605 utcumque
959 4523 1079 4608 optetis·
1100 4534 1129 4589 et
1150 4527 1313 4589 nodorum.

409 4663 456 4726 Ex
487 4663 668 4746 antiquitate
698 4663 777 4726 omui
810 4660 1035 4728 observationes
1063 4668 1170 4730 stellae
1193 4666 1300 4730 Martis
1327 4685 1385 4728 non
1408 4667 1509 4746 plores
1531 4667 1658 4749 quinque

323 4773 359 4816 ex
383 4753 565 4832 consignatis
588 4761 765 4834 supersunt;
789 4759 820 4812 et
843 4771 901 4814 una
923 4756 1132 4834 antiquissima
1154 4756 1192 4818 ab
1215 4754 1381 4818 Aristotele
1400 4756 1583 4837 conscripta,
1608 4759 1659 4840 qpi

321 4844 453 4907 Martem
484 4863 503 4904 a
525 4842 628 4905 Lunae
656 4841 830 4906 dimidiatae
857 4851 943 4922 parte
971 4845 1100 4908 obscura
1128 4844 1189 4928 tegi
1211 4844 1296 4910 vidit
1341 4843 1387 4909 At
1408 4863 1463 4910 uec
1486 4864 1579 4910 annus
1602 4865 1658 4915 noc
