3640 5538
770 283 932 354 nones
1097 228 1102 234 ²
1386 391 1392 398 .
1451 287 1516 358 aaa

179 454 297 520 suedo
321 461 428 541 (quare
450 457 504 526 551
526 465 722 546 digressionis
745 490 764 531 a
786 466 873 542 Sole)
897 467 1079 548 respondere
1101 473 1224 548 putatur
1238 474 1428 546 augmentum
1442 468 1516 533 lati-

175 546 287 608 tudiuis
311 548 392 612 circa
413 552 509 614 nodos
532 551 563 618 51
592 553 665 630 1311,
694 557 858 638 parallaxis
891 555 981 636 igitur
1004 559 1075 620 talis
1098 565 1146 620 est
1168 556 1315 636 eligenda,
1344 576 1419 638 quae
1444 559 1516 620 lati-

174 636 309 700 tudinem
332 640 466 718 proferat
489 641 667 724 longitudini
694 648 733 709 ad
756 649 832 710 huno
855 646 1006 708 modulum
1029 646 1320 726 correspondentem.
1368 645 1435 718 Quo
1459 647 1516 708 im-

174 733 294 806 petrato
318 729 393 790 certi
407 749 507 792 sumus
523 735 605 796 etde
621 737 813 816 longitudine,
837 735 857 796 i.
873 755 898 798 e.
913 735 1043 809 horario,
1065 743 1096 796 et
1114 737 1150 796 de
1165 733 1324 815 parallaxi.
1363 735 1459 807 Quem
1477 737 1518 799 ad

174 816 263 878 fiuent
273 816 303 878 iu
318 816 432 880 duobus
443 821 587 902 exemplis
597 843 688 904 sopra
701 826 808 906 positis
823 826 952 888 tractavi
968 825 1140 905 parallaxes
1151 822 1326 898 latitudiuis,
1341 831 1373 886 et
1383 826 1517 906 inprims

175 904 294 985 quidem
318 907 453 986 exemplo
473 907 667 988 longitudinis
683 915 764 979 arcui
788 912 842 978 521
866 911 930 978 3511
954 913 1121 976 latitudiuis
1138 912 1350 976 incrementum
1365 914 1519 994 competiit

175 991 207 1058 51
230 987 306 1071 1111,
330 997 476 1076 perallaxi
500 995 562 1064 561.
602 1003 647 1064 At
669 1022 735 1065 cum
757 1003 906 1086 perallaxi
929 1000 993 1077 50‘,
1017 1001 1196 1082 digressioui
1210 1002 1313 1063 Lunae
1336 1002 1439 1066 asote
1454 1003 1518 1077 511,

174 1085 378 1163 respondebat
400 1086 526 1151 variatio
542 1085 573 1152 61
597 1086 650 1166 911,
673 1091 726 1154 illa
749 1093 842 1172 igitur
863 1093 1027 1171 parallaxis
1051 1092 1150 1161 verior
1166 1099 1223 1165 est,
1247 1109 1336 1172 quatu
1356 1092 1437 1154 haeo.
1481 1093 1516 1156 lu

174 1173 306 1234 secundo
330 1193 400 1236 vero
423 1178 559 1257 exemplo
583 1188 665 1242 motu
680 1200 699 1241 a
715 1179 786 1243 Sole
805 1201 858 1262 per
885 1175 974 1244 1161
997 1178 1062 1244 3811
1085 1180 1173 1242 Luna
1193 1179 1424 1259 deprehenditur
1442 1181 1516 1244 lati-

173 1259 308 1324 tudiuem
330 1271 463 1326 mutasse
486 1285 539 1346 per
562 1263 593 1330 6¹
621 1268 669 1344 111,
703 1269 803 1353 itaque
826 1268 990 1350 parallaxis
1014 1265 1067 1332 591
1090 1268 1131 1330 ihi
1155 1268 1291 1330 adhibita
1311 1289 1370 1332 usu
1391 1270 1517 1334 multum

175 1349 282 1414 abesse
305 1352 418 1434 poterit
440 1373 459 1414 a
481 1373 570 1433 vero;
595 1358 693 1420 etsie
717 1369 748 1421 et
769 1359 906 1422 horarius
929 1357 1065 1440 utrinque
1090 1359 1288 1422 confirmatur.

264 1440 376 1529 Verum
403 1441 471 1522 plus
493 1444 648 1508 delectant
669 1447 744 1511 haee
766 1448 953 1530 problemata
976 1447 1112 1521 artifieio,
1136 1466 1223 1528 quam
1246 1453 1373 1527 prosunt
1394 1446 1517 1511 subtili·

174 1536 240 1592 tate
272 1549 468 1597 numerorum.
534 1531 771 1618 Observationes
813 1537 891 1600 euim
932 1536 1050 1600 nonnisi
1079 1534 1288 1598 limatissimae
1316 1536 1515 1619 requiruntur,

175 1637 251 1700 quae
274 1619 326 1681 vix
348 1639 478 1702 uuquam
501 1622 605 1685 haberi
627 1635 763 1705 possunt.

266 1708 429 1772 Praeterea
458 1713 635 1792 supponitur
663 1716 800 1796 cognitus
823 1713 990 1776 latitudiuis
1013 1713 1155 1793 angulus,
1183 1712 1220 1774 de
1243 1731 1300 1795 qno
1323 1711 1398 1775 nihil
1421 1712 1517 1776 adhuc

175 1797 297 1860 dictum.
344 1798 386 1860 Et
408 1800 478 1881 quia
500 1803 593 1864 multo
617 1806 714 1884 magis
737 1805 863 1885 prodest
885 1803 933 1865 hio
956 1803 1061 1865 modus
1080 1802 1249 1884 arguendas
1265 1803 1413 1884 pernitani
1432 1799 1518 1864 cras-¹

176 1885 247 1948 siori
270 1887 417 1964 Minerva,
443 1908 531 1970 quam
555 1891 685 1967 horario,
709 1894 841 1974 pertinet
862 1891 955 1972 igitur
977 1893 1015 1953 ad
1040 1891 1204 1972 sequentia.
1565 1885 1569 1896 '

264 1977 371 2039 Missis
394 1977 485 2057 igitur
508 1979 555 2041 his
569 1981 684 2042 duobus
703 1983 797 2044 modis
813 1982 948 2044 horarios
964 1980 1153 2056 observandi,
1176 1987 1364 2042 transeamus
1380 1980 1418 2042 ad
1432 1981 1519 2058 alios,
1605 1981 1608 1988 '

176 2064 205 2126 iu
230 2064 336 2146 quibus
359 2085 417 2128 nou
441 2075 555 2130 tautum
573 2069 643 2131 nihil
659 2070 928 2134 indemonstratum
943 2070 1202 2172 praesgpponitur,
1228 2071 1386 2132 sedetiam
1400 2069 1519 2150 magui-

175 2154 248 2216 tudo
280 2155 344 2234 ejus
373 2156 432 2230 rei,
465 2174 503 2217 ex
526 2177 583 2237 qua
606 2160 847 2238 ratiocinamur„
868 2161 1032 2240 pleniorem
1060 2159 1149 2222 iidem
1176 2158 1252 2221 facit
1281 2159 1362 2222 cirea
1387 2159 1418 2222 id
1442 2159 1520 2240 quod
1621 2226 1631 2246 ο

177 2242 385 2306 ratiocinando
409 2246 622 2310 concludimus.

264 2331 366 2394 Motus
390 2333 494 2396 Lunae
517 2335 674 2416 oppositae
698 2335 763 2400 Soli
785 2338 822 2398 ad
848 2355 974 2416 unguem
995 2337 1137 2416 aequales
1154 2335 1371 2419 essemotibus
1387 2335 1520 2414 ejusdem

176 2420 353 2500 conjunctae
378 2421 443 2485 Soli
472 2425 583 2486 ceteris
605 2423 738 2505 paribus,
762 2425 951 2488 tritissimum
977 2433 1024 2486 est
1047 2425 1123 2508 apud
1149 2433 1346 2486 astronomus.
1368 2477 1370 2482 .
1393 2423 1426 2486 Si
1450 2439 1521 2504 ergo

175 2509 394 2591 prodiderimus
417 2513 553 2574 horarios
577 2514 606 2575 in
623 2515 869 2595 oppositionibus,
894 2514 914 2576 ii
928 2514 1072 2577 valebunt
1089 2522 1121 2575 et
1135 2515 1162 2575 iu
1178 2513 1445 2593 conjunctionibus.
1486 2513 1530 2577 Si·

176 2599 242 2679 quis
270 2599 326 2662 hoc
357 2601 537 2681 principium
561 2621 672 2682 negare
703 2605 832 2666 voluerit
855 2603 1050 2679 astronomis,
1088 2603 1167 2685 quod
1190 2603 1308 2684 quidem
1332 2621 1369 2663 ex
1392 2603 1521 2664 omnium

175 2688 293 2750 illorum
317 2689 536 2771 hypothesibus
560 2692 702 2773 sequitur,
728 2691 862 2756 convinci
887 2693 913 2755 is
936 2693 1047 2773 poterit
1068 2711 1213 2754 consensu
1230 2691 1422 2767 horariarum,
1448 2710 1522 2773 quos

175 2777 321 2840 hacteuus
345 2779 400 2841 suh
424 2781 552 2842 articulo
575 2781 816 2861 conjunctionum
840 2780 1106 2862 investigavimus,
1132 2799 1197 2843 cum
1221 2781 1268 2855 iis,
1292 2781 1342 2861 qui
1360 2781 1426 2860 jam
1449 2800 1522 2862 pro-

175 2865 282 2929 dibunt
304 2886 342 2928 ex
366 2867 656 2948 oppositioualibus.'
694 2871 839 2932 Horatius
862 2889 933 2933 veru
958 2871 1178 2950 oppositionum
1200 2869 1328 2930 habetur
1352 2869 1459 2946 tacite,
1483 2869 1520 2945 si,

176 2963 320 3037 quantum
350 2956 438 3019 Luna
476 2958 557 3020 eirea
590 2958 808 3039 oppositionem
840 2961 1031 3042 progreditur
1061 2959 1092 3020 iu
1124 2973 1181 3020 uuo
1210 2957 1258 3019 dis
1287 2957 1432 3032 naturali,
1466 2975 1522 3020 ex-

175 3046 319 3127 ploretur.

265 3133 321 3198 ΙΙΙ.
355 3133 487 3198 Diumos
520 3135 613 3216 igitur
635 3133 740 3197 Lunae
768 3141 867 3197 motus
889 3135 1027 3198 Braheus
1056 3141 1090 3196 ut
1113 3131 1288 3194 observaret
1310 3133 1386 3195 citra
1409 3133 1521 3196 mixtu-

177 3243 243 3285 ram
263 3211 469 3305 parallhxeou,
494 3224 570 3288 hanc
594 3223 675 3285 viam
699 3229 746 3286 est
764 3223 926 3304 ingressus,
951 3231 986 3286 ut
1004 3223 1183 3304 exploraret,
1207 3220 1324 3302 quaudo
1339 3222 1424 3306 Luna
1439 3231 1523 3286 esset

178 3311 208 3374 in
232 3313 425 3393 nonagesimo
450 3314 546 3392 gradu
569 3334 588 3374 a
610 3320 720 3394 puncto
745 3313 901 3394 eclipticas
924 3312 1048 3375 oriente.
1094 3312 1176 3374 Tuus
1199 3310 1276 3373 enirn
1299 3311 1394 3374 omnis
1416 3313 1522 3392 paral-

180 3401 260 3464 laxis
283 3401 313 3464 iu
338 3403 433 3464 latum
456 3403 543 3476 abit,
574 3402 648 3465 nihil
672 3403 701 3463 in
726 3403 854 3483 longum.
901 3402 947 3464 Eo
971 3402 1014 3464 sic
1038 3401 1119 3463 tacto
1142 3399 1257 3461 duobus
1280 3401 1427 3462 coutinuis
1451 3400 1518 3463 die-

178 3489 236 3552 bus
259 3491 339 3553 circa
361 3491 593 3571 oppositionem,
618 3491 705 3553 facile
730 3489 828 3570 patuit
849 3491 952 3553 Lunae
976 3489 1099 3552 diurnus
1121 3495 1220 3552 motus
1242 3507 1342 3552 verus.
1464 3549 1469 3560 .

268 3581 365 3650 Auum
383 3577 475 3644 1595.
500 3578 530 3645 8.
556 3578 625 3643 Oct.
649 3599 735 3643 mune
761 3579 817 3641 fuit
839 3579 987 3661 oppositio
1001 3577 1104 3642 Lunae
1128 3584 1159 3640 et
1178 3575 1268 3650 Solis,
1291 3577 1377 3640 Luna
1394 3577 1424 3640 iu
1443 3599 1519 3660 apo-

180 3686 258 3749 gaeo
280 3679 439 3736 versante„
470 3670 565 3750 Igitur
585 3667 777 3749 praecedenti
799 3687 924 3750 vespera
945 3670 974 3731 h.
1000 3663 1029 3732 9.
1054 3665 1108 3731 211
1131 3667 1212 3728 circa
1235 3668 1457 3746 nonagesimum
1481 3669 1519 3732 ab

181 3768 248 3820 ortu
285 3777 339 3838 per
375 3759 613 3821 observationem
646 3758 768 3819 inventa
800 3768 846 3819 est
874 3759 903 3820 in
935 3752 992 3820 181
1023 3754 1076 3819 171
1099 3755 1152 3835 Υ,
1183 3774 1249 3818 oum
1275 3757 1431 3822 latitudine
1454 3758 1521 3821 visa

182 3842 221 3908 11
252 3845 303 3910 121
331 3848 505 3910 meridiana.
557 3846 707 3927 Sequente
737 3865 865 3926 vespera
887 3843 917 3910 8.
943 3844 1011 3909 Oct.
1035 3847 1066 3908 h.
1093 3845 1142 3908 11.
1167 3843 1237 3922 221,
1270 3846 1383 3908 oriente
1414 3839 1453 3910 9⁰
1484 3851 1519 3924 il,

181 3935 250 4014 ipsa
273 3936 434 4014 observata
457 3937 514 3999 fuit
534 3935 565 3998 in
592 3932 627 3998 11
649 3929 747 4020 26111
770 3935 808 4010 ὅ,
832 3935 949 3997 distans
972 3932 1011 3999 8⁰
1033 3955 1051 3996 a
1073 3935 1295 4021 nonagesimo..
1322 3934 1396 4012 Cum
1420 3943 1519 3998 autem

182 4020 222 4089 9⁰
243 4025 271 4102 ὅ
294 4027 464 4089 distareta
493 4025 606 4087 vertice
629 4023 748 4086 circiter
769 4017 844 4100 151,
881 4024 981 4104 itaque
1013 4024 1178 4104 parallauis
1209 4025 1393 4103 μηκοπλατης
1424 4020 1467 4087 56
1489 4024 1521 4088 iu

181 4113 337 4178 horizonte
360 4123 444 4178 esset
465 4110 520 4178 101
542 4113 676 4188 circiter,
707 4113 743 4176 ds
767 4131 825 4196 qua
848 4107 887 4176 81
908 4123 1081 4193 competunt
1104 4107 1185 4198 511,
1211 4113 1326 4175 tantulo
1357 4113 1520 4192 promotior

183 4213 250 4266 erat
271 4203 377 4280 Luna,
409 4203 518 4285 quippe
549 4221 625 4282 quae
643 4201 707 4282 jam
731 4203 761 4265 iu
785 4201 969 4265 occidentem
986 4201 1192 4284 propenderet.
1239 4201 1290 4264 Sic
1312 4201 1413 4282 itaque
1436 4203 1520 4267 locus

182 4291 288 4356 Lunae
328 4312 416 4357 verus
456 4288 492 4357 11
528 4288 581 4356 321
613 4291 651 4368 ὅ.
706 4291 849 4354 Promots
881 4299 929 4352 est
961 4291 1051 4370 igitur
1081 4291 1162 4354 horis
1201 4287 1243 4354 26
1273 4291 1369 4354 minus
1404 4288 1435 4354 21
1465 4309 1519 4374 per

187 4377 246 4446 121
268 4377 331 4459 151,
355 4383 442 4463 idque
466 4402 485 4443 a
506 4380 585 4444 fixis.
631 4380 757 4444 Interim
779 4399 850 4442 vero
872 4378 926 4443 Sol
950 4380 988 4441 ab
1010 4379 1117 4443 iisdem
1139 4380 1207 4443 fixis
1221 4386 1434 4459 promotussst
1449 4399 1521 4446 arcu

187 4469 225 4536 1⁰
246 4469 278 4534 21
301 4467 384 4549 21111,
411 4471 498 4534 Luna
521 4470 612 4551 igitur
634 4490 653 4531 a
676 4468 747 4532 Sola
772 4476 924 4550 promotus
948 4477 996 4532 est
1021 4465 1154 4534 111121
1176 4466 1251 4532 1011.
1298 4465 1391 4549 (lujus
1414 4469 1519 4533 distri·
1578 4507 1581 4514 ·

183 4559 305 4624 butioue
338 4561 418 4623 facta
446 4561 475 4624 iu
504 4559 595 4624 horas
624 4552 666 4622 26
689 4558 787 4622 miuus
810 4553 860 4633 21,
896 4558 980 4619 venit
1001 4559 1050 4622 uui
1073 4559 1164 4621 horae
1187 4555 1240 4620 271
1263 4554 1315 4620 311.
1361 4559 1466 4641 Itaque
1489 4559 1519 4623 iu
1548 4601 1550 4608 ι
1649 4529 1654 4540 ⁸

185 4649 251 4731 ipso
273 4657 383 4730 punctu
406 4648 521 4726 medio,
563 4649 681 4728 quaudo
714 4645 892 4710 acceleratio
915 4648 1101 4727 (copularum
1122 4646 1256 4728 propria)
1283 4653 1330 4710 est
1353 4645 1383 4710 in
1406 4667 1519 4713 summo

186 4737 300 4818 vigore,
324 4735 413 4819 plana
435 4737 601 4804 reusimils
621 4745 677 4810 sat.
700 4735 851 4834 horarium
871 4753 940 4798 osse
963 4731 1017 4798 271
1043 4735 1114 4800 1211.
1148 4736 1254 4798 Potest
1267 4733 1346 4798 euim
1360 4743 1392 4800 et
1405 4738 1519 4802 ratione
1589 4733 1592 4742 '
