3680 5538
289 315 291 318 .
337 257 419 342 395'
689 201 692 208 ι
811 267 1195 324 ιιοιιιιιιιειιιιιιιιιιι

335 461 426 537 petuo
455 452 532 514 lixas
560 448 687 529 dirigat:
715 447 775 512 nisi
802 455 948 530 quatenns
972 469 1112 512 successu
1135 450 1302 514 seculorum
1325 469 1391 514 eum
1413 469 1520 531 parum
1540 449 1678 514 inclinat

334 544 457 608 Orietnr
479 541 580 622 itaque
603 556 704 619 pugna
721 537 884 600 facultatis'
893 539 1032 601 animalis
1046 559 1114 602 cum
1135 540 1279 603 facultate
1302 541 1481 620 magnetica,
1495 549 1529 603 et
1551 539 1681 602 victoria

333 631 486 694 animalis:
520 648 580 696 non
609 627 697 690 aliter
728 634 817 710 atque
845 644 910 706 cap.
942 628 1092 691 XXXIV.
1122 628 1308 706 dixeramus,
1341 647 1468 711 corpora
1488 629 1681 711 planet-amm

333 720 510 783 naturaliter
532 718 663 801 quietem
685 725 844 798 appetere,
877 717 931 778 sed
962 718 1075 780 moveri
1106 738 1126 779 a
1147 717 1178 780 vi
1208 726 1352 782 extranea
1374 719 1465 782 Solis.
1512 720 1572 780 Vel
1603 735 1679 799 cape

331 807 586 872 accommodatius
609 806 786 887 exemplum.
823 805 946 868 Bracbii
968 806 1089 868 hnmani
1111 807 1250 870 naturale
1271 809 1388 888 pondus
1416 809 1557 870 deorsum
1579 807 1681 888 vergit

333 899 372 962 ad
386 900 499 961 Terrae
522 904 670 972 centnm
695 894 835 958 animalis
859 913 931 957 vero
955 894 1085 958 facultas
1108 896 1165 960 hoc
1186 904 1324 978 praestat
1345 897 1526 973 vexillifero,
1548 904 1582 960 ut
1604 895 1681 958 illud

333 1007 425 1069 supra
448 994 539 1068 capnt
560 985 706 1048 extendat
728 992 760 1047 et
787 985 817 1047 in
839 1001 945 1066 gyrum
967 991 1056 1065 agat:
1080 983 1131 1048 nbi
1154 985 1248 1048 vincit
1274 986 1413 1050 animalis
1436 987 1566 1049 facultas
1589 992 1681 1048 natu-

332 1077 397 1140 rale
411 1077 538 1158 pondus,
560 1075 752 1156 vinceretque
773 1081 929 1154 perpetuo,
952 1074 1011 1136 nisi
1034 1093 1143 1154 corpus
1165 1074 1326 1138 vexilliferi
1340 1095 1408 1138 cum
1421 1076 1557 1139 omnibus
1579 1073 1680 1137 facul·

333 1166 447 1229 tatibus
470 1164 597 1227 mortale
620 1163 772 1226 conditum
794 1171 886 1225 esset.

421 1255 479 1317 His
502 1255 602 1336 itaque
625 1252 734 1333 positis
756 1251 898 1332 planetae
920 1271 1005 1315 mens
1030 1271 1068 1314 ex
1089 1253 1171 1316 lucta
1194 1251 1348 1318 facultatis
1369 1252 1522 1329 animalis,
1543 1252 1583 1314 ad
1603 1250 1682 1314 reti-

334 1345 464 1408 nendum
487 1361 573 1406 axem
595 1341 797 1422 magnetic'nm
820 1349 1020 1422 comparatae,
1044 1361 1110 1404 cum
1133 1341 1302 1422 magnetica
1323 1343 1431 1406 virtute
1455 1341 1629 1406 directionis
1652 1341 1683 1403 in

335 1435 449 1510 Solem,
472 1432 641 1513 intelligere
655 1439 687 1493 ct
703 1430 858 1513 percipere
872 1430 985 1512 poterit
1002 1430 1207 1495 fortitudinem
1220 1432 1405 1512 angulorum.
1443 1431 1486 1494 Ει
1506 1431 1555 1495 bic
1577 1431 1683 1494 modus

334 1522 503 1587 confirmari
526 1521 645 1584 videtur
667 1519 760 1583 etiarn
781 1537 835 1602 per
858 1520 1025 1602 exemplum
1044 1521 1160 1597 Lunae,
1183 1539 1272 1602 quam
1294 1530 1408 1584 certum
1430 1529 1479 1584 est
1507 1521 1538 1583 in
1566 1520 1685 1582 hame-

299 1627 302 1634 '
334 1612 407 1677 trali
429 1611 509 1675 linea
531 1610 616 1675 Solis
645 1616 677 1672 et
699 1611 811 1674 Terrae
840 1610 946 1672 fortius
976 1608 1112 1687 incitari,
1145 1610 1183 1672 ob
1205 1610 1282 1674 hanc
1309 1611 1408 1692 ipsam
1434 1611 1561 1675 forsitan
1584 1627 1684 1690 angu-

336 1704 433 1766 lorum
456 1700 668 1765 fortitudinem.

423 1791 557 1854 Tandem
581 1790 672 1870 igitur
695 1807 812 1852 summa
837 1787 912 1850 baec
941 1786 1018 1850 erit:
1048 1788 1173 1870 planeta
1202 1787 1384 1851 constitutus
1407 1787 1437 1850 in
1461 1787 1580 1868 apbelio
1611 1785 1687 1850 nihil

337 1883 376 1944 ad
400 1879 503 1944 Solem
525 1880 644 1954 nititur,
678 1879 732 1941 sed
754 1877 928 1960 provehitur
953 1895 1008 1958 pro
1035 1877 1152 1940 ratione
1184 1876 1346 1940 dhtautiae
1368 1877 1427 1941 AO
1450 1884 1517 1952 (rig.
1539 1880 1622 1953 ιιι);
1646 1875 1686 1938 ad

334 1971 412 2034 banc
442 1969 659 2050 promotionem
691 1967 825 2048 sequitur
855 1965 981 2047 angulus
1008 1965 1116 2042 KDA;
1150 1967 1190 2028 ad
1212 1964 1313 2047 anguli
1342 1966 1430 2046 bqjus
1461 1965 1686 2048 proportionem

336 2058 519 2123 fortitudinis
543 2057 608 2138 ipse
623 2057 749 2138 planeta
763 2056 846 2120 Solis
869 2057 1044 2118 diametrum
1066 2063 1157 2136 auget
1178 2055 1347 2118 accedendo
1362 2055 1402 2118 ad
1415 2055 1537 2131 Solem,
1560 2071 1686 2118 accessu

335 2149 445 2214 minuit
466 2145 654 2222 distantiam,
677 2154 712 2209 ut
727 2145 860 2221 sitAD3
882 2145 998 2208 minuta
1017 2143 1165 2208 distamis
1187 2145 1314 2208 celerius
1340 2144 1529 2225 provehitur,
1558 2143 1688 2206 celerius

337 2237 428 2318 igitur
450 2244 582 2300 mutatur
604 2235 695 2299 ΚΒΑ
719 2236 854 2316 angulus,
879 2234 1008 2296 celerius
1030 2234 1123 2315 igitur
1143 2232 1265 2314 planeta
1287 2233 1414 2310 (ceteris
1431 2233 1570 2315 paribus)
1593 2241 1688 2313 anget

335 2327 418 2391 Solis
440 2327 627 2389 diamebum.
664 2325 714 2387 Ita
736 2323 864 2387 efficitur
885 2323 1025 2404 perennis
1048 2321 1211 2400 circulatio,
1235 2343 1294 2388 non
1316 2343 1371 2405 per
1392 2324 1563 2398 intervalla,
1585 2321 1688 2404 qualia

336 2402 390 2479 nos
413 2416 444 2478 in
466 2413 580 2478 nostris
611 2412 844 2493 cogitationibus
867 2419 899 2474 et
921 2412 1035 2475 calculo
1070 2413 1245 2491 statuimus,
1279 2413 1469 2478 insensibilia
1496 2420 1600 2477 errata
1626 2430 1687 2474 nou

336 2505 570 2579 considerantes,
596 2503 650 2565 sed
671 2503 761 2584 plane
785 2501 934 2564 continua.

424 2592 497 2657 Dixi
519 2593 595 2656 baec
617 2591 763 2654 hactenus
787 2609 853 2653 oum
868 2589 1049 2666 conditione,
1072 2590 1100 2652 si
1122 2591 1253 2665 libratio,
1276 2592 1390 2673 quade
1413 2599 1564 2658 testantur
1579 2592 1687 2654 obser·

338 2683 491 2760 vationes,
521 2688 651 2764 nequeat
671 2680 774 2763 perlici
796 2701 815 2742 a
841 2679 952 2742 virtute
975 2678 1078 2761 aliqua
1105 2681 1274 2762 magnetica
1300 2681 1489 2763 planetarum
1510 2680 1688 2764 corporibus

339 2773 441 2846 insita,
465 2780 497 2834 et
519 2771 546 2834 si
569 2769 688 2833 omnino
710 2787 835 2832 necesse
858 2769 959 2846 fuerit,
981 2787 1038 2831 nos
1062 2769 1101 2830 ad
1122 2777 1253 2833 mentem
1275 2771 1446 2852 confugere.
1493 2771 1637 2836 Ceterum
1661 2769 1689 2832 si

337 2879 512 2942 comparare
537 2860 631 2923 libeat
653 2859 737 2921 illam
759 2859 929 2922 naturalem
951 2865 982 2920 et
1004 2857 1082 2920 hanc
1104 2858 1265 2922 mentalem
1287 2861 1466 2924 medonem:
1489 2860 1545 2923 illa
1567 2859 1687 2962 quidem
1768 2889 1771 2898 ·

337 2971 391 3034 per
414 2971 447 3014 se
471 2957 544 3026 stat,
567 2949 642 3012 nihil
663 2947 820 3028 indigens3
853 2948 929 3010 baec
951 2967 1024 3010 vero
1046 2948 1197 3024 mentalis,
1223 2949 1486 3031 quomodocunque
1509 2950 1594 3012 illam
1617 2947 1687 3012 aui-

337 3041 410 3104 mali
434 3040 579 3104 facultate
601 3037 741 3102 movendi
756 3038 891 3119 corporis
914 3038 1057 3112 instruas,
1081 3037 1286 3102 testimonium
1308 3038 1353 3101 illi
1375 3039 1563 3121 magneticae
1580 3036 1687 3122 perbi-

204 3149 207 3158 ’
336 3131 408 3194 bere
441 3131 563 3212 eJ’usque
596 3127 732 3191 subsidia
763 3144 919 3190 accersere
948 3127 1076 3190 videtur.
1123 3127 1255 3190 Primum
1287 3127 1366 3190 enim
1397 3146 1481 3192 mens
1512 3128 1580 3210 ipsa
1610 3127 1688 3191 nihil

335 3219 469 3301 potest
460 3239 491 3281 ιι
515 3237 631 3299 corpus.
669 3219 801 3298 Oportet
822 3217 914 3297 igitur
936 3215 1029 3278 menti
1051 3216 1214 3296 adjungere
1236 3217 1412 3281 facultatem
1426 3218 1608 3322 exsequepdi
1632 3235 1689 3280 sua

336 3309 438 3374 munia
460 3308 491 3370 in
514 3325 638 3388 corpore
660 3307 802 3386 planetae
831 3305 979 3369 librando.
1023 3305 1167 3368 Facultas
1196 3305 1267 3406 ill·
1280 3315 1334 3370 aut
1362 3307 1502 3371 animalis
1525 3307 1599 3384 erit,
1632 3312 1687 3368 aut

337 3397 483 3461 naturalis
501 3403 534 3459 et
554 3395 734 3476 magnetica
773 3395 924 3459 Animalis
940 3413 1008 3457 esse
1030 3413 1091 3456 non
1113 3401 1230 3476 potest:
1255 3395 1453 3478 nequitenim
1470 3396 1601 3460 facultas
1616 3393 1687 3458 ani·

337 3487 426 3550 malis
448 3492 656 3588 transportare
679 3503 787 3566 corpus
811 3501 897 3547 sunm
915 3484 952 3545 de
975 3483 1074 3546 locc'
1066 3503 1096 3546 ιι
1119 3483 1216 3546 lucum
1239 3486 1289 3559 (nt
1310 3485 1470 3568 requiritur
1491 3485 1523 3548 in
1545 3486 1603 3548 hac
1625 3483 1687 3547 lib-

238 3619 241 3626 ·
338 3575 470 3648 ratione)
493 3575 558 3638 sine
586 3581 740 3655 potestate
767 3573 893 3636 alterins
916 3572 1051 3654 corporis
1080 3573 1333 3637 adminiculantia
1379 3575 1449 3638 nris
1477 3575 1569 3656 igitur
1598 3591 1687 3654 mag-

337 3665 439 3727 netica
459 3663 599 3738 facultas,
623 3663 681 3726 boc
697 3669 745 3725 est
766 3662 914 3725 naturalis
932 3680 1097 3725 consensus
1124 3663 1203 3725 inter
1226 3682 1352 3746 corpora
1373 3664 1514 3747 planetae
1537 3673 1569 3727 et
1591 3663 1686 3730 Solis.

337 3756 444 3837 Itaque
466 3759 551 3817 mens
574 3759 712 3815 naturam
735 3759 766 3814 et
787 3757 944 3832 magnetes
965 3751 997 3812 in
1020 3750 1187 3814 subsidium
1208 3761 1306 3816 vocat.

425 3843 543 3906 Deinde
566 3861 651 3904 meus
674 3842 749 3905 baec
772 3841 812 3904 ad
832 3839 985 3904 dimidium
1009 3839 1168 3904 decursum
1189 3844 1311 3924 regulae
1341 3861 1413 3906 suae
1442 3862 1495 3906 ssu
1518 3840 1688 3906 anomaliae

339 3940 535 4016 coaequatae,
558 3931 628 3994 dum
651 3930 803 3994 dimidium
826 3930 943 4013 perficit
965 3928 1064 4011 operis
1080 3930 1136 4005 sni,
1161 3933 1240 4011 quod
1264 3931 1404 3997 consistit
1425 3931 1456 3999 in
1479 3931 1616 4013 augenda
1637 3931 1689 3994 vel

338 4023 499 4087 minuenda
530 4021 678 4084 diametro
708 4019 809 4096 Solis,
842 4037 935 4100 supra
968 4019 1087 4102 quidem
1117 4041 1156 4100 γι
1180 4026 1245 4098 (ιιι.
1267 4027 1331 4092 ιιι)
1366 4020 1537 4085 librationis
1568 4027 1689 4103 partem

339 4113 472 4176 absolvit
492 4111 645 4191 muq'orem,
669 4109 748 4172 infra
769 4127 841 4172 vero
865 4105 904 4183 ιζ
924 4109 1078 4172 minorem.
1125 4109 1230 4191 Neque
1252 4131 1301 4191 γι,
1317 4106 1366 4183 ιζ
1383 4112 1568 4192 respondent
1588 4111 1689 4193 parti-

338 4204 394 4266 bus
422 4200 575 4284 temporis.
621 4199 701 4262 Nam
731 4200 799 4280 plus
830 4217 933 4264 morae
963 4197 1147 4260 consumitur
1178 4199 1209 4261 in
1236 4222 1283 4280 γι,
1316 4219 1404 4280 quam
1434 4201 1498 4281 ejus
1530 4218 1622 4281 supra
1649 4195 1694 4273 ιζ

339 4311 481 4374 excessus
498 4287 679 4371 requirebat.
720 4287 825 4370 Neque
847 4287 986 4351 continue
1006 4294 1153 4366 augentur
1168 4296 1275 4370 partes
1294 4308 1313 4350 a
1331 4285 1351 4362 ζ
1361 4307 1466 4352 ιιιιιι
1483 4313 1508 4370 y,
1533 4290 1589 4354 sed
1606 4289 1688 4371 apud

337 4406 363 4463 y,
376 4406 394 4445 ιι
406 4386 471 4458 (rig.
491 4382 554 4449 tlt)
569 4384 639 4440 sunt
652 4376 792 4451 minores,
810 4383 845 4439 nt
862 4384 894 4438 et
909 4377 988 4457 apud
1003 4399 1034 4452 μ,
1056 4372 1079 4449 ζ.
1117 4376 1162 4439 At
1174 4377 1285 4441 mentis
1306 4395 1399 4459 opera
1413 4380 1514 4442 solent
1527 4397 1595 4442 esse
1611 4398 1688 4442 con-

341 4469 464 4534 stantia.
509 4469 675 4548 Propterea
697 4465 783 4528 nobis
806 4465 864 4527 fuit
885 4485 974 4546 opus,
998 4465 1082 4527 illam
1104 4464 1252 4530 instruere
1283 4467 1427 4531 facultate
1450 4467 1573 4531 animali
1596 4475 1688 4550 atque

339 4557 524 4640 magnetica,
562 4563 594 4618 et
622 4573 752 4636 pugnarn
781 4553 934 4634 utriusque
966 4554 1165 4631 comminisci,
1203 4575 1262 4638 qua
1291 4575 1375 4618 mens
1407 4557 1619 4621 admoneretur
1651 4557 1689 4618 de

340 4647 440 4710 officio
468 4665 539 4719 suo,
570 4644 607 4706 de
636 4663 693 4724 quc
721 4661 776 4707 nec
808 4642 951 4723 temporis
979 4662 1034 4706 nec
1070 4645 1251 4726 spatiorum.
1268 4646 1471 4710 confectorum
1502 4647 1688 4730 aequalitate

340 4735 493 4798 moneri
507 4733 616 4814 potuit.
654 4733 761 4814 Itaque
776 4749 891 4795 rursum
911 4733 1006 4794 menti
1028 4731 1193 4798 subsidium
1207 4741 1349 4800 enatura
1370 4735 1538 4815 petivimus.
1572 4733 1690 4800 Contra

341 4821 398 4884 hae
421 4820 657 4885 modificationes
681 4837 783 4885 omnes
804 4819 907 4884 insunt
928 4839 961 4882 re
977 4838 1050 4883 vera
1064 4821 1165 4954 ιιιιιὶθ
1169 4823 1291 4888 virtutis
1313 4824 1501 4906 magneticae
1524 4831 1689 4891 manneae
