3582 5558
665 271 820 339 Argumenta
838 271 959 338 Capitum.
1424 271 1482 340 161

122 447 256 500 nmdiua
276 445 347 498 Solis
366 454 449 500 motus
467 463 524 500 cum
542 449 671 516 apparenti
689 451 849 514 permutetur,
868 449 916 500 hoc
934 450 1098 510 asteismus,
1124 451 1174 522 imo
1190 454 1270 518 potius
1289 453 1376 505 ulons
1388 455 1485 505 virtutis

125 520 306 588 maginsdom
327 526 508 586 ammonetur
524 521 551 572 iu
569 522 645 572 alium
662 519 751 574 locum.
1170 533 1173 544 ’

209 607 289 674 Gap.
315 609 364 660 iv.
403 607 432 671 1)
461 609 580 662 Absolute
605 609 743 661 eceentaeo
766 611 871 675 simffici
893 612 1012 662 uenatu
1035 611 1068 662 ad
1093 613 1259 664 ecoentrioum
1277 629 1333 664 oum
1351 621 1483 680 aequante,

125 685 169 735 hoa
185 688 227 732 eat
246 696 307 732 cum
327 681 516 732 eceeutrieitate
534 682 632 746 duplici,
653 697 726 746 quem
743 681 899 733 Ptolemaeus
917 684 1023 747 quinque
1042 682 1197 746 planetarum
1205 685 1378 750 inaequalitati
1391 688 1484 750 primae

127 756 312 820 adpareret.
352 749 382 810 2)
404 753 491 804 Potite
508 755 584 820 igitur
600 753 725 814 soliditate
744 754 845 810 orbium,
865 753 1047 804 demonstratur
1065 755 1118 816 ejus
1136 755 1287 814 absurdum
1307 763 1402 822 uagata
1419 773 1484 816 vero,

127 825 283 878 emmunitu
302 831 330 876 et
347 824 508 888 probabilitas
525 824 635 888 physica
673 821 702 886 3)
722 823 866 876 Ostenditur
884 825 987 882 deinde,
1006 826 1125 890 quomodo
1146 825 1294 892 Copemicus
1311 829 1377 878 huno
1396 844 1485 880 eccen-

127 899 214 950 ninum
239 911 298 948 eum
318 901 444 962 sequuta
467 896 670 948 transmutaverit
693 897 720 946 iu
746 898 929 948 conoentrienm
948 912 1003 948 cum
1022 897 1116 948 duobus
1134 896 1258 962 eplcyclis.
1296 895 1325 962 4)
1347 899 1417 952 Haec
1437 899 1484 950 Co·

126 969 219 1036 pruiai
237 967 385 1033 hypothesis
403 968 489 1032 positis
507 968 604 1018 orbibus
622 967 707 1018 solidis
725 966 825 1031 physice
844 969 1001 1020 mediocriter
1017 968 1118 1026 habere,
1137 963 1300 1036 negatisveio
1311 971 1419 1022 absurda
1431 987 1484 1022 asse

128 1041 274 1092 medians.
314 1037 343 1099 b)
368 1037 418 1092 aaa
437 1046 462 1090 et
486 1038 544 1090 hoo·
562 1040 691 1102 probetur,
717 1039 822 1090 deiicere
844 1039 912 1090 illam
940 1054 956 1090 a
979 1041 1132 1106 geometrice
1152 1041 1333 1104 pulchritudine
1351 1044 1377 1092 in
1396 1045 1484 1093 itinera

128 1113 257 1179 phustas.
296 1108 324 1168 t)
346 1107 402 1162 Neo
419 1125 463 1175 per
480 1111 564 1160 omnia
582 1110 747 1176 aequipollere
765 1113 904 1162 eocentrion
922 1111 1086 1162 Ptolammoo:
1105 1125 1180 1176 pareo
1198 1114 1296 1178 quidem
1310 1113 1485 1164 disenminein

130 1186 209 1250 pirna
227 1181 420 1248 inaequalitate,
438 1180 526 1244 majori
545 1196 602 1234 seru
620 1183 645 1232 in
662 1181 782 1232 saeuuda
821 1180 848 1246 7)
862 1178 957 1234 Ibidem
976 1190 1002 1233 et
1020 1183 1197 1234 demonstratio
1206 1184 1315 1234 methodi
1325 1187 1485 1249 computandi

131 1254 308 1320 modicae
328 1254 501 1318 nquau‘omm
521 1268 552 1304 er
570 1260 675 1318 numne
693 1255 771 1304 torma
788 1253 961 1318 hypotheseos.
998 1251 1027 1316 8)
1046 1253 1136 1304 Modus
1154 1255 1302 1306 obliteraudi
1319 1255 1486 1306 dissentiam

127 1329 193 1378 'mter
210 1331 344 1390 mamque
360 1323 516 1388 hypothesin.
555 1321 583 1386 9)
602 1324 717 1390 Denique
735 1324 807 1388 holus
824 1325 1010 1391 Gopernioeuee
1027 1324 1191 1391 hypotheseos
1209 1327 1260 1378 alia
1277 1327 1358 1378 torma
1374 1342 1417 1392 per
1427 1343 1484 1378 oon-

272 1396 347 1448 ulum·
824 1445 827 1452 .

127 1398 293 1532 moiiesyp.
312 1468 345 1518 V.
381 1465 437 1518 Hoc
462 1469 538 1531 eapti
556 1467 588 1516 V.
607 1467 643 1518 sic
661 1482 688 1518 se
706 1465 782 1518 babet
800 1468 838 1518 ed'
851 1469 903 1527 lv,
931 1473 959 1517 ut
976 1467 1015 1518 Ill
1046 1469 1079 1519 ad
1096 1467 1130 1519 11.
1168 1467 1303 1535 Negotium
1322 1473 1387 1520 enim
1405 1471 1485 1536 magis

127 1542 220 1592 adnm
239 1541 338 1604 agiam:
365 1535 391 1600 1)
410 1537 442 1588 de
459 1539 497 1592 iis.
516 1552 580 1604 quae
599 1545 727 1590 mutantur
743 1541 769 1589 iu
787 1539 931 1604 hypothesi,
949 1541 971 1590 si
994 1541 1059 1590 visus
1077 1555 1125 1592 eeu
1140 1541 1195 1592 iona
1212 1543 1308 1594 sirtut's
1326 1544 1485 1606 usurpatione

128 1613 192 1665 Salis
217 1611 362 1686 appareffis
379 1617 461 1660 motus
478 1625 521 1674 pro
539 1610 620 1660 madio
639 1609 670 1660 de
687 1611 789 1674 pristino
807 1611 862 1662 loeo
880 1618 1056 1675 transponatur
1072 1613 1099 1662 in
1117 1612 1207 1664 sium:
1226 1614 1335 1678 idqnein
1347 1613 1425 1664 torma
1438 1611 1484 1663 tlo-

127 1685 283 1752 pmiams
297 1679 473 1746 hypotheseos,
492 1695 556 1745 quae
574 1695 630 1746 cap.
650 1681 695 1732 iv.
714 1682 761 1732 luit
778 1689 911 1746 postrema.
948 1680 977 1744 2)
997 1681 1069 1744 Quae
1087 1685 1147 1736 item
1165 1685 1191 1734 in
1207 1686 1288 1736 causis
1300 1691 1411 1736 motuum
1422 1685 1483 1750 phy·

129 1757 187 1808 eleis
207 1769 241 1806 es
259 1753 350 1804 eedem
367 1751 498 1816 hypothesi
516 1759 650 1804 mutentur.
689 1751 717 1815 3)
736 1753 906 1817 'l'rauspositio
928 1753 992 1804 haec
1011 1754 1150 1805 delineatur
1173 1764 1199 1806 et
1216 1757 1345 1806 instruitur
1363 1758 1388 1806 in
1406 1756 1486 1806 torma

128 1830 225 1894 primae
244 1823 429 1890 manualitatie
447 1823 610 1874 Ptolemaiou.
647 1821 894 1886 t)·Demonatratnr,
914 1825 1010 1878 duabus
1028 1825 1140 1876 admisus
1158 1825 1230 1878 lineis
1249 1827 1376 1891 apsidum,
1406 1827 1487 1878 altera

129 1901 251 1964 antiqua,
275 1896 356 1946 altera
373 1909 404 1946 ex
421 1896 612 1958 uaospositione
631 1903 686 1946 orta
704 1903 730 1948 at
747 1897 783 1946 aio
801 1902 900 1948 mutata
918 1897 997 1952 torma
1013 1897 1192 1961 hypotheseos,
1219 1905 1365 1963 sequuturae
1385 1898 1487 1950 duemm

131 1985 255 2040 generum
275 1967 349 2018 datas
368 1967 547 2031 apparitiones:
573 1974 692 2018 manente
712 1967 799 2018 eodem
817 1969 906 2019 itinera
923 1964 1041 2031 planitas
1060 1970 1086 2018 in
1105 1970 1180 2020 coelo.
1219 1967 1246 2029 b)
1267 1969 1409 2021 Constituto
1430 1985 1487 2020 sero

130 2057 183 2094 aas
201 2041 272 2091 linea
290 2037 404 2104 apsidum
423 2053 502 2102 eaque
517 2041 629 2104 traiecta
645 2053 690 2102 par
708 2041 836 2106 antiquum
854 2045 966 2092 centrum
979 2041 1121 2098 eooentrici,
1141 2042 1330 2099 demonstratur,
1349 2057 1430 2108 neque
1448 2057 1486 2092 se·
1596 2071 1598 2077 ·

128 2109 170 2182 qui
193 2112 351 2164 nasamonas
370 2111 535 2173 apparitiones
559 2111 684 2174 pristinas,
706 2111 766 2162 licet
782 2117 901 2176 nimenta
924 2112 1023 2180 itinere,
1053 2127 1133 2176 nequa
1159 2111 1234 2178 plane
1261 2113 1361 2163 retineri
1384 2112 1488 2164 iormam

130 2183 239 2238 taudem
258 2181 432 2246 hypotheseos.
470 2177 498 2242 a)
516 2180 631 2246 Denique
649 2197 715 2233 nora
740 2182 808 2233 linea
826 2183 939 2247 apsidum
957 2189 1101 2233 transeunte
1120 2199 1164 2248 per
1182 2190 1293 2236 centrum
1312 2186 1442 2246 aequantia
1461 2192 1487 2234 et

129 2265 232 2308 retenta
249 2253 330 2304 ionua
346 2251 520 2317 hypotheseos,
540 2253 721 2304 demonstretur
738 2255 865 2318 transponi
883 2255 931 2304 iter
948 2255 974 2304 ln
992 2255 1069 2305 coelo.
1096 2251 1124 2317 7)
1143 2255 1224 2306 Locus
1243 2255 1327 2308 circuli
1345 2261 1371 2304 et
1388 2257 1486 2320 quanti·

129 2337 170 2380 tas
189 2327 376 2378 mannitur
393 2325 551 2388 geometrice,
570 2325 694 2375 maximae
714 2324 868 2392 differentiae
887 2340 932 2378 seu
949 2326 1110 2376 aberrationis
1131 2327 1311 2391 apparitionum
1329 2327 1485 2391 apropositis

127 2416 172 2464 par
189 2399 258 2450 haue
278 2395 494 2460 transpositionem
513 2402 639 2446 causatus.
674 2393 702 2458 8)
721 2395 921 2456 Demonstratur,
941 2398 1025 2448 omnia
1042 2399 1091 2454 iata
1105 2397 1185 2448 locum
1201 2397 1308 2456 habere,
1327 2399 1348 2447 ei
1367 2404 1485 2449 manente

129 2475 182 2522 risu
206 2475 386 2532 transponatur
404 2465 502 2530 aequali
521 2467 601 2531 spatio
621 2473 732 2518 centrum
750 2470 881 2533 aequantia
898 2469 924 2516 in
942 2468 1043 2534 plagam
1062 2471 1207 2533 oppositam.
1246 2463 1275 2529 9)
1300 2467 1391 2520 Omnia
1418 2469 1486 2520 dieta

130 2545 161 2595 de
187 2541 332 2594 eeeentrieo
359 2552 415 2588 cum
434 2546 574 2602 aequante,
604 2540 644 2602 qni
661 2538 805 2590 Ptolemaeo'
823 2540 932 2604 placuit,
961 2540 1116 2604 applicantur
1141 2541 1297 2592 conuentrioo
1317 2555 1372 2590 cnm
1391 2540 1484 2592 duobus

127 2613 245 2680 epieynlis
265 2607 556 2676 &pernice-Bruteano,
576 2611 664 2676 qnippe
681 2626 726 2676 per
745 2617 820 2674 caput
838 2609 880 2662 1v.
901 2611 1083 2677 aequipollenti.

218 2699 266 2752 (is
273 2716 299 2763 p.
318 2697 364 2748 VI.
409 2697 459 2748 Hie
481 2699 535 2760 jam
561 2711 615 2762 cep-
635 2697 667 2746 V.
692 2699 876 2758 demonstrata,
901 2701 1033 2764 praecipue
1051 2716 1154 2752 numero
1173 2696 1198 2750 t.
1218 2697 1242 2751 7.
1263 2699 1287 2752 8.
1307 2700 1486 2768 quodammodo

127 2775 294 2826 metuantur
311 2772 337 2822 iu
355 2784 434 2820 usum.
464 2769 498 2820 Et
512 2768 634 2820 hacteuus
647 2771 746 2835 quidam
763 2771 794 2822 de
806 2771 838 2820 iis
849 2767 1025 2835 hypothesibus
1037 2773 1167 2838 agebatur,
1182 2787 1247 2837 quae
1265 2775 1358 2836 primae
1377 2772 1488 2822 serviunt

129 2843 319 2910 maaqnalitatt',
325 2843 436 2892 elisamae
445 2840 512 2905 apud
522 2840 638 2892 arvenos.
657 2841 672 2892 J
675 2856 715 2892 am
725 2857 795 2906 porro
805 2842 975 2908 adiunguntur
990 2850 1016 2893 et
1027 2843 1094 2902 illae,
1105 2858 1169 2908 quae
1182 2845 1308 2894 secundae
1317 2843 1489 2908 inaequalitati

128 2925 187 2968 snat
205 2915 326 2969 tributae.
346 2927 459 2978 quaeque
477 2917 506 2962 ut
524 2913 644 2976 capitales
662 2911 734 2978 (pree
751 2914 790 2972 iis,
810 2914 841 2965 de
859 2915 946 2980 quibus
964 2911 1097 2976 hacteuus)
1125 2929 1142 2965 a
1165 2917 1215 2964 anis
1241 2914 1381 2966 auctoribus
1403 2914 1487 2966 Ptole·
1543 2941 1547 2952 ·

128 3001 210 3045 maen.
230 2985 387 3050 (loperuloo,
416 2983 534 3046 Tyehone
551 2983 635 3036 Brshe
654 2985 852 3036 denominantur.
889 2984 988 3036 Uritate
1012 2987 1100 3050 quippe
1120 2986 1316 3050 Goperniouuam
1341 2985 1488 3049 hypothesin

128 3061 289 3110 manas
314 3055 521 3122 subintelligimus
545 3056 671 3108 secundae
693 3057 887 3122 inaequalitatis.
915 3054 958 3118 ,1)
981 3055 1035 3108 Has
1059 3059 1134 3122 igitur
1156 3058 1225 3106 initio
1251 3071 1374 3120 eomparo.
1412 3056 1439 3120 2)
1458 3057 1488 3108 ln

128 3132 306 3195 Cqumcsn
324 3127 436 3184 ostendo,
456 3127 576 3191 quomodo
594 3129 688 3192 primae
705 3128 892 3194 inaequalitatis
909 3127 1050 3192 hypothesis
1069 3130 1143 3180 luerit
1161 3129 1284 3196 acoenita
1301 3143 1318 3178 a
1336 3127 1400 3178 Solis
1417 3127 1499 3180 motu'

127 3203 219 3260 mdia
239 3201 410 3266 quomodoque
428 3206 564 3263 consurgat
582 3199 754 3250 ecoentricitaa
774 3213 804 3248 ex
821 3205 912 3264 pnneto
931 3199 994 3250 Solis
1012 3200 1112 3250 sicano.
1150 3195 1179 3261 3)
1198 3198 1301 3261 Physica
1320 3206 1487 3263 argumentor,

129 3275 154 3324 id
180 3289 234 3324 nou
257 3279 327 3324 recta
351 3269 419 3332 reri,
449 3269 494 3320 sed
520 3269 609 3320 debere
637 3273 849 3322 eonentrieitatam
877 3271 1012 3334 computari
1041 3272 1073 3322 ab
1100 3271 1153 3335 ipro
1176 3275 1261 3322 nentm
1289 3271 1395 3334 nemoris
1414 3267 1486 3320 Solis.

129 3343 157 3407 4)
180 3344 210 3395 Si
234 3342 442 3406 imaequditatem
464 3340 599 3396 secundam
625 3341 723 3393 sSolis
748 3349 883 3406 apparente
908 3351 983 3392 motu.
1000 3356 1146 3392 censeamus
1169 3341 1237 3400 lieri,
1261 3342 1326 3406 quod
1343 3340 1384 3390 hic
1402 3342 1488 3392 solunt

128 3418 240 3468 nucum
271 3414 397 3479 physicae.
435 3407 464 3472 3)
489 3410 680 3463 Demonstretnr
703 3413 751 3464 hoc
775 3419 858 3477 pacto,
884 3429 970 3477 parum
988 3415 1078 3464 variari
1096 3413 1153 3464 loca
1170 3413 1329 3478 longitudinis
1355 3413 1381 3462 in
1408 3415 1488 3478 prima

128 3487 323 3554 inaequalitate,
341 3485 447 3536 multum
464 3497 521 3538 sato
539 3481 636 3550 diii'erra
655 3484 912 3548 dutantise.uorporis
929 3485 1047 3548 planetae
1066 3499 1083 3536 a
1102 3499 1202 3549 corpore
1223 3483 1294 3536 Solis.
1332 3479 1360 3546 li)
1381 3486 1485 3536 Geome-

127 3560 190 3610 πίω
208 3559 395 3610 &nommetur
412 3555 481 3604 loeus
498 3554 525 3604 in
544 3555 601 3606 orbe
620 3570 711 3622 magno
730 3555 841 3613 Telluris,
861 3558 886 3606 in
905 3571 952 3620 qno
970 3557 1032 3608 sisui
1046 3559 1179 3608 constituto
1194 3557 1304 3608 maxima
1314 3555 1487 3608 distantiarum

125 3631 271 3682 diffmeuus
296 3629 430 3677 marimum
454 3627 530 3676 etiem
548 3641 654 3678 errorem
673 3629 783 3690 objiciat.
822 3621 849 3688 7)
870 3627 1005 3688 Quantitas
1024 3631 1111 3678 amoris
1131 3628 1293 3679 arithmeticis
1302 3629 1484 3691 operationibus

125 3703 255 3768 adilgisus
273 3713 402 3750 monuere
420 3711 492 3761 possa
510 3697 543 3747 ed
563 3693 592 3746 1ο
604 3696 648 3746 20‘
661 3714 684 3750 c.
716 3697 745 3762 8)
763 3698 793 3748 In
805 3697 960 3750 Ptolemaiou
977 3700 1106 3764 hypothesi
1124 3701 1236 3762 ostendo,
1254 3699 1373 3765 quomodo
1392 3702 1486 3764 primae

125 3771 319 3840 ¹maeqrsalitatis
335 3769 479 3834 hypothesis
497 3768 571 3820 inerit
589 3771 713 3821 aaronita
732 3785 748 3820 a
766 3769 830 3822 Solis
848 3777 917 3822 motu
934 3771 1023 3821 medio.
1062 3768 1090 3834 9)
1110 3771 1264 3823 Generaliter
1282 3786 1312 3820 er
1329 3769 1487 3834 physicaseu

124 3844 305 3910 metaphysica
322 3838 530 3904 contemplatione
547 3841 627 3892 multa
644 3842 802 3905 disputantur
819 3848 871 3892 mm
889 3850 977 3894 contra
994 3843 1101 3896 madium
1114 3843 1177 3894 Solis
1195 3849 1296 3902 motum,
1310 3856 1384 3907 qnam
1400 3849 1488 3894 contra

123 3917 208 3982 ipsam
229 3915 300 3965 hanc
322 3912 478 3977 hypothesin.
519 3908 564 3973 10)
588 3913 619 3963 In
646 3914 728 3978 specie
746 3927 805 3962 vero
822 3915 969 3978 objiciuntur
986 3913 1095 3965 indidem
1114 3916 1198 3979 aliqua
1216 3913 1280 3965 Solis
1304 3915 1381 3963 motui
1404 3915 1485 3964 medio
1528 3965 1533 3980 ,

123 3987 295 4052 peculiariter.
333 3980 379 4045 11)
398 3983 426 4034 Si
453 3983 658 4048 inaequalitatem
679 3984 814 4036 secundam
838 3985 935 4036 aSolis
956 3993 1090 4051 apparente
1108 3994 1176 4036 motu
1195 3999 1349 4042 censeamus,
1369 3986 1484 4036 satisfieri

123 4057 309 4124 obiecnonibus
326 4055 443 4121 physicis.
480 4051 526 4115 12)
546 4053 622 4114 Situs,
641 4057 767 4120 quantitas
786 4064 812 4106 et
829 4055 908 4108 iorma
926 4070 1004 4108 norae
1022 4058 1185 4122 hypotheseos
1205 4057 1386 4106 demonstratur
1404 4063 1484 4106 uana·

124 4134 251 4196 mannua
268 4129 356 4196 puncti
374 4127 519 4193 sequetorii.
557 4123 603 4188 13)
621 4127 798 4191 Discrepantia
817 4131 997 4192 apparitionum
1015 4131 1108 4194 primae
1127 4127 1311 4192 inaequalitatis
1329 4125 1445 4192 locumque
1458 4129 1484 4176 in

125 4201 256 4267 epieyelo,
285 4201 312 4250 in
338 4213 385 4264 quo
405 4199 528 4264 contingit
545 4200 666 4250 maximus
684 4215 750 4250 arros
769 4201 950 4265 apparitionum
968 4195 1093 4252 secundae
1111 4199 1303 4264 inaequalitatis,
1323 4203 1349 4248 et
1357 4199 1485 4262 quantitas

126 4274 201 4338 huius
228 4271 316 4336 amris
340 4269 498 4334 applicantur
521 4285 551 4319 ex
576 4271 746 4335 superioribus.
794 4267 839 4334 14)
863 4270 894 4321 In
916 4272 1051 4323 Braheana
1075 4271 1205 4336 hypothesi
1226 4269 1343 4325 ostendo,
1364 4269 1484 4334 quomodo

128 4347 222 4408 ps'mrse
241 4342 430 4409 inaequalitatis
448 4339 590 4405 hypothesis
608 4343 681 4393 inerit
699 4343 823 4393 mcessita
841 4357 858 4393 a
876 4341 939 4394 Solia
956 4349 1026 4393 motu
1042 4343 1136 4399 medio,
1167 4342 1270 4406 ideoque
1296 4347 1406 4391 nentrum
1425 4355 1483 4389 con-

129 4417 229 4470 csntrici
256 4415 345 4466 Martii
375 4411 478 4463 affixum
503 4413 554 4462 orbi
581 4411 662 4474 Solia,
692 4429 742 4464 non
772 4415 798 4463 in
826 4407 911 4464 centro
936 4415 1041 4479 corporis
1061 4413 1132 4471 Solis,
1154 4412 1198 4462 sed
1214 4415 1295 4475 Juxta.
1327 4409 1371 4472 15)
1392 4410 1485 4461 Contra

129 4487 285 4540 mam
304 4483 457 4551 hypothesin
474 4497 556 4547 pauca
573 4485 599 4532 in
617 4499 715 4552 genere,
737 4491 824 4535 eontra
840 4486 906 4536 hauc
924 4500 981 4548 yero
1000 4486 1125 4536 nitrionis.
1138 4486 1241 4534 formem
1258 4482 1398 4546 specialiter
1410 4483 1481 4547 plura

133 4561 270 4624 euphysiea
288 4560 401 4623 disputo,
421 4555 572 4606 muteudens
591 4556 740 4611 allisionem,
757 4561 786 4605 ut
804 4556 836 4606 ad
856 4563 956 4622 captum
974 4558 1067 4624 loquar,
1085 4558 1110 4607 in
1128 4557 1181 4620 ipso
1200 4561 1283 4605 centro
1303 4551 1483 4618 corporisSolis

133 4629 180 4682 teri
199 4634 297 4686 rebare.
340 4623 389 4689 13)
411 4623 497 4698 βίω,
522 4628 648 4690 quantitas
674 4635 700 4679 et
722 4628 802 4678 lorme
827 4643 906 4680 norae
923 4629 1087 4694 hypotheseos
1104 4641 1148 4691 per
1164 4627 1379 4690 transpositionem
1396 4628 1484 4689 puncti

129 4703 240 4759 smair
265 4703 427 4758 demumr,
447 4704 474 4746 et
496 4697 650 4760 applicantur
676 4715 706 4751 er
733 4700 895 4763 superioribus
918 4701 974 4751 lona
995 4708 1048 4750 tam
1072 4699 1205 4750 acantici
1223 4711 1298 4762 qnam
1316 4697 1380 4748 orbis
1397 4699 1484 4762 magni

124 4782 283 4834 m
312 4771 378 4838 (san
398 4771 582 4819 coucentrirum
599 4785 655 4822 enm
673 4767 800 4836 epicyolis)
818 4773 955 4838 gestantis,
982 4771 1112 4836 inquibus
1130 4783 1196 4820 error
1213 4770 1336 4834 contingit
1353 4770 1482 4822 muimne.

198 4857 286 4920 Λψ
304 4847 443 4899 manuus
459 4840 589 4905 porrigitur
605 4856 663 4908 para
679 4844 767 4910 punse.

183 4928 441 4998 wopam·
1239 4929 1269 4980 11
