3604 5534
306 269 370 340 206
778 273 818 328 De
835 273 943 326 Motibus
961 271 1055 326 Stellas
1071 273 1160 326 Maras

306 453 431 517 motrice
463 453 501 516 ad
535 473 600 516 eam
628 451 791 534 respiciens
815 472 940 533 seseque
964 452 1085 532 (utqui
1109 453 1179 514 orbe
1203 454 1321 528 careat)
1345 451 1545 534 inaequaliter
1565 450 1646 513 inci-

305 552 373 606 tans
396 562 450 624 pro
474 562 598 610 accessu
622 563 674 606 sno
697 543 745 604 vel
769 562 888 604 recessu
911 565 930 604 a
953 543 1047 604 Terra
1070 542 1144 615 (nisi
1166 542 1290 604 Terram
1304 541 1375 605 Sole
1392 541 1644 624 praestantiorem

302 634 402 696 facere
430 639 461 694 et
483 633 550 695 huic
573 633 633 694 vim
656 631 735 695 Solis
764 632 916 694 matricem
948 631 1162 694 transscribere
1186 631 1294 706 velis),
1322 632 1400 694 idem
1421 651 1493 693 vero
1517 628 1573 692 Sol
1597 631 1647 704 (ut

304 722 334 783 in
359 721 539 802 Capernico)
564 720 623 784 vim
646 721 799 783 matricem
823 723 934 784 emittit
957 722 996 782 ad
1019 740 1122 782 ornnes
1144 721 1293 802 planetas,
1318 739 1371 782 eos
1395 721 1474 806 epea
1497 739 1565 781 sese
1590 739 1644 781 ro-

303 819 373 872 tans
398 830 432 872 eo
455 812 549 892 gradu
573 810 746 884 celeritatis,
772 830 829 892 quo
853 819 923 872 sunt
944 809 989 872 illi
1013 811 1109 891 gradu
1130 811 1362 891 propinquitatis
1378 811 1416 872 ad
1430 809 1532 873 Solem
1539 828 1550 884 ;
1573 809 1645 890 pla-

304 907 393 961 netae
417 900 536 962 iuterim
560 901 693 962 nituntur
711 919 782 961 suos
806 900 845 960 ad
861 899 962 962 Solem
988 905 1127 962 accessus
1156 907 1187 960 et
1202 919 1337 962 recessus
1355 901 1385 961 in
1399 919 1492 980 parvo
1508 898 1644 980 epicyclo

302 989 446 1052 conficere
469 989 614 1070 simulque
639 987 741 1051 Solem
765 991 952 1071 (quacunque
976 989 1002 1050 is
1026 989 1106 1051 circa
1121 989 1244 1052 Terram
1259 989 1410 1063 concedit)
1425 989 1532 1051 iisdem
1545 987 1644 1049 vesti-

301 1078 358 1158 giis
382 1079 499 1160 insequi
522 1087 608 1140 extra
631 1079 772 1152 ordinem,
796 1088 884 1160 atque
903 1079 949 1140 ita
969 1079 1093 1160 quilibet
1113 1073 1237 1158 planeta
1257 1079 1400 1152 (maxime
1416 1077 1484 1152 Sol)
1500 1077 1540 1139 ad
1556 1076 1644 1158 plura

302 1167 389 1230 simul
413 1169 553 1248 respicit,
586 1167 701 1248 ipsique
724 1169 913 1248 planetarum
937 1169 1082 1252 trajectus
1104 1187 1159 1247 per
1181 1188 1284 1230 auram
1307 1167 1478 1230 aetheream
1500 1185 1571 1228 vere
1594 1166 1644 1239 (ut

301 1257 380 1338 apud
402 1259 620 1330 Ptolemaeum)
644 1257 771 1338 epirales
795 1257 970 1330 efficiuntur,
995 1257 1124 1338 qualiter
1146 1257 1246 1338 capite
1267 1257 1293 1322 1.
1318 1257 1429 1336 depicti
1443 1263 1531 1318 sunt:
1556 1255 1641 1328 haec,

299 1346 428 1426 iuquam,
453 1367 490 1408 an
513 1346 574 1408 sint
597 1355 799 1409 consentanea
821 1365 875 1430 per
898 1347 1086 1408 occasionem
1109 1347 1179 1408 alibi
1204 1347 1416 1427 expendemus.
1457 1345 1527 1408 Jam
1543 1364 1642 1425 pona-

299 1444 348 1497 tur
371 1455 443 1498 vera
465 1435 540 1497 haec
563 1435 659 1498 iorma
682 1437 882 1518 hypotheseos
905 1436 933 1496 in
958 1435 1155 1515 generalibus.
1203 1433 1373 1511 Quaeritur,
1399 1444 1595 1516 utmmporro
1610 1433 1640 1494 iu

300 1524 400 1606 specie
424 1524 464 1586 sit
487 1533 730 1600 consentaneum,
749 1526 890 1604 planetas
913 1525 1027 1606 insequi
1052 1525 1148 1604 ipsum
1172 1523 1253 1586 Solis
1276 1543 1382 1604 corpus
1407 1523 1440 1596 S,
1461 1522 1499 1600 G,
1520 1542 1641 1585 anvero

300 1621 442 1692 punctum
465 1610 504 1688 V,
528 1614 568 1686 P,
592 1633 714 1695 corpore
738 1633 878 1691 vacuum,
911 1621 1038 1694 quatuor
1060 1613 1290 1677 semidiametris
1313 1613 1394 1676 Solis
1418 1614 1491 1686 (non
1513 1612 1597 1694 plus)
1623 1631 1642 1674 a

300 1711 404 1764 centro
427 1699 510 1764 Solis
534 1703 664 1779 distans,
695 1705 773 1786 quod
799 1704 863 1783 jam
887 1722 977 1784 supra
1000 1701 1103 1766 Solem
1122 1703 1163 1764 sit
1180 1705 1244 1784 jam
1267 1703 1360 1777 inira,
1395 1703 1460 1782 jam
1483 1710 1554 1763 ante
1573 1702 1641 1782 jam

194 1867 196 1872 Ι
296 1809 394 1870 poue:
409 1799 440 1853 et
455 1792 581 1872 amplius
594 1800 692 1856 utrum
703 1793 799 1874 magis
810 1801 1051 1862 consentaneum,
1067 1793 1135 1866 vim,
1152 1811 1227 1872 qnae
1241 1793 1380 1874 planetas
1392 1793 1422 1853 in
1438 1789 1540 1853 orbem
1560 1791 1643 1852 circa

301 1879 404 1942 Solem
428 1881 612 1962 circumagit,
636 1882 666 1944 in
688 1883 753 1962 ipso
778 1901 900 1962 corpore
924 1881 1005 1944 Solis
1025 1868 1057 1956 S,
1079 1879 1118 1957 G,
1142 1901 1179 1942 an
1202 1882 1230 1942 in
1246 1882 1300 1944 tali
1315 1880 1413 1962 aliquo
1431 1887 1541 1962 puncto
1560 1879 1643 1952 V,P

202 1995 210 2010 ·
299 1987 422 2049 corpore
445 1988 541 2032 vacuo
564 1971 690 2034 nidulari
698 1993 708 2048 ;
732 1971 881 2035 breviter:
906 1973 932 2033 si
957 1972 1023 2032 anis
1047 1971 1222 2053 systematis
1244 1970 1405 2051 planetarii
1425 1971 1474 2042 (ut
1489 1968 1641 2030 notionem

297 2057 380 2120 vocis
404 2078 505 2121 crasse
528 2081 548 2120 a
562 2061 696 2142 plaustro
720 2061 891 2135 deducam),
915 2079 972 2141 quo
996 2081 1049 2124 ceu
1071 2060 1156 2123 clavo
1175 2061 1262 2122 orbes
1277 2061 1465 2140 planetamm
1479 2058 1543 2120 orbi
1558 2056 1641 2120 Solis

299 2147 410 2210 annexi
434 2157 513 2224 sunt,
538 2150 563 2211 si
586 2149 643 2224 hic,
668 2149 798 2231 inquam,
823 2150 1026 2228 estproximo
1050 2147 1161 2222 Solem,
1185 2170 1238 2212 cur
1260 2169 1317 2210 non
1342 2149 1371 2210 in
1394 2149 1459 2228 ipso
1482 2147 1575 2210 Sole?
1606 2145 1642 2210 Si

301 2235 369 2299 anis
393 2236 443 2300 hic
467 2258 520 2299 seu
542 2247 684 2320 punctum
708 2239 857 2301 affixiouis
881 2239 1017 2322 circumit
1039 2239 1162 2301 Terram
1182 2246 1214 2300 ct
1229 2236 1473 2320 proximeSolem
1488 2245 1520 2299 et
1533 2237 1642 2299 eodem

299 2325 390 2404 plane
413 2335 558 2408 tempore,
582 2347 633 2389 cur
655 2329 805 2409 propriam
830 2329 910 2390 viam
933 2328 1099 2391 describit?
1123 2347 1175 2390 cur
1198 2329 1366 2408 uon-plane
1390 2327 1469 2388 idem
1485 2346 1551 2390 cum
1566 2323 1642 2388 Sole

298 2416 361 2477 iter
397 2416 566 2478 observat?
632 2415 761 2478 Omnino
799 2417 901 2498 itaque
943 2418 1100 2492 concludo,
1148 2417 1294 2497 siquidem
1332 2436 1405 2478 vera
1441 2415 1483 2478 sit
1517 2415 1642 2477 univer-

299 2504 406 2566 saliter
430 2504 579 2587 Tychonis
602 2505 701 2568 Brahe
726 2508 878 2568 sententia
901 2508 937 2569 de
962 2515 1126 2590 systemate
1150 2507 1308 2580 mundano,
1335 2507 1378 2568 sic
1402 2525 1469 2568 esse
1487 2504 1643 2586 accipien-

255 2601 258 2610 '
298 2594 376 2668 dam,
402 2600 436 2654 ut
458 2603 593 2656 centrum
616 2596 792 2676 systematis
814 2597 1002 2676 planetarum
1026 2613 1084 2658 non
1108 2597 1137 2657 in
1161 2596 1201 2668 V,
1224 2597 1258 2671 P,
1284 2596 1336 2657 sed
1358 2595 1387 2656 in
1402 2593 1436 2670 S,
1454 2591 1484 2656 G
1501 2595 1531 2656 in
1546 2593 1641 2675 ipsis-

297 2682 373 2743 simo
397 2679 479 2744 Solis
507 2684 614 2746 itinere
646 2691 798 2762 versetur,
829 2686 954 2766 denique
978 2687 1007 2747 in
1030 2687 1098 2766 ipso
1121 2683 1193 2747 Sole
1216 2685 1304 2760 insit,
1339 2693 1427 2765 atque
1452 2684 1490 2745 ad
1513 2684 1643 2764 primam

298 2791 351 2834 seu
374 2773 506 2834 ecceutri
529 2773 775 2855 inaequalitatem
800 2795 819 2836 a
842 2777 973 2836 secunda
995 2775 1180 2836 liberandam
1211 2774 1252 2836 sit
1273 2775 1415 2836 utendum
1439 2773 1641 2854 oppositioni-

298 2861 353 2923 bus
376 2861 518 2940 planetae
542 2882 605 2923 cum
630 2865 786 2944 apparenti
804 2866 870 2926 loco
888 2863 977 2939 Solis,
1002 2884 1059 2926 non
1075 2861 1140 2925 cum
1151 2865 1260 2926 medio.
1299 2861 1396 2934 Quam
1413 2863 1560 2925 rationem
1575 2862 1644 2944 ipse

298 2950 436 3012 Brabeus
459 2953 619 3030 postremis
642 2954 826 3032 temporibus
850 2973 907 3014 non
925 2953 1072 3032 gravatim
1087 2961 1135 3014 est
1153 2953 1320 3032 amplexus.
1360 2952 1524 3013 Videamus
1538 2952 1643 3032 igitur,

295 3040 365 3118 quid
388 3039 416 3100 in
441 3043 607 3102 eccentrico
630 3043 812 3106 immutetur.
858 3045 1003 3108 Rursum
1025 3044 1124 3125 ipitaa·
1148 3043 1199 3123 (at
1218 3036 1328 3124 ptine)
1359 3061 1429 3104 eum
1453 3039 1510 3103 Sol
1537 3045 1645 3106 estin

295 3129 381 3192 linea
403 3127 467 3204 Βο,
490 3139 525 3194 ιιι
546 3133 581 3194 in
605 3129 643 3200 G,
672 3139 701 3194 et
727 3131 859 3214 planeta
882 3134 916 3194 in
938 3135 963 3196 F
986 3135 1147 3216 oppositus
1170 3141 1287 3214 puncto
1310 3129 1352 3206 P,
1386 3131 1445 3193 erit
1468 3129 1646 3211 Fplaneta

295 3217 367 3282 Soli
388 3219 453 3300 ipsi
476 3217 504 3280 G
528 3223 704 3302 oppositas:
726 3223 833 3304 itaque
856 3223 940 3285 idem
959 3221 1107 3305 planetae
1122 3221 1208 3284 lacae
1227 3221 1392 3304 apparebit
1410 3222 1466 3283 art
1480 3221 1564 3302 fiais
1582 3242 1647 3303 per

294 3307 412 3372 lineam
435 3305 500 3383 Gr,
523 3313 587 3372 sice
610 3331 648 3373 ea
670 3313 712 3374 sit
735 3315 884 3374 continua
907 3333 976 3375 cum
999 3311 1085 3373 linea
1108 3309 1159 3372 CP
1180 3313 1245 3374 'siae
1269 3331 1338 3372 cum
1360 3309 1447 3372 linea
1471 3305 1538 3384 CG,
1563 3312 1647 3392 qaia

293 3405 427 3478 atraque
449 3418 513 3458 ιιιιιι
533 3401 641 3478 saetae
655 3408 727 3463 ιιιιιι
740 3401 834 3463 linea.
878 3402 1018 3482 Utraque
1040 3394 1138 3481 ipiiur
1159 3403 1282 3463 ratione
1301 3398 1432 3480 planeta
1446 3419 1516 3460 vere
1530 3407 1647 3462 ecatus

296 3494 342 3547 est
364 3485 589 3566 inaequalitate
610 3491 757 3552 secanda.
795 3493 839 3552 At
862 3512 932 3553 cnm
948 3489 1006 3552 Sol
1028 3491 1073 3552 ad
1094 3493 1147 3552 eui
1169 3490 1331 3552 eccndrici
1353 3488 1438 3551 latas
1460 3508 1515 3550 seu
1537 3485 1645 3570 leupi—

294 3575 422 3638 tndines
444 3576 565 3638 medios
587 3580 677 3653 venit,
701 3579 881 3660 differentia
898 3583 978 3642 eatis
998 3599 1117 3661 mappa
1140 3579 1311 3642 interuenit.
1349 3576 1447 3640 Iverit
1469 3577 1552 3642 enim
1574 3597 1598 3638 a
1613 3575 1647 3638 G

293 3666 329 3727 in
352 3661 374 3724 S
399 3670 429 3724 et
450 3666 626 3730 inueniatur
648 3666 734 3730 linea
756 3670 856 3731 medii
877 3676 979 3730 motus
994 3669 1081 3732 Solis
1097 3666 1154 3730 CV
1169 3671 1205 3732 in
1225 3668 1334 3731 Ariete
1357 3675 1385 3730 et
1407 3663 1491 3728 Haeo
1512 3667 1648 3730 etnam

293 3750 444 3834 planetae
460 3751 514 3816 CO
538 3757 574 3818 in
586 3757 691 3819 Libra
707 3760 854 3840 praecise
876 3757 928 3820 illi
950 3761 1103 3840 opposita,
1125 3764 1161 3820 ιιι
1183 3760 1224 3821 eit
1241 3753 1327 3818 VCO
1350 3778 1415 3818 ana
1437 3755 1532 3818 linea.
1563 3755 1648 3818 Cum

293 3843 393 3924 iqitur
417 3839 466 3904 OS
489 3849 684 3926 separaverit
708 3845 779 3918 CV,
803 3867 961 3929 apparens
988 3849 1087 3928 ipitnr
1114 3845 1201 3910 locus
1225 3845 1311 3908 Solia
1333 3853 1378 3907 eet
1404 3843 1492 3908 alma
1514 3846 1646 3928 opposi-

292 3933 409 3994 tionem
432 3953 503 3996 cnm
519 3931 660 4016 planeta.
703 3935 840 4016 Cumque
857 3958 919 4018 per
942 3937 1023 4000 hanc
1040 3957 1143 3999 ιιιιιιιιι
1165 3936 1366 3998 mutationem
1389 3942 1528 3997 centmm
1541 3944 1645 4017 syste-

293 4024 391 4084 enatis
407 4019 587 4102 planetarii
609 4025 651 4088 ea
672 4045 734 4086 nore
756 4027 791 4086 in
806 4025 836 4084 V
859 4027 916 4088 sed
938 4027 972 4087 in
989 4025 1020 4100 S,
1039 4025 1172 4106 planeta
1193 4027 1229 4088 in
1244 4022 1299 4086 00
1322 4033 1470 4106 spectata,
1494 4019 1647 4088 connexis

293 4111 392 4193 ipitar
414 4109 446 4186 S,
472 4109 499 4172 0
523 4113 633 4194 siqnis,
657 4115 718 4175 erit
742 4113 766 4176 0
792 4114 895 4178 Terra
918 4124 1009 4176 satra
1032 4115 1150 4177 lineam
1173 4112 1239 4188 SO,
1265 4134 1365 4196 quare
1391 4115 1471 4176 uieio
1490 4110 1645 4194 planetae

230 4216 233 4232 ·
288 4221 349 4282 per
372 4198 427 4262 00
451 4198 570 4264 lineam
598 4201 703 4264 adhew
734 4201 899 4283 implicata
928 4203 1150 4285 inaequalitati
1179 4203 1343 4266 secundae.
1389 4203 1499 4284 Neque
1531 4199 1585 4264 CO
1609 4205 1646 4268 in

289 4291 464 4370 posteriore
486 4297 623 4372 tempore
644 4299 744 4373 serpet
766 4295 801 4354 in
824 4295 1055 4375 consequentia,
1079 4302 1114 4356 ιιι
1137 4301 1313 4376 opponam·
1334 4293 1399 4374 ipsi
1423 4289 1484 4366 08,
1507 4291 1563 4354 sed
1587 4313 1645 4355 as-

278 4381 401 4444 ,aenaea
424 4400 531 4442 aerata
555 4378 621 4454 CF,
655 4381 730 4460 quia
758 4389 860 4444 motas
883 4381 971 4444 Solis
993 4390 1023 4446 et
1042 4405 1110 4446 una
1133 4385 1232 4446 cerari
1262 4383 1440 4464 systematis
1464 4379 1646 4476 mandacii

294 4472 492 4550 omniumque
515 4469 581 4553 epus
598 4472 743 4552 partium
767 4471 892 4552 (itaque
914 4480 943 4534 et
966 4473 1067 4554 ipsine
1089 4470 1116 4533 Ο
1137 4471 1285 4554 planetae
1308 4480 1336 4533 et
1357 4471 1384 4532 L
1408 4471 1508 4534 cadri
1534 4491 1644 4534 eccen-

294 4553 383 4636 ttn'ci)
409 4567 454 4621 est
476 4581 497 4621 a
519 4559 605 4622 linea
629 4557 683 4622 00
715 4562 870 4622 onaan
892 4581 1020 4626 mosam
1048 4570 1077 4622 et
1105 4561 1203 4626 multo
1235 4557 1384 4636 celerior,
1418 4579 1512 4640 quam
1540 4567 1646 4624 molus

293 4650 459 4710 eccentrici
479 4647 527 4710 uel
544 4647 693 4730 planetae
715 4652 750 4712 in
770 4646 797 4710 Ο
821 4650 908 4712 eirca
922 4651 957 4725 L,
982 4671 1002 4713 a
1021 4651 1182 4734 paon
1205 4669 1313 4712 ιιιιιιιι
1335 4651 1512 4733 inferiora:
1534 4651 1645 4732 itaque

295 4733 322 4797 0
345 4743 431 4800 motu
452 4757 514 4799 non
536 4740 699 4802 eccenbici
716 4741 849 4821 propria
873 4741 930 4802 sed
953 4748 1101 4803 extraneo
1124 4741 1299 4804 retrahitur
1327 4735 1471 4802 nonnihil
1493 4739 1528 4802 ia
1551 4729 1643 4803 anei

294 4823 445 4900 cedente,
468 4833 503 4889 ιιι
525 4827 651 4908 quidem
667 4851 729 4912 pep
750 4849 784 4892 se
802 4837 931 4904 constat,
952 4828 1101 4912 planetas
1123 4832 1159 4894 in
1177 4828 1370 4914 oppositione
1393 4847 1463 4892 cum
1478 4825 1555 4890 Sole
1576 4847 1645 4894 ease
