3674 5532
561 351 571 372 .
663 325 724 380 Pars
743 323 848 392 Qum.
885 327 967 394 caput
985 325 1072 380 xtlx.
1480 327 1546 400 359

278 501 408 570 Planeta
431 506 510 569 circa
533 505 656 596 apsidas
679 505 713 568 fit
736 505 850 570 tardior
868 507 968 588 insto,
992 506 1074 570 circa
1095 505 1211 570 medias
1234 507 1436 590 longitudines
1458 498 1545 574 velo-

193 593 254 656 cior
271 593 382 674 justa·
1579 665 1582 674 ,

254 683 387 758 'Dices,
421 675 562 764 proficere
595 703 650 746 nos
673 684 702 745 in
733 684 836 765 pejus,
871 705 937 748 cum
961 704 1027 766 cap.
1051 684 1197 748 XLVIII.
1231 685 1362 766 propius·
1384 685 1546 750 veritatem

192 773 361 838 venerimus
384 791 451 836 cum
475 775 589 838 ellectu.
638 773 732 854 Atqui
756 791 772 834 o
797 775 889 850 bone,
926 775 952 836 si
976 777 1012 838 de
1037 776 1146 836 ellectu
1170 776 1318 838 sollicitus
1341 795 1461 850 essem,
1488 775 1545 859 p02

192 873 288 926 teram
312 871 377 924 toto
399 863 457 924 hoc
481 863 584 926 labore
608 861 815 942 supersedere,
840 871 998 926 contentus
1021 864 1182 945 hypothesi
1205 865 1326 928 vicaria.
1373 864 1458 928 S'cito
1482 867 1544 930 ita-

192 971 258 1035 que,
282 954 360 1033 quod
384 953 414 1014 hi
437 970 553 1014 errores
575 951 626 1012 via
649 951 734 1014 nobis
759 952 850 1014 futuri
872 951 934 1014 sint
950 954 988 1014 ad
1007 953 1177 1016 veritatem.
1216 955 1338 1018 Interim
1357 956 1413 1016 hoc
1433 965 1548 1028 certum

192 1042 279 1122 nobis
301 1050 378 1116 esto,
402 1060 457 1104 nos
481 1043 604 1104 tandem
626 1041 786 1122 aliquando
810 1042 952 1124 physicas
976 1062 1093 1117 causas,
1118 1061 1196 1123 quae
1217 1043 1303 1115 nobis
1327 1051 1398 1107 sunt
1420 1045 1451 1106 in
1469 1065 1571 1126 sup-‚

191 1131 292 1213 posito
322 1149 390 1212 ceqv.
413 1131 520 1208 XLV,
555 1131 632 1192 citra
665 1149 795 1192 errorem
826 1150 942 1194 omnem
958 1131 1005 1194 ad
1029 1132 1161 1194 calculos
1186 1151 1321 1196 vocasse.
1368 1131 1467 1196 Simul
1488 1153 1544 1200 au·
1598 1173 1604 1189 ·

193 1231 256 1284 tem
287 1222 478 1284 confirmatur
506 1227 539 1282 et
566 1220 701 1298 superior
732 1239 798 1299 cap.
822 1219 955 1282 XLVII.
991 1221 1141 1296 calculus,
1176 1221 1223 1285 cui
1252 1223 1312 1285 iste
1345 1217 1548 1306 aequipollet:

119 1350 125 1364 ·
192 1317 366 1392 certumque
399 1319 464 1384 est,
495 1329 572 1390 quae
602 1310 665 1372 illic
701 1317 733 1371 ut
764 1308 972 1390 ᾇγεωμετρητα
1001 1319 1144 1391 suspecta
1167 1311 1341 1387 habuimus,
1365 1313 1439 1379 nihil
1462 1311 1550 1374 noble

190 1400 334 1462 sensibile
359 1399 606 1464 incommodasse.
652 1400 779 1478 Itaque,
811 1399 839 1460 si
862 1400 931 1482 quid
955 1408 1095 1480 superest
1118 1400 1342 1482 discrepantiae
1363 1400 1469 1464 harum
1484 1416 1548 1464 ae·

190 1487 411 1572 qualitatnm'a
434 1489 574 1564 veritate,
598 1488 629 1550 id
652 1506 709 1552 non
733 1489 875 1557 methodo
899 1489 1072 1552 numerandi
1101 1489 1303 1566 tribuendum,
1334 1490 1388 1553 sed
1416 1489 1550 1572 opinIoni

191 1597 260 1662 cap.
283 1579 391 1655 XLV,
427 1579 505 1643 unde
538 1579 633 1640 fluunt
655 1575 686 1638 hi
709 1576 840 1642 numeri:
865 1597 923 1640 non
948 1579 1027 1660 quod
1050 1579 1154 1640 statim
1178 1573 1278 1660 opinio
1300 1580 1367 1660 ipsa
1386 1579 1552 1658 totafialsa

191 1669 244 1743 eit,
269 1667 323 1750 sed
346 1669 424 1750 quod
446 1667 567 1730 nimium
590 1667 731 1729 fuerimus
754 1667 946 1748 praeprites,
972 1668 1094 1748 quinon
1111 1669 1549 1749 exspectataobservationum

192 1758 345 1822 decisione
368 1759 514 1840 plenaria,
537 1756 642 1819 statim
664 1764 753 1838 atque
777 1757 995 1832 Intelleximus,
1020 1758 1079 1819 iter
1101 1758 1244 1838 planetae
1269 1759 1355 1820 ovale
1379 1778 1456 1840 esse,
1481 1776 1550 1820 cer-

192 1857 256 1912 tam
284 1848 381 1910 ovalis
410 1846 610 1928 quantitatem
634 1849 771 1927 (propter
800 1847 895 1908 solam
918 1865 1077 1908 cansarum
1099 1847 1291 1928 physicarum
1309 1847 1549 1910 concinnitatem
1645 1903 1652 1936 Ι.

193 1947 226 2000 et
247 1937 421 2042 ‘gratiosam
448 1938 530 1999 illam
559 1935 803 2016 aequabilitatem
827 1945 925 1998 motus
950 1935 1124 2018 epicyclici,
1159 1937 1238 2000 falso
1261 1945 1363 2001 umen
1386 1936 1549 2011 creditam)

193 2045 441 2188 Πηρᾙῗέιὲοάο
465 2122 565 2178 autem
589 2113 746 2202 verissima
770 2112 896 2194 denique
921 2114 1074 2176 sententia
1096 2114 1137 2176 sit
1159 2114 1198 2177 ad
1222 2114 1355 2177 calculos
1371 2086 1550 2190 revocanda,

193 2215 226 2270 et
262 2227 330 2270 cum
365 2206 447 2268 hisce
484 2203 634 2285 capitibus
667 2203 883 2265 conformanda
919 2221 1008 2282 quam
1040 2203 1191 2282 proxime,
1243 2223 1297 2266 suo
1333 2204 1399 2268 Ioco
1435 2205 1553 2266 dicetur

192 2301 547 2371 (eap.LV1.Lvu1.LIX.
568 2299 631 2364 Lx).
677 2291 747 2354 Jam
776 2297 932 2372 pontonem
965 2293 1194 2374 explicationem
1209 2291 1396 2376 ,reliqdomm
1419 2308 1551 2368 meorum

192 2395 365 2452 conatuum.

587 2861 591 2872 Ι
778 2759 897 2859 Caput
926 2755 969 2832 L.
1092 2785 1096 2794 ·

308 2923 366 2988 De
387 2919 465 2985 aliis
484 2937 543 2983 aero
564 2918 669 2982 modia
691 2921 895 3002 aequationem
915 2918 1081 2982 ecceatrioi
1103 2917 1287 2982 comoedo·
1309 2919 1445 2983 totitatis.

283 3043 333 3108 Ex
355 3045 413 3108 hac
437 3045 548 3108 tritura
572 3043 745 3124 quantulum
771 3042 912 3104 immenti
935 3059 1075 3102 acervum
1098 3040 1293 3120 collegimus?
1328 3041 1374 3103 At
1389 3042 1456 3105 vide
1473 3062 1550 3106 nunc

191 3138 287 3200 etiam
310 3137 461 3216 ingentem
485 3133 660 3214 siIIquarum
683 3132 840 3194 cumulum.
885 3130 1060 3222 Debuerant
1083 3130 1145 3191 ista
1168 3130 1273 3193 referri
1296 3130 1351 3193 snb
1374 3131 1550 3212 principium

190 3245 262 3326 cap.
285 3224 432 3301 XLVIII,
458 3243 493 3285 eo
518 3224 605 3306 qnod,
632 3229 793 3303 antequam
810 3239 897 3283 arcus
914 3220 982 3282 viae
997 3220 1094 3281 ovalis
1108 3220 1331 3301 investigarem,
1355 3219 1418 3281 ista
1432 3227 1550 3283 tracta-

191 3315 298 3378 verim.
345 3313 407 3376 Sed
436 3313 533 3377 lubuit
561 3331 718 3376 secernere
748 3309 822 3374 lucis
853 3329 953 3374 cansa.
1002 3306 1082 3380 Quin
1105 3309 1198 3372 etiam
1221 3307 1308 3373 utilia
1331 3308 1432 3390 aliqua
1454 3328 1551 3390 grana

64 3459 67 3467 .
190 3405 344 3468 inventuri
368 3423 478 3466 snmus.

357 3577 360 3582 -
398 3528 512 3592 Primi
546 3534 582 3589 et
612 3525 765 3590 secundi
799 3523 893 3586 modi
922 3542 1125 3605 processus
1158 3522 1231 3586 suit
1261 3523 1344 3586 iste.

283 3636 384 3698 Primo
407 3634 632 3698 eccentricitate
648 3629 745 3707 9165,
771 3638 914 3714 quaeest
936 3631 1026 3710 paulo
1049 3630 1146 3692 minor
1165 3631 1259 3710 justo,
1283 3629 1421 3713 quaesivi
1444 3647 1548 3693 omnes

193 3725 359 3789 distantias
393 3724 555 3788 secundum
589 3723 756 3786 doctrinam
785 3737 851 3801 cap.
884 3717 1010 3795 XXIX,
1042 3738 1117 3800 qnae
1151 3721 1375 3800 respondebant
1406 3719 1550 3800 gradibus

193 3814 323 3898 integris
346 3814 526 3889 anomaliae,
551 3814 629 3879 inter
652 3810 783 3874 mediam
805 3818 837 3871 et
860 3827 930 3872 vere
954 3817 1152 3890 coaequatam
1175 3809 1273 3873 medio
1288 3811 1356 3873 loco
1380 3809 1548 3872 versanda:

192 3925 285 3987 qnam
307 3905 366 3968 etsi
389 3903 538 3967 interdum
561 3910 760 3984 coaequatam
781 3899 918 3981 appello,
942 3898 1144 3961 conditionem
1167 3906 1268 3962 tamen
1291 3899 1381 3974 addo,
1404 3898 1486 3980 quod
1508 3898 1550 3960 sit

192 4001 313 4058 tantum
337 3994 491 4058 distantiis
524 3991 697 4056 destinata:
733 3992 849 4072 itaque¹
867 3982 1134 4062 distantiariam*)
1158 3990 1287 4070 appello.
1335 3989 1371 4052 In
1395 3989 1548 4050 schemate

193 4085 293 4148 altero
308 4103 373 4165 cap.
381 4083 500 4147 XLVI.
521 4087 590 4154 (th)
610 4089 658 4144 est
671 4077 907 4161 angulusFAB3
923 4078 1121 4142 inathemate
1137 4079 1273 4158 sequenti
1289 4077 1383 4142 cel).
1409 4075 1549 4140 Secundo

193 4173 332 4256 quaesivi
361 4173 469 4236 tertias
501 4171 742 4255 proportionales
775 4167 887 4241 lineas,
919 4186 996 4247 qnae
1020 4167 1063 4228 sic
1093 4175 1196 4228 essent
1224 4166 1376 4248 quaelibet
1397 4165 1437 4227 ad
1461 4184 1547 4227 suam

193 4263 381 4338 distantiam,
405 4270 439 4324 nt
460 4261 535 4324 haec
559 4259 706 4324 distantia
729 4258 768 4320 ad
790 4256 909 4320 radium
934 4251 1074 4319 100000.
1121 4256 1227 4318 Tertio
1250 4264 1282 4318 et
1312 4261 1420 4336 quarto
1443 4253 1547 4317 addidi

193 4353 293 4416 liaeas
317 4352 456 4414 inventas
488 4349 663 4430 sigillatim,
693 4345 807 4426 luitque
841 4355 956 4408 summa
985 4344 1199 4408 distantiarum
1222 4339 1415 4420 35024252,
1448 4343 1547 4406 minus

194 4461 284 4524 quam
306 4437 483 4506 36000000
490 4459 499 4514 ;
523 4455 646 4500 oausam
668 4435 763 4498 habes
787 4434 888 4515 capite
908 4433 978 4498 XL.
1024 4433 1148 4498 Summa
1177 4453 1249 4497 vero
1279 4433 1548 4515 proportionalium

193 4531 319 4594 inventa
342 4537 390 4592 est
412 4525 598 4604 36000000,
623 4525 702 4608 quod
723 4524 831 4589 mirum
854 4541 901 4589 me
924 4523 1026 4586 habet.
1072 4521 1115 4584 Et
1137 4523 1207 4605 qnia
1230 4522 1381 4598 delectat,
1403 4522 1491 4604 cupio
1508 4529 1548 4590 .ut

192 4619 251 4686 hoo
274 4620 321 4686 ita
342 4638 467 4684 necesse
491 4637 559 4682 esse
592 4621 747 4698 geometra
770 4613 930 4695 ¹quispiam
963 4611 1161 4676 demonstret.
1209 4609 1330 4676 Centrie
1352 4611 1394 4688 A,
1417 4611 1444 4676 Β
1468 4611 1545 4674 scri-

282 4814 310 4889 ·)
330 4818 394 4874 Etsi
408 4817 591 4888 quaudtatem
605 4814 712 4870 obtinet
725 4813 841 4897 mediam
854 4811 927 4898 inter
939 4813 1071 4884 reliquae,
1087 4825 1156 4866 cave
1170 4813 1264 4866 umen
1277 4809 1394 4866 mediam
1405 4789 1544 4880 'appelles

193 4900 286 4958 Iledia
305 4899 379 4956 enim
399 4898 509 4969 proprie
531 4905 575 4952 est
594 4911 692 4952 nomen
712 4893 850 4965 temporie.
