3680 5538
349 279 416 350 458
768 277 797 334 In
816 277 998 336 &armentaria
1014 280 1046 336 de
1062 281 1168 338 metilius
1185 279 1273 336 nard·

351 465 401 518 bus
423 461 513 516 Germ.
535 460 608 516 iul'ra
621 460 763 518 Grastium
781 462 875 518 Dravo
901 480 930 518 se
950 463 1052 521 miscet
1093 464 1182 536 Ajuut
1201 463 1382 520 Romanorum
1402 461 1557 529 Valeriam,
1578 461 1597 519 4
1617 457 1688 520 inda

352 543 493 598 Graetium
514 541 675 596 milliaribus
696 544 834 612 sepultam
847 542 955 598 Attilae
975 544 1175 614 inmanitatem
1195 541 1241 598 bio
1259 542 1346 616 igitur
1373 543 1401 598 in
1421 545 1504 613 plano
1525 543 1687 600 bormoutali

350 622 421 678 omni
442 622 586 693 diligentia
606 623 755 678 meridiana
775 624 914 693 descripta
933 629 963 678 et
989 624 1164 695 superposita
1182 623 1285 696 pyxide
1306 623 1417 695 uulgari
1437 640 1497 678 curn
1517 623 1628 695 cuspide
1646 631 1696 678 set

349 704 444 774 longa,
466 702 605 773 divisoque
620 703 719 757 circulo
740 703 768 757 in
789 695 868 768 360⁰,
891 705 1040 758 certissime
1060 705 1150 758 inveni
1164 704 1301 774 cuspidem
1322 721 1375 758 non
1389 705 1527 760 declinare
1549 697 1590 759 8⁰.
1625 703 1691 758 Cum

353 791 446 839 autem
480 790 699 847 metueremus
723 783 787 838 stilo
809 783 974 839 adhaereret
1002 785 1156 856 pulvicula,
1190 801 1247 838 rem
1276 784 1333 838 alia
1360 784 1408 838 via
1437 801 1495 838 sum
1526 799 1688 856 aggressus.

348 859 405 914 Jam
423 861 537 910 describit
553 859 675 924 Keplerus
693 863 814 912 rationem
832 875 902 911 suam
921 863 1067 926 procedendi
1084 863 1158 926 plane
1176 861 1295 922 eandem,
1314 876 1388 927 qnam
1405 861 1540 912 Maestlluo
1558 863 1690 926 scripserat

348 947 414 984 auno
443 927 509 980 test
529 928 626 996 (Comp.
653 931 694 988 11,
719 948 744 996 p.
771 929 848 992 att).
876 947 940 996 quae
966 935 1012 998 ipsi
1041 933 1176 983 exhibuerit
1195 931 1328 997 ,angulum
1350 934 1450 999 regulae
1476 947 1531 982 cum
1555 932 1691 984 meridiano

348 1015 466 1062 minorem
478 1007 509 1059 b⁰
521 1011 591 1076 idque
605 1027 653 1062 non
671 1013 772 1062 semel.“
807 1005 931 1076 Pragae,
952 1014 1040 1078 pergit,
1059 1006 1248 1070 Bobemorum,
1270 1023 1340 1078 quae
1360 1007 1409 1062 rix
1423 997 1492 1066 2¹lr⁰
1505 1011 1549 1060 est
1569 1006 1692 1060 occiden-

350 1086 433 1140 talior
454 1084 581 1148 Grastio,
603 1085 782 1140 instrumento
803 1091 867 1140 utor
885 1105 921 1139 ex
943 1085 1089 1149 orichalco,
1112 1087 1181 1157 quod
1202 1091 1245 1140 est
1265 1088 1401 1156 quadrans
1426 1085 1609 1140 azimutbalis.
1650 1085 1692 1138 Eo

349 1165 483 1220 collocato
504 1171 535 1218 ut
556 1165 692 1220 meridiem
713 1172 821 1235 spectet
835 1165 980 1236 exquisite,
1002 1171 1133 1238 rectaque
1153 1165 1296 1236 applicata
1315 1167 1414 1237 regula
1432 1182 1492 1220 cum
1513 1165 1692 1220 instrumento

349 1263 398 1300 seu
419 1245 521 1316 pyxide
543 1243 713 1317 magnetica,
744 1262 815 1316 quae
835 1246 975 1300 versatilis
997 1251 1040 1300 est
1061 1263 1144 1316 super
1163 1247 1233 1316 pede
1253 1245 1394 1309 immobili,
1417 1246 1462 1316 qui
1490 1247 1577 1300 babet
1596 1243 1691 1302 circuli

351 1325 487 1392 sectiones
508 1324 668 1396 incipientes
683 1341 701 1379 a
714 1325 855 1387 diametro,
876 1341 947 1396 quae
968 1327 1004 1380 sit
1024 1326 1115 1381 lineae
1129 1325 1321 1397 applicationis
1343 1335 1373 1381 et
1392 1327 1431 1380 sic
1451 1325 1513 1380 basi
1533 1323 1692 1397 quadrantis

351 1405 511 1477 parallelus,
533 1413 590 1458 tam
611 1405 656 1459 din
674 1421 754 1459 serso
774 1405 904 1478 pyxidem
925 1422 1007 1475 snper
1028 1407 1113 1476 pede,
1136 1410 1221 1460 donec
1242 1407 1332 1476 cuspis
1353 1422 1413 1460 cum
1433 1405 1589 1476 subscripta
1609 1405 1692 1468 linea,

350 1503 420 1558 quae
442 1486 503 1539 exit
522 1483 550 1539 in
570 1485 723 1549 indiculum,
745 1486 887 1540 coincidet.
928 1487 988 1540 Hoc
1008 1485 1082 1542 iacto
1102 1486 1231 1556 inspicio,
1258 1503 1338 1558 quern
1358 1488 1475 1558 gradum
1494 1491 1572 1541 notet
1592 1485 1693 1538 indicu-

349 1566 402 1621 lus.
440 1563 551 1628 Quoties
573 1565 662 1619 adhtm
683 1565 721 1620 sic
741 1565 878 1636 praestiti,
900 1583 1007 1636 semper
1028 1567 1099 1622 inter
1114 1563 1146 1619 5⁰
1160 1575 1189 1621 et
1203 1559 1236 1622 6⁰
1249 1583 1349 1631 versor,
1372 1567 1468 1638 quibus
1490 1566 1599 1638 lingula
1612 1563 1694 1618 decli·

350 1653 401 1702 net
420 1647 454 1700 ad
476 1651 572 1700 ortum.
612 1645 759 1700 Plurimum
780 1662 847 1700 sane
874 1645 1003 1717 temporis
1025 1654 1090 1702 ante
1113 1645 1128 1700 'i
1151 1663 1236 1702 annor
1258 1647 1407 1711 consumsi,
1435 1653 1468 1702 ut
1487 1664 1524 1700 ex
1544 1645 1695 1717 Belgarum

351 1725 505 1782 observatis
526 1725 753 1780 declinationibus
776 1728 961 1790 ostenderem,
988 1731 1144 1799 magnetem
1166 1727 1246 1799 dirigi
1268 1729 1301 1782 ad
1322 1735 1461 1797 punctum,
1484 1727 1553 1796 qsrod
1574 1723 1694 1796 quotidie

350 1808 434 1862 semel
448 1806 499 1860 sub
512 1806 596 1862 lixum
610 1805 753 1876 eclipticas
774 1808 866 1878 polum
885 1807 969 1860 venit.
1005 1808 1064 1862 Hoc
1078 1807 1191 1862 obtento
1206 1805 1411 1862 exclametums
1432 1807 1470 1862 fui
1484 1809 1518 1860 de
1531 1813 1695 1877 argumento

350 1885 495 1942 creationis
525 1885 641 1940 notabili
671 1887 789 1942 invento.
830 1887 902 1940 Nam
931 1887 1130 1942 accommodavi
1150 1895 1180 1940 et
1198 1887 1311 1942 Antonii
1331 1887 1438 1942 Marise
1468 1885 1641 1942 traditionem
1662 1885 1695 1940 de

349 1969 475 2040 polorum
495 1965 721 2037 transpositione,
753 1983 823 2037 quae
844 1967 1005 2021 exciderunt
1025 1967 1091 2023 mibi
1111 1968 1255 2022 hactenus.
1297 1969 1394 2038 ltaque
1416 1973 1490 2022 certo
1511 1966 1562 2021 tibi
1581 1979 1695 2036 persua-

351 2051 428 2122 deas,
448 2065 491 2101 me
512 2048 590 2101 nulla
604 2047 730 2117 opinione
751 2047 835 2101 itrisse
856 2047 996 2102 seductum
1016 2048 1088 2102 inter
1109 2047 1316 2103 observandum.
1350 2048 1445 2103 Potius
1465 2047 1537 2100 enim
1550 2047 1585 2100 sd
1600 2036 1696 2108 23¹tt

351 2144 432 2200 quam
453 2129 487 2183 ad
508 2127 595 2181 minus
616 2127 727 2199 aliquid,
748 2127 901 2185 invitarunt
920 2144 962 2180 me
982 2136 1050 2182 sota
1070 2143 1139 2182 mea
1481 2137 1490 2156 ⁶

440 2217 551 2272 interim
578 2218 732 2271 commendo
760 2216 820 2271 Tibi
854 2217 995 2290 negotium
1028 2233 1117 2272 meum
1144 2215 1299 2288 eclipticum
1326 2233 1407 2290 quam
1437 2231 1547 2288 passum
1580 2215 1696 2286 diligen-

318 2353 328 2376 ·
351 2296 464 2352 tissime.
486 2293 531 2353 do.
573 2291 697 2367 (Pragae
718 2298 743 2351 d.
767 2297 813 2352 IV.
835 2297 905 2352 Non.
928 2299 1007 2355 Febr.
1031 2291 1132 2364 1606.)

441 2390 486 2450 20)
504 2407 528 2456 ρ.
549 2390 608 2440 itt.
645 2391 750 2444 Veteres
768 2393 933 2458 geographiae
951 2395 1080 2458 scriptores
1098 2407 1148 2444 uon
1172 2393 1246 2458 plane
1265 2395 1422 2444 comentiunt
1438 2393 1504 2444 bauo
1530 2391 1635 2442 insulam
1654 2391 1696 2443 de·

354 2463 496 2515 scribentes.
526 2462 689 2522 Ptolemaeus,
709 2469 837 2514 comment.
856 2465 916 2514 Aut.
934 2463 1036 2530 blagino
1055 2463 1131 2528 (Ten.
1153 2460 1232 2527 1191)
1250 2465 1312 2516 libro
1330 2463 1384 2514 vu
1403 2463 1464 2528 Gap.
1483 2462 1513 2513 tr
1533 2461 1597 2527 Cory
1609 2463 1698 2514 Indiae

356 2535 518 2598 promontorio
536 2535 663 2598 opponitur
680 2534 762 2585 insula
779 2533 948 2598 Taprobanes‚
977 2550 1041 2600 quae
1058 2535 1116 2586 olim
1134 2533 1251 2599 Symondi
1270 2536 1352 2586 insula
1369 2537 1509 2598 dicebatur,
1528 2549 1594 2584 nunc
1612 2541 1697 2584 autam

357 2603 446 2656 Salice.
477 2604 551 2656 Parte
568 2603 601 2654 11.
621 2620 646 2670 ρ.
667 2601 718 2654 211
736 2604 851 2670 llaginus
868 2605 931 2656 baec
951 2606 1036 2659 affert:
1055 2607 1151 2658 Zeilam
1163 2607 1269 2658 insulam
1287 2608 1361 2657 iulrse
1374 2607 1544 2671 Taprobanen
1560 2605 1697 2656 Ptolemaei

354 2675 466 2728 Andreas
484 2675 597 2726 Corsalur
616 2683 641 2726 et
657 2676 747 2727 desan.
766 2675 866 2728 Barrius
884 2692 940 2728 cum
957 2678 1078 2744 plerisque
1106 2678 1160 2728 aliis
1179 2685 1297 2742 censeut;
1324 2676 1448 2730 Mercator
1463 2693 1532 2732 roro.
1560 2677 1600 2727 cui
1618 2679 1697 2742 magis

353 2747 379 2797 in
397 2745 445 2796 bac
461 2761 487 2798 re
506 2747 578 2797 fldem
591 2753 751 2812 praestamus,
770 2755 842 2812 putat
854 2762 909 2799 esse
920 2749 1055 2800 Ptolemaei
1067 2749 1219 2814 Nanigerim.
1251 2749 1348 2802 Deinde
1367 2745 1436 2814 (pag.
1459 2745 1537 2809 idel:
1555 2747 1697 2799 Sumam

354 2818 457 2869 insulam
484 2820 637 2883 antiquorum
653 2818 824 2884 Taprobanen
850 2821 925 2870 inisse
943 2835 1026 2871 omnes
1045 2835 1107 2885 pene
1126 2827 1240 2871 enotares
1267 2823 1390 2880 rendunt,
1414 2821 1475 2872 licet
1492 2821 1566 2886 aliqui
1589 2833 1697 2885 magnas

354 2890 496 2940 eruditionis
513 2891 556 2940 riri
575 2891 654 2954 ipsam
665 2892 773 2940 Auream
791 2892 866 2942 rrius
879 2890 1056 2942 chemenaten
1073 2897 1168 2956 puteat

441 2959 473 3010 R„
488 2961 590 3011 Gemma
609 2959 659 3024 (De
676 2963 799 3025 principiis
817 2965 981 3014 astronomiae
999 2969 1026 3012 et
1043 2977 1160 3029 cosmogr.
1175 2963 1255 3014 buta.
1271 2958 1349 3019 15110,
1369 2958 1462 3023 1548);
1481 2962 1589 3028 sequlmu
1604 2961 1695 3026 Tapro·

352 3023 420 3156 iim
438 3032 519 3154 ingsla
530 3033 699 3154 totiusdlmundi
711 3035 826 3094 maxima,
845 3049 909 3099 quae
926 3049 992 3084 uuuo
1005 3033 1121 3085 Samctra
1132 3033 1227 3084 dicitur.
1259 3033 1414 3084 Ptolemaeus
1427 3047 1486 3084 eam
1500 3041 1576 3084 antea
1587 3031 1697 3084 Simoudi

372 3106 446 3155 ictam
490 3105 537 3156 isse
555 3111 594 3154 tra
612 3106 638 3152 't

443 3173 539 3226 Similia
549 3174 750 3239 deprehendimus
768 3177 794 3226 in
811 3177 856 3239 Δρ
866 3177 944 3226 iani
964 3174 1154 3241 Cosmcgrepbia
1172 3177 1211 3237 (in
1224 3175 1343 3228 Garum
1361 3176 1468 3227 eddom
1487 3173 1554 3226 1511
1573 3191 1597 3240 ρ.
1615 3172 1665 3224 171·
1673 3171 1694 3238 ).

353 3243 534 3298 cluserat
562 3253 648 3298 centn
669 3247 779 3298 inscribit
795 3248 901 3298 insulam
919 3246 1011 3310 Cepion
1030 3246 1106 3304 „olim
1125 3245 1307 3312 Taprobana“,
1327 3253 1353 3296 et
1379 3249 1405 3296 in
1423 3245 1512 3298 charta
1528 3246 1696 3312 geographica

355 3318 441 3368 addita
454 3317 509 3376 ,Jo,
521 3316 625 3368 Honteri
637 3317 777 3368 rudimentis
790 3317 979 3383 geographicis“
993 3317 1088 3383 (Tiguri
1102 3315 1191 3380 11118),
1211 3321 1312 3384 signata
1322 3325 1361 3368 est
1378 3317 1506 3383 peninsula
1518 3318 1616 3378 (Zeilon
1634 3319 1697 3368 rorte

354 3385 638 3524 ”lmil‘il'iili'
646 3390 725 3511 135⁰}
735 3389 1088 3524 ltitttiffitti·
1099 3389 1417 3522 ‹Piii'iilblm
1435 3461 1500 3512 r...
1521 3460 1598 3510 ...t
1619 3473 1695 3524 q...

355 3531 468 3591 ationem,
487 3537 602 3594 spectans
619 3531 699 3582 locum
712 3529 834 3594 Tyobonis
851 3533 878 3582 in
896 3533 1051 3596 epistolarum
1069 3532 1214 3583 collectione
1233 3529 1268 3598 (ρ.
1288 3528 1361 3592 tet),
1380 3533 1421 3582 ubi
1439 3531 1522 3596 Tycbo
1540 3533 1623 3588 reiert,
1642 3533 1696 3596 qul-

242 3625 245 3634 ·
355 3603 401 3654 bus
417 3601 553 3652 rationibus
565 3603 662 3652 innim
687 3603 739 3666 ipse
768 3601 952 3654 Rothmannum
969 3603 1111 3654 renorma
1123 3603 1283 3668 Goparulcum
1297 3602 1477 3654 defendentem.
1505 3603 1611 3653 Fabricii
1622 3603 1697 3652 fflrba

353 3667 419 3723 baec
437 3679 507 3722 runt:
527 3671 583 3733 Qua
601 3674 696 3724 ratione
714 3679 742 3724 tu
761 3672 894 3738 Copernico
913 3674 1026 3724 eddictm
1044 3681 1216 3740 argumentum
1233 3674 1356 3737 Tycbouls
1375 3675 1406 3725 de
1424 3675 1563 3739 explodens
1580 3675 1697 3724 tormenti

356 3745 448 3796 solvere
466 3741 524 3793 risi
555 3742 627 3794 certe
645 3745 666 3794 si
683 3758 766 3795 tersus
785 3751 863 3794 omum
882 3746 1167 3810 cartrauaexplodatur,
1186 3746 1230 3796 bat
1247 3753 1276 3796 ut
1293 3745 1324 3795 ob
1343 3745 1483 3796 celeriorem
1500 3753 1593 3796 motum
1605 3745 1698 3794 Teme

355 3817 458 3867 emissus
484 3815 569 3880 globus
603 3829 686 3866 tersus
713 3829 827 3867 occasum
851 3817 931 3880 potins
958 3818 1038 3868 locam
1071 3819 1159 3882 quietis
1191 3817 1314 3874 inveniat,
1342 3823 1441 3867 tantum
1468 3817 1539 3867 abest
1561 3822 1590 3867 ut
1612 3831 1697 3868 reram

355 3893 435 3946 ortum
453 3887 595 3951 proteratur.
631 3885 780 3938 Herculeum
797 3893 864 3938 certe
883 3895 921 3938 est
948 3895 1118 3954 argumentmu
1137 3888 1252 3940 adrsnua
1277 3891 1373 3938 ructum
1390 3887 1481 3939 Terrae
1499 3889 1624 3943 umnam.
1649 3901 1698 3952 qua

271 3995 275 4006 ,
355 3959 481 4012 destructo
499 3965 583 4008 cetera
599 3957 672 4009 facile
690 3959 789 4010 cadem.

445 4047 568 4112 Kepleraa
585 4060 641 4097 enm
659 4045 760 4104 videret,
778 4047 809 4097 ab
828 4047 883 4097 aliis
900 4059 994 4112 quoque
1011 4048 1095 4112 magni
1113 4046 1165 4098 beri
1182 4045 1230 4098 boc
1247 4046 1369 4111 munis
1387 4053 1566 4116 argumentum,
1584 4045 1698 4097 relatam

355 4118 412 4171 dam
429 4119 490 4170 illud
507 4119 603 4170 censuit
618 4120 735 4182 inopere
753 4133 803 4180 suo,
822 4133 950 4183 suppresso
966 4131 1023 4168 vero
1041 4119 1138 4169 nomine
1157 4118 1292 4182 Tycbonls,
1311 4133 1343 4170 ne
1361 4117 1461 4169 ulterius
1479 4118 1614 4169 offenderet
1630 4117 1698 4168 illias

355 4199 483 4253 baeredu.
518 4198 630 4249 Fabricio
648 4204 731 4248 autern
748 4198 811 4248 haee
829 4198 965 4262 respondit:
987 4194 1030 4246 De
1052 4192 1206 4261 objectione
1226 4191 1378 4264 Tycbonis,
1401 4209 1472 4264 quae
1491 4199 1625 4248 tormento
1646 4191 1696 4246 im·

263 4289 268 4306 ¹
357 4285 464 4348 pugnat
483 4278 583 4328 motam
605 4272 716 4337 Terrae,
737 4287 822 4343 rogas
842 4272 951 4336 eadem,
973 4289 1044 4345 quae
1065 4271 1252 4327 Cancellarius
1273 4273 1410 4327 Berariae
1429 4273 1591 4344 nuperrime.
1625 4271 1697 4327 Res-

355 4355 462 4426 poudeo
481 4355 583 4410 eadem,
603 4351 710 4406 misceri
723 4359 821 4416 motus,
842 4369 897 4406 non
916 4352 1072 4426 immgnari
1093 4361 1142 4408 ant
1162 4353 1267 4408 aboleri
1288 4355 1407 4409 alterurn
1427 4354 1463 4408 ab
1477 4345 1574 4410 altero.
1608 4353 1699 4407 Terra

357 4440 480 4489 movetur
499 4435 535 4487 ab
557 4448 655 4487 occasu
676 4431 703 4486 in
724 4437 826 4497 ortum,
856 4449 916 4488 cum
936 4449 971 4488 ea
991 4431 1075 4488 omnis
1096 4433 1176 4504 copia
1196 4433 1269 4488 adria
1289 4432 1457 4500 obcumfuai,
1488 4451 1566 4489 omne
1594 4449 1695 4507 graue,

293 4561 297 4568 .
357 4515 414 4570 sive
430 4513 528 4585 jacens
549 4513 606 4566 sire
625 4515 755 4582 pendens.
787 4511 858 4566 Nam
878 4529 926 4566 our
945 4531 998 4568 non
1012 4521 1041 4568 et
1060 4515 1181 4583 pendens
1204 4515 1269 4585 quid
1287 4513 1422 4585 impediti
1455 4515 1526 4570 Num
1544 4513 1697 4586 gravisus

357 4599 397 4650 At
416 4610 451 4649 ea
471 4593 559 4648 tendit
578 4593 614 4647 ad
634 4599 756 4648 centrum
775 4592 885 4656 Terrae,
907 4595 943 4648 ad
963 4599 1086 4650 centnrm
1105 4593 1185 4648 faciei
1198 4594 1325 4659 Telluris,
1347 4611 1417 4666 quse
1437 4594 1522 4664 lapidi
1542 4600 1586 4650 est
1606 4611 1696 4664 expc-

358 4673 428 4740 sita.
459 4673 576 4746 quodsi
596 4673 753 4744 magnetica
772 4671 891 4742 lapidem
911 4673 1030 4728 attrabit
1057 4673 1153 4730 fortius
1175 4691 1255 4746 quam
1281 4675 1306 4729 si
1325 4683 1433 4730 centum
1452 4681 1612 4730 catenarum
1631 4691 1696 4729 ner·

358 4763 452 4810 torum
480 4751 690 4808 tensissimorum
717 4751 830 4808 vinculis
860 4767 1076 4824 quaquaversum
1106 4761 1181 4810 esset
1209 4771 1333 4810 annuus
1354 4753 1466 4810 Telluri.
1506 4755 1577 4817 Num
1607 4755 1696 4827 igitur

357 4833 488 4906 inpediet
506 4833 594 4903 ipsum
614 4837 675 4897 aer,
698 4833 742 4904 qui
763 4839 806 4890 est
826 4833 1024 4902 trsp'icieudusl
1065 4837 1103 4890 At
1122 4835 1235 4892 Terram
1254 4840 1285 4890 et
1312 4833 1371 4906 ipse
1391 4833 1525 4906 sequitur,
1543 4835 1645 4892 saltem
1664 4835 1695 4890 ia
