3552 5562
301 325 343 394 12
734 323 763 377 ln
782 323 966 378 commentaris
983 323 1014 378 de
1032 331 1100 376 rnotn
1117 323 1207 378 hlautis

298 526 354 588 ego
377 514 409 569 et
432 505 504 569 olim
527 503 651 583 etjam,
675 502 745 566 vivo
769 511 801 566 et
823 505 942 568 conscio
966 505 1118 588 Tychone,
1143 503 1301 587 Oopemici
1326 521 1434 589 sequor
1454 505 1652 590 hypotheses.

300 599 405 680 ltaque
429 601 482 658 aut
504 594 655 656 diversum
679 594 717 655 ab
740 613 775 656 eo
799 595 878 676 quod
902 593 1000 659 sen'tio
1023 593 1054 658 in
1080 595 1273 678 philosophia
1300 595 1535 673 defendendum,
1558 600 1613 658 aut
1636 617 1656 656 a

299 685 486 766 Tengnaglio
510 681 723 745 discedendum
747 683 814 759 erit,
838 691 981 765 quantum
1003 683 1164 767 prospicio.
1201 686 1304 768 Atque
1322 683 1397 747 illud
1419 704 1570 768 nunquam
1594 685 1655 747 feci

300 793 357 836 neo
376 793 467 856 porro
491 772 666 848 admittam
690 772 747 834 hoc
769 772 814 834 ita
837 773 956 850 faciam,
979 783 1013 835 nt
1036 773 1193 853 dissidere,
1216 793 1275 836 non
1300 763 1401 837 odisse
1424 773 1526 838 dicas:
1551 781 1655 837 utrum

300 865 379 926 idem
403 870 435 925 et
454 861 507 924 ille
532 861 573 924 sit
596 862 729 924 facturus
753 861 867 925 nescio.
913 865 1024 928 Tomos
1055 863 1298 928 observationum
1328 864 1493 946 impressos
1523 863 1657 944 ipsemet

298 969 490 1035 percuperem
497 970 507 1027 ;
536 971 625 1032 qnam
646 969 719 1014 uero
743 969 826 1033 spem
849 951 906 1014 tibi
929 953 966 1014 de
990 953 1169 1032 Tengnaglii
1201 947 1503 1028 voluntatieorum,
1535 951 1652 1014 nescio.

299 1041 375 1104 Mihi
398 1049 512 1104 certum
535 1049 601 1117 est,
632 1041 691 1102 etsi
720 1041 928 1122 imprimantur
957 1042 1039 1104 haud
1071 1042 1161 1103 facile
1194 1049 1346 1122 repertum
1369 1041 1425 1118 iri,
1456 1041 1505 1124 qui
1529 1041 1656 1104 exiliis

297 1131 417 1193 tabulas
441 1129 595 1206 conficiat,
626 1129 686 1192 nisi
713 1137 845 1192 extreme
878 1131 1037 1212 impudens
1058 1137 1089 1192 et
1111 1133 1210 1194 ianuae
1233 1131 1411 1212 negligerie;
1441 1151 1510 1193 nam
1534 1149 1656 1212 semper

299 1221 344 1283 illi
368 1239 446 1302 aqua
468 1219 607 1281 haerebit
628 1219 794 1302 quicunque
808 1220 944 1282 laborem
966 1221 1142 1302 susceperit.
1180 1221 1287 1284 Utrum
1306 1219 1386 1282 idem
1401 1228 1433 1283 et
1448 1221 1657 1302 'l'engnaglius

301 1309 342 1371 sit
363 1328 538 1391 persuasus,
562 1307 674 1370 nescio.
701 1343 742 1357 —
991 1375 997 1390 ι

378 1397 501 1460 Ι(ἔιιιεωιι
528 1397 568 1447 hie
595 1396 672 1447 habes
701 1397 794 1449 distas
821 1397 935 1447 editionis
961 1397 1112 1448 Tabularum
1136 1395 1347 1462 Rudolphinsrnm
1375 1413 1418 1462 per
1444 1395 1512 1448 hand
1537 1398 1657 1462 exignum

299 1469 415 1534 temporis
437 1470 545 1534 spatium
570 1465 699 1532 (prodiisse
727 1484 792 1522 anno
816 1469 916 1519 demum
943 1465 1020 1518 suet.
1041 1465 1163 1530 cunm),
1192 1481 1341 1534 quamquam
1365 1468 1434 1520 haud
1458 1481 1546 1534 pamm
1571 1469 1657 1518 iecere

303 1543 368 1592 sliaa
386 1540 480 1591 multae
499 1539 667 1599 difficultates,
687 1541 816 1606 dequibus
835 1539 883 1590 alic
896 1541 951 1590 loco
969 1539 1093 1606 agendum
1106 1542 1159 1590 erit.
1184 1540 1366 1606 Tengnaglium
1377 1555 1434 1592 vcro
1453 1541 1553 1591 minime
1565 1553 1654 1605 parem

299 1613 374 1662 inisse
392 1613 450 1663 huic
468 1613 577 1676 negotio,
596 1611 678 1661 elucet
697 1627 726 1662 ax
738 1612 841 1676 Kapleri
858 1611 945 1669 verbis,
965 1613 1051 1676 quibus
1069 1612 1195 1675 respondit
1213 1612 1336 1662 Hervarti
1354 1613 1509 1678 quaestionis
1527 1611 1569 1664 lob
1585 1611 1658 1660 wollt

301 1685 367 1735 auch
384 1685 423 1734 nit
440 1683 605 1740 unterlsssan,
626 1682 749 1748 quondam
762 1681 886 1747 'tychonis
898 1682 990 1734 Brahei
1001 1683 1123 1734 haeredes
1135 1683 1224 1734 dassen
1237 1683 1401 1746 (edendarum
1413 1683 1554 1744 tabularum
1566 1681 1656 1733 Luna-

299 1753 373 1816 rlum)
386 1769 417 1806 su
433 1755 546 1814 austrea.
564 1769 639 1804 vanu
651 1755 692 1806 ich
704 1759 804 1812 rrtlsste,
822 1755 869 1804 vie
881 1754 978 1806 colchas
997 1754 1137 1821 geschehsn
1151 1754 1237 1814 solbet
1257 1754 1323 1806 dcun
1335 1755 1384 1808 ish.
1403 1767 1453 1806 urar
1464 1756 1501 1807 sie
1519 1753 1657 1820 aigantlieh

301 1829 387 1899 seyen.
405 1835 443 1886 nit
460 1836 540 1886 saus
578 1834 612 1898 (s
629 1835 746 1886 hteusd
767 1835 792 1885 d.
811 1830 836 1884 t.
856 1833 915 1884 ian.
937 1831 1027 1896 160³.)
1064 1825 1152 1898 Quod
1166 1826 1314 1890 haeredes
1328 1827 1439 1890 attinet
1453 1826 1656 1907 Tychouicos,

298 1927 423 1990 metipso
439 1925 562 1990 Keplerns
585 1919 621 1986 (d.
642 1923 666 1974 b.
685 1922 758 1986 inl).
776 1935 852 1976 unus
867 1922 916 1976 est
934 1913 1030 1977 instar
1045 1915 1175 1977 omnium
1191 1915 1371 1978 Francisous
1388 1915 1532 1980 Gausneb
1547 1915 1656 1994 Teng-

299 2006 381 2086 nagl,
404 2005 499 2070 nobili
521 2023 629 2086 genere
652 2003 852 2086 Westphalus
876 2011 908 2064 et
928 2003 958 2065 in
981 2021 1126 2086 praesens
1146 2003 1316 2070 Caesareae
1332 1999 1493 2088 Majestati
1512 2003 1657 2068 minister

298 2095 432 2172 aulicus;
464 2095 695 2158 mathematicus
724 2093 803 2158 enim
825 2112 886 2154 non
908 2093 974 2154 vult
996 2093 1110 2170 audire.
1156 2093 1241 2157 Nihil
1263 2093 1388 2160 honoris
1411 2093 1469 2156 hac
1500 2092 1656 2158 mentione

299 2185 342 2246 M.
366 2185 449 2246 Tuae
472 2185 513 2248 im
536 2205 602 2247 ono.

389 2273 486 2324 Similia
503 2203 709 2337 deprehendimus
727 2271 752 2320 ln
776 2269 852 2319 literis
869 2268 972 2332 Kaplari
990 2274 1017 2318 et
1034 2269 1141 2319 Fabricii
1164 2269 1264 2320 mutuis.
1301 2269 1428 2321 Fabricius
1446 2271 1531 2322 retulit
1548 2269 1657 2333 (liutto

299 2341 378 2402 1602)
387 2344 504 2410 Keplero,
514 2350 607 2408 quanto
620 2342 712 2408 gaudio
724 2344 803 2404 ipsum
816 2339 946 2392 affccednt
955 2339 1122 2402 ,Tychouici“
1136 2341 1240 2392 Erihsen
1250 2349 1276 2392 et
1285 2341 1473 2408 flengnagalius
1485 2356 1512 2392 se
1525 2343 1658 2394 domnas

300 2417 482 2482 ramumque
503 2415 643 2480 ,incunda“
663 2414 695 2463 de
707 2411 810 2476 Kepleri
828 2419 896 2462 ststn
913 2405 1004 2475 (comp.
1016 2411 1074 2461 Vol.
1089 2411 1158 2477 ll,·p.
1172 2409 1236 2474 432)
1256 2413 1372 2478 additque
1390 2413 1429 2464 his
1441 2414 1528 2464 lsudu
1545 2415 1658 2464 anesus

298 2487 409 2552 chleri,
428 2487 528 2538 modum
546 2487 597 2538 iere
616 2486 773 2536 excedentes.
799 2482 894 2544 Quibus
912 2490 993 2532 motus
1011 2483 1134 2548 Keplerns
1153 2483 1227 2533 dnbia
1245 2484 1275 2534 de
1294 2485 1437 2535 sinceritate
1455 2487 1530 2536 amici
1546 2487 1657 2550 rucup-

299 2559 360 2608 sisse
379 2559 482 2617 ridetur,
503 2557 612 2622 adquae
625 2557 752 2606 Fabricius
771 2555 806 2604 sic
824 2555 950 2618 respondit
962 2552 1043 2616 (llll.
1057 2557 1121 2619 hug.
1138 2551 1233 2620 soom:
1254 2553 1355 2612 Scribis,
1373 2557 1488 2608 maforte
1506 2557 1656 2622 instigatum

300 2629 376 2680 inisse
397 2643 412 2679 a
430 2629 462 2679 D.
476 2623 646 2694 Tengnagelio
666 2627 699 2676 ad
717 2635 742 2676 te
761 2625 919 2676 laudandum.
956 2625 1029 2675 Absit
1045 2626 1092 2676 hoc
1110 2641 1128 2680 a
1146 2641 1187 2676 me
1206 2625 1238 2676 D.
1253 2625 1369 2691 Keplere,
1388 2643 1435 2678 nec
1453 2629 1581 2693 quisquam
1599 2627 1656 2678 tale

299 2701 343 2750 tibi
362 2701 394 2751 dc
411 2715 451 2750 me
468 2700 619 2765 persuadeat
636 2699 721 2759 velim,
748 2713 788 2747 me
808 2711 862 2747 esse
881 2697 971 2754 talam,
999 2698 1084 2762 quiin
1102 2696 1175 2747 ullius
1202 2699 1308 2763 gratiam
1327 2697 1366 2748 val
1384 2699 1467 2749 odium
1489 2699 1595 2764 aliquem
1614 2700 1655 2748 sel

299 2772 451 2822 laudandum
469 2771 507 2822 val
525 2769 713 2836 vituperandum
737 2769 860 2834 smciperc
883 2769 980 2819 vellem.
1016 2767 1090 2820 Esset
1111 2767 1171 2818 illud
1192 2767 1298 2820 hominis
1316 2783 1366 2819 non
1388 2770 1474 2821 insulsi
1498 2771 1588 2832 solum,
1608 2771 1657 2820 aad

299 2843 464 2895 insuasum.
501 2842 573 2904 Quae
592 2843 636 2892 tibi
653 2841 725 2892 tribui
746 2847 772 2892 et
790 2842 931 2892 etiamnunc
949 2839 1043 2897 tribuo,
1067 2840 1126 2888 illud
1144 2841 1231 2890 merito
1249 2840 1278 2890 lit
1296 2847 1322 2890 at
1336 2843 1391 2904 jura
1410 2843 1517 2906 optimos
1541 2857 1579 2892 ras
1597 2843 1658 2906 ipsa

298 2915 394 2978 probat.
431 2913 573 2964 Ostendant
590 2914 615 2963 id
634 2913 687 2962 libri
706 2915 742 2962 tui
761 2913 829 2969 editi,
848 2911 914 2976 pleni
933 2911 1076 2960 eruditionis
1095 2911 1224 2962 abstrusae
1237 2909 1282 2962 dte.
1309 2911 1397 2961 Testor
1414 2927 1483 2969 sana,
1502 2913 1656 2980 'l'engnage-

298 2987 358 3036 lium
377 2993 437 3036 tuuc
455 2987 571 3050 temporis
591 2987 681 3048 optimo
700 2985 726 3034 in
744 2991 770 3033 ta
787 2984 864 3033 inissa
883 2984 974 3041 animo,
994 2983 1130 3046 etquidem
1148 2981 1193 3031 tali
1211 2983 1292 3040 modo,
1311 2989 1339 3032 ut
1356 2985 1465 3047 proxime
1483 2987 1576 3050 scripsi.
1603 2985 1657 3045 Qut

298 3070 355 3107 sero
374 3059 468 3108 iactum
486 3057 568 3115 inerit,
587 3063 616 3106 ut
628 3057 671 3106 illa
683 3058 820 3106 animarum
840 3055 989 3104 amicissima
1004 3056 1067 3102 atui
1081 3067 1164 3104 amore
1184 3053 1303 3103 destituta
1319 3055 1401 3112 inerit,
1419 3070 1467 3122 ago
1481 3069 1543 3106 sans
1555 3057 1657 3106 odorari

297 3145 347 3179 non
364 3145 471 3195 possum.
489 3143 536 3179 neo
555 3144 585 3179 ex
602 3127 772 3192 praesentibus
787 3126 951 3193 Tengnngelii
971 3125 1048 3175 literis
1067 3125 1100 3175 ad
1118 3140 1158 3174 ma
1175 3125 1215 3175 rel
1232 3127 1358 3175 minimum
1377 3141 1526 3193 cognoscere
1543 3141 1657 3192 possum,

290 3203 411 3252 ‘animum
429 3201 505 3266 ipsius
524 3201 660 3250 alienatum
679 3213 742 3250 esse.
780 3197 844 3249 Sunt
860 3197 928 3248 haud
951 3195 1023 3248 dubie
1042 3198 1066 3247 in
1085 3199 1132 3247 isto
1151 3197 1200 3246 riro
1218 3195 1311 3248 heroici
1337 3199 1413 3248 animi
1430 3205 1511 3249 motus
1529 3197 1657 3260 subitanei

300 3273 325 3321 ln
344 3280 473 3340 utramque
492 3277 597 3337 partem,
617 3281 643 3322 et
661 3271 753 3338 ingenii
772 3271 888 3320 divinitas
906 3268 1029 3334 quaedam
1047 3271 1073 3320 in
1091 3270 1143 3333 ipso
1163 3275 1208 3318 est.
1235 3267 1311 3334 Spem
1330 3269 1422 3336 itaque,
1441 3270 1497 3320 illas
1515 3270 1658 3320 simultates

300 3344 380 3394 subito
399 3350 496 3394 axomes
515 3343 656 3408 dissipatum
675 3344 713 3392 iri.
1381 3343 1385 3360 ⁴
1478 3341 1481 3346 '

390 3424 429 3473 sd
446 3424 512 3476 haec
529 3424 652 3488 Keplerue
670 3425 706 3474 sic
728 3421 852 3488 respoudit
870 3419 907 3486 (i.
927 3419 982 3471 Oct
1004 3415 1103 3481 locam
1122 3410 1314 3474 Offensiones
1343 3431 1410 3474 cum
1437 3412 1657 3494 TengnagellO,

301 3503 381 3584 qnod
410 3504 536 3579 scribis,
567 3511 686 3584 tempus
717 3511 748 3564 et
779 3520 846 3563 mea
875 3501 920 3563 uti
953 3521 1040 3583 spero
1064 3499 1224 3580 integritas
1251 3509 1283 3562 et
1311 3502 1424 3566 eandm
1455 3501 1658 3584 dispulerunt.

301 3591 476 3656 Nubeculas
499 3600 600 3654 tamen
623 3609 742 3670 semper
765 3589 883 3670 aliquas
902 3591 1028 3653 exhalat
1049 3590 1133 3652 locus
1157 3590 1319 3652 lacunosae
1335 3621 1376 3634 —-
1394 3592 1511 3675 reliqua
1530 3592 1660 3674 inquam

178 3725 187 3740 .
274 3681 428 3754 tamilla.
473 3682 522 3745 De
545 3679 648 3761 genesi
671 3687 772 3742 tamen
795 3679 861 3756 ejus
883 3681 960 3740 haec
982 3679 1091 3759 scripsi
1115 3679 1212 3742 serio:
1238 3679 1389 3743 Saturnus
1412 3682 1558 3746 elevatus·
1571 3682 1658 3754 in00

302 3771 415 3833 Martis
439 3769 655 3848 infelicitatem¹
672 3769 761 3830 affert
783 3774 815 3828 et
838 3767 978 3830 duritiem
1008 3768 1118 3844 animi;
1151 3768 1226 3844 §in
1250 3761 1323 3848 (sl)
1347 3771 1544 3851 suspiciones.
1591 3769 1660 3834 Sed

303 3860 538 3942 quinetiam&
562 3859 591 3922 in
616 3858 718 3922 sextili
741 3856 786 3931 li,
819 3856 863 3918 ita
895 3864 929 3918 ut
952 3857 994 3918 sit
1016 3861 1051 3926 Δ
1070 3853 1091 3934 ὃ
1110 3856 1157 3930 ll,
1188 3858 1278 3939 plane
1308 3860 1352 3923 nti
1384 3859 1491 3934 scribis
1522 3857 1660 3922 divinum

302 3956 387 4012 notat
412 3949 578 4029 ingenium,
601 3947 681 4030 quod
703 3953 806 4010 natum
831 3945 872 4008 sit
892 3965 1003 4028 magna
1025 3946 1056 4008 iu
1079 3944 1196 4010 artibus
1218 3967 1357 4025 movere,
1381 3950 1408 4010 si
1430 3949 1593 4012 infelicitas
1617 3968 1660 4010 ex

302 4036 323 4118 li
348 4059 407 4102 non
432 4039 576 4101 obstaret.
615 4037 745 4100 Occasio
770 4037 992 4098 contentionum
1017 4055 1055 4096 ex
1074 4033 1163 4096 malis
1187 4036 1319 4100 familiae
1342 4037 1475 4104 moribus
1498 4047 1530 4100 et
1552 4040 1660 4118 euspi-

301 4129 442 4205 cacitate,
466 4136 579 4191 etmea
600 4127 734 4189 vicissim
758 4125 936 4204 impotentia
955 4133 987 4186 et
1001 4123 1166 4186 insultandi
1190 4125 1322 4188 libidine.
1358 4126 1416 4190 Hie
1437 4127 1659 4208 superveniens

301 4218 524 4300 Teugnagelius
552 4223 729 4297 argumenta
751 4233 824 4276 sane
847 4235 906 4278 non
936 4214 1016 4276 levia
1047 4213 1181 4290 invenit,
1213 4216 1291 4278 male
1325 4216 1362 4276 de
1390 4235 1437 4278 me
1468 4217 1653 4298 suspicandi.

301 4308 502 4372 Possidebam
525 4305 762 4386 observationes,
786 4323 966 4384 negaveram
989 4323 1037 4366 me
1061 4321 1098 4364 ea
1112 4305 1308 4384 possessione
1332 4324 1486 4368 cessurum
1510 4307 1655 4370 haeredi-

301 4397 377 4474 bus3
401 4405 483 4460 eram
506 4397 536 4459 in
560 4416 613 4478 spe
637 4394 759 4458 salarii:
785 4393 843 4474 ipsi
866 4393 1001 4458 vicissim
1024 4412 1062 4454 ex
1078 4393 1148 4454 aula
1171 4393 1245 4458 nihil
1268 4394 1466 4479 acqlpiebaut.
1497 4396 1558 4460 Sed
1578 4396 1656 4460 illud

302 4487 440 4566 peccavit
453 4487 643 4560 lhanciscus,
668 4483 747 4564 quod
765 4491 836 4564 post
858 4501 975 4548 omnem
999 4482 1238 4546 satisfactionem
1252 4503 1320 4552 ,non
1344 4485 1505 4566 acquievit,
1530 4487 1583 4548 sed
1607 4505 1657 4550 me

302 4576 466 4639 terroribus
480 4576 575 4640 illatis
590 4573 631 4636 ad
646 4573 775 4636 levicula
797 4572 909 4653 aliqua,
932 4571 1096 4654 quaemihi
1111 4572 1268 4635 restabant
1284 4575 1478 4653 praestanda,
1502 4595 1654 4656 uunquam

302 4666 385 4745 prius
408 4661 552 4728 monitum
575 4685 613 4728 ex
637 4663 763 4750 abrupto
787 4661 909 4741 adigere
933 4660 1100 4737 contendit,
1127 4661 1253 4743 perinde
1276 4683 1312 4724 ac
1336 4663 1363 4726 si
1386 4664 1445 4727 vile
1473 4665 1657 4747 mancipium

302 4753 437 4816 inissem.

391 4841 449 4894 Jtm
466 4841 603 4908 Ksplerns,
626 4857 670 4906 per
692 4841 785 4906 aliquot
809 4854 886 4891 annos
904 4853 957 4890 ram
981 4811 1103 4890 intactam
1126 4805 1266 4906 relinqueris
1289 4840 1388 4892 demum
1406 4854 1472 4892 anuo
1493 4835 1570 4890 stol.
1590 4829 1657 4894 redit

305 4911 337 4965 ad
355 4911 400 4964 has
418 4913 565 4971 simultates.
584 4913 696 4964 Fabricio
715 4915 842 4980 quaerenti
863 4905 910 4972 ,de
926 4917 994 4962 statu
1007 4910 1217 4975 'lychonlcornw
1238 4911 1301 4963 (1.7.
1316 4911 1388 4964 Febr.
1407 4905 1470 4964 bse'c
1488 4913 1655 4980 respondeus:
