3552 5562
470 301 501 356 do
518 301 707 358 Commentariis
725 305 757 357 de
775 309 844 358 motu
862 303 951 358 stellae
967 303 1064 356 Martis.
1396 297 1439 378 85

72 487 112 542 ιιι
152 477 286 542 Mensis
310 481 418 548 nobis
443 503 480 546 eo
501 485 633 550 curando
657 485 725 548 dnm
753 489 942 564 aegrotaret,
973 490 1005 546 et
1027 483 1201 565 sepeliendo
1222 487 1341 546 mortuo
1364 501 1437 546 con·-

72 576 177 632 sunus.
230 569 320 632 lnde
359 591 463 653 usqne
495 573 534 637 ad
565 573 658 638 ferias
689 573 855 640 Natalitias
886 573 981 662 pelegi
999 565 1298 655 ‘Progymnasnacu
1331 571 1441 652 scripsi

72 657 191 732 indicem,
217 659 369 742 concepi
394 669 497 738 nome,
520 683 644 745 quarum
667 664 785 746 aliquae
809 664 858 736 (ut
871 662 933 726 re'm
948 661 1186 742 indignissimam
1202 660 1299 724 obiter
1313 661 1438 736 eddam)

74 748 276 812 tantummodo
302 749 456 830 privatae
479 753 653 818 monitionis
676 773 770 818 cause
792 753 941 834 scriptae,
974 751 1163 832 postmodum
1185 769 1239 830 per
1269 748 1440 814 simultates

78 851 194 913 nosnos,
228 857 289 902 me
316 859 384 902 non
409 841 538 921 amplius
561 842 709 918 consulto,
733 843 853 906 frenant
876 841 921 904 ita
942 840 1057 904 ruditer
1080 847 1112 904 ct
1133 839 1275 915 cruditer¹
1298 845 1332 901 ut
1353 845 1440 902 erant

79 946 147 988 ane
171 935 378 1010 conceptae,
403 930 481 994 citro
504 949 620 996 omnem
642 931 1053 1016 necessitatemlimpressea
1076 927 1212 1004 consilio,
1235 934 1270 990 nt
1286 927 1380 1008 ajunt,
1403 947 1440 990 ne

78 1017 206 1080 hhrem
233 1037 316 1098 ego,
341 1038 404 1100 qno
427 1019 634 1084 calumniarer.
671 1021 738 1086 Ubi
754 1021 846 1084 otiam
861 1027 1054 1101 praeceptum
1072 1017 1103 1082 in
1122 1016 1324 1097 computanda
1335 1017 1439 1083 Lunae

77 1107 259 1186 longitudine
289 1126 333 1170 ex
357 1128 429 1170 mea
449 1128 544 1188 prava
565 1111 751 1176 correctione
784 1111 836 1184 (de
867 1130 927 1192 qna
957 1115 1039 1173 enain
1071 1106 1198 1172 seorsim
1221 1105 1440 1172 deliberaturus

76 1205 150 1258 extra
182 1197 383 1264 teminorum
416 1198 588 1278 strepitum:
626 1199 675 1264 oui
711 1199 756 1264 rei
792 1207 895 1262 notam
930 1199 970 1260 ad
1001 1197 1168 1277 marginem
1198 1213 1374 1278 posueram,
1406 1201 1440 1258 ut

74 1285 195 1367 emplius
222 1305 328 1367 super
352 1306 389 1349 eo
413 1288 580 1350 conferrem
602 1307 668 1352 com
690 1288 886 1363 haeredibus)
913 1307 960 1352 me
990 1307 1050 1355 non
1072 1285 1201 1368 emplius
1224 1285 1360 1348 consulto
1383 1283 1441 1348 fuit
1511 1299 1514 1308 “

72 1394 267 1456 perversum:
298 1383 334 1438 ut
356 1376 448 1456 plone
470 1377 585 1439 habeas
607 1385 640 1440 to
663 1378 711 1440 vel
734 1378 883 1442 Miillerus
905 1377 1020 1460 potius,
1053 1376 1132 1459 quod
1163 1373 1237 1440 mihi
1269 1393 1322 1436 seu
1342 1372 1441 1454 magio

73 1463 291 1530 simultatibus
316 1466 432 1528 nostris
456 1467 671 1530 succenseatis.
1133 1505 1137 1512 ·

157 1555 227 1618 Sed
252 1553 492 1634 regrediendum
513 1556 552 1618 ad
573 1557 660 1620 initia
681 1555 752 1620 anni
778 1550 877 1630 1602;
910 1553 952 1618 ibi
984 1562 1017 1618 tn
1039 1553 1102 1618 noli
1125 1553 1272 1615 rationem
1293 1551 1438 1630 temporis

72 1643 206 1724 exigere.
259 1643 365 1708 Crede
388 1645 476 1719 mihi,
508 1647 587 1727 quod
618 1647 694 1710 duos
725 1643 862 1725 integros
892 1663 1013 1734 menses¹
1037 1642 1145 1706 stando
1169 1639 1438 1721 consumseoimin

74 1733 210 1814 equestri
235 1732 374 1813 palatio.
414 1733 495 1797 Nam
517 1741 633 1798 mortuo
657 1734 798 1817 Tyohone
822 1729 873 1796 24
900 1733 968 1798 Oct.
993 1736 1096 1804 (1601.)
1118 1729 1281 1795 Barwiilus
1299 1723 1350 1792 26·
1369 1729 1437 1793 Oti·

74 1822 147 1884 mihi
169 1822 259 1884 ultro
287 1821 433 1884 salarium
457 1823 640 1888 Caesareum
663 1822 869 1898 annunciavit3
903 1822 933 1884 id
965 1829 999 1885 nt
1029 1821 1254 1905 confirmaretur
1280 1818 1441 1899 petendum

76 1918 152 1984 erat,
175 1911 282 1972 donec
306 1911 429 1974 modern
443 1909 473 1975 9.
488 1913 594 1976 Martii
616 1913 744 1994 primam
767 1911 870 1991 accepi
893 1911 1061 1991 pecuniam.
1103 1909 1200 1972 Paulo
1222 1915 1293 1989 post
1314 1907 1441 1992 migravi

78 2001 280 2076 Emamtem,
305 1999 397 2064 horae
419 2000 507 2064 unius
530 2000 639 2064 itinere
662 2001 812 2066 cursitans
836 1999 970 2082 qnotidie
993 2000 1023 2062 in
1047 1998 1155 2060 aulam.
1202 1996 1248 2060 Ibi
1271 2005 1334 2058 tum
1357 1995 1442 2076 coepi

80 2089 248 2150 observare
273 2095 308 2150 et
329 2089 369 2150 ad
391 2091 525 2153 Martem
547 2091 661 2164 redire,
693 2089 867 2172 invenique,
899 2091 980 2152 mant
1012 2088 1077 2170 ejus
1104 2106 1172 2150 esse
1196 2085 1444 2168 nonlperfectum

80 2178 305 2252 eccentricuun,
339 2179 394 2240 sed
424 2178 551 2244 ovalorn.
598 2179 781 2262 Supervenit
801 2186 903 2242 autern
925 2177 1130 2258 Tengnaglius
1163 2181 1196 2238 et
1226 2174 1340 2238 invenit
1371 2174 1441 2236 lites

79 2287 120 2328 me
145 2269 233 2330 inter
256 2273 291 2328 et
305 2267 517 2348 Tyohonianos
540 2271 614 2351 (qua
633 2269 664 2332 in
679 2289 711 2332 re
725 2269 934 2332 curiositatem
949 2267 1005 2331 tibi
1019 2285 1118 2328 meam
1132 2263 1261 2328 libenter
1276 2263 1384 2338 fateor,
1408 2269 1443 2326 ut

80 2357 150 2418 olim
166 2375 293 2438 qnoque
311 2355 342 2416 in
357 2355 481 2431 literis),
504 2367 596 2422 etms
612 2359 797 2440 quarundam
812 2357 1055 2428 observationum
1068 2375 1128 2417 non
1142 2360 1261 2418 oratum
1279 2352 1444 2428 custodem,

79 2467 153 2528 quas
177 2445 242 2527 ipsi
268 2444 392 2526 quidem
423 2445 501 2508 citra
532 2448 626 2511 ullam
656 2447 894 2510 controversiam
921 2445 1049 2522 tradidi;
1081 2444 1136 2507 sed
1167 2443 1316 2506 adventus
1348 2441 1445 2521 ipsius

79 2555 176 2598 meum
201 2534 356 2598 salarium
388 2555 533 2617 quassare
563 2537 731 2600 videbatur.
778 2538 883 2619 Itaque
913 2554 1009 2598 novae
1042 2541 1126 2598 ortae
1159 2529 1391 2594 sollicitationes
1414 2536 1446 2592 et

80 2625 209 2706 denique
235 2643 289 2686 res
313 2643 350 2686 eo
373 2625 473 2699 rediit,
497 2633 530 2688 ut
547 2626 671 2709 juberer
685 2626 838 2690 nominare
853 2625 955 2688 studia
970 2644 1022 2687 seu
1038 2641 1150 2704 opere,¹
1163 2639 1240 2704 qnae
1261 2619 1444 2700 susciperem

79 2713 271 2794 perficienda
294 2731 349 2792 pro
374 2714 486 2778 salario
509 2735 585 2780 meo.
630 2718 757 2780 Factum
781 2716 883 2778 idest
908 2710 1007 2784 1602„
1020 2706 1233 2795 septembrib
1266 2707 1444 2789 Nonoupavi

81 2803 305 2866 Amonomiae
333 2810 452 2883 partem
475 2805 616 2885 Opticam
648 2805 687 2868 ad
720 2805 877 2886 sequeutia
899 2803 1062 2878 Natalitia‚
1096 2807 1128 2863 et
1151 2798 1374 2864 Commentario
1406 2798 1443 2860 de

80 2892 214 2954 motibus
236 2890 353 2954 Martis
377 2891 417 2954 ad
440 2913 568 2976 sequens
582 2895 712 2959 Pascha.
759 2893 901 2974 Seposito
924 2893 1015 2974 igitur
1029 2893 1130 2956 Marte
1154 2888 1248 2952 sumsi
1267 2887 1388 2966 Optica,
1414 2894 1446 2948 et

82 3001 148 3044 cum
166 2981 235 3060 jaon
261 2979 301 3045 de
326 2981 488 3046 excusione
511 3003 643 3064 agerem,
666 2991 728 3046 turn
752 2984 871 3049 demum
893 2983 978 3064 coepi
1001 2981 1039 3044 de
1061 2999 1141 3044 novo
1156 2977 1336 3042 concinnare
1358 2995 1443 3056 opus,

81 3089 177 3151 neque
200 3077 326 3132 mmmm
342 3070 459 3152 aSept
478 3069 572 3136 1602.
597 3074 628 3136 in
642 3071 794 3138 Natalitia
820 3068 915 3149 1602,
939 3071 994 3135 sed
1016 3072 1047 3133 in
1070 3071 1167 3132 altera
1179 3065 1330 3132 Natalitia
1347 3061 1440 3130 1603.

84 3159 124 3220 iis
146 3159 334 3222 incumbere.
373 3159 417 3222 Iis
438 3162 583 3241 perfectis
606 3170 770 3243 occupatus
795 3162 838 3224 fui
861 3181 938 3242 pene
955 3161 1012 3224 hoc
1035 3166 1100 3222 toto
1123 3177 1202 3219 anno
1224 3151 1318 3220 1604.
1343 3153 1443 3234 operis

80 3247 335 3329 typographicis,
367 3249 468 3331 itaque
499 3258 565 3316 toto
601 3247 701 3318 1600·
728 3250 780 3312 vix
801 3270 905 3332 parurn
928 3249 1050 3331 respexi
1081 3247 1121 3310 ad
1143 3247 1292 3318 Martem,
1324 3241 1443 3306 condidi
1509 3265 1512 3268 ·

80 3348 183 3400 umen
197 3337 447 3429 Ephemerida<5¹
455 3347 487 3402 et
500 3339 612 3404 tradidi
629 3359 694 3404 oum
705 3340 835 3421 Opticis,
852 3340 1000 3421 etiamque
1015 3338 1099 3405 illam
1113 3342 1249 3398 nostram
1260 3330 1442 3408 Pandoram

79 3427 390 3492 umrsomarionen
411 3428 478 3492 dico
492 3430 665 3504 Luaarium,
690 3429 825 3511 interjeci
840 3429 993 3492 mensibus
1007 3426 1132 3500 Martio,
1153 3423 1254 3505 Aprili
1272 3429 1305 3484 et
1325 3421 1442 3486 dnobus

79 3516 151 3580 eliis
176 3517 210 3579 in
232 3516 376 3598 plenaria
398 3517 592 3584 adornatione
616 3528 649 3582 et
666 3518 868 3598 descriptione
884 3517 1058 3582 consumtis.
1093 3515 1144 3580 Ab
1159 3513 1244 3578 initio
1258 3511 1330 3576 enni
1346 3507 1440 3575 1604.

80 3607 158 3668 redii
180 3607 223 3668 ad
246 3607 386 3672 Martem
408 3615 439 3669 et
461 3607 686 3674 Commentario
710 3605 834 3692 scripsi3
867 3608 955 3671 simul
986 3605 1106 3672 tabulae
1129 3601 1442 3685 proethaphaereeeon

81 3695 165 3760 orbis
200 3696 295 3760 annui
328 3695 486 3776 generales
518 3707 550 3760 et
580 3698 743 3779 cuicunque
782 3697 967 3765 restitutioni
1000 3704 1025 3770 ο·
1057 3701 1163 3776 aptes,
1201 3690 1290 3756 simul
1321 3689 1442 3753 tabulas

82 3785 267 3867 prosthsph
293 3806 333 3848 ex
355 3786 516 3866 hypothesi
537 3787 674 3870 physica,
697 3787 758 3864 ubi,
782 3788 890 3852 credes
912 3786 995 3863 mihi,
1018 3781 1200 3868 quadragies,
1218 3780 1372 3846 minimum
1385 3798 1442 3842 usu

83 3875 175 3950 venit,
201 3883 317 3955 utpet
343 3872 640 3940 retrocessionem
672 3877 809 3959 operatio
840 3877 1056 3940 traduceretur.
1101 3873 1182 3938 Nem
1210 3869 1255 3934 rei
1287 3867 1441 3932 subtilitas

85 3983 142 4026 non
165 3972 218 4028 est
239 3983 346 4046 posse,
369 3983 425 4045 per
446 3965 540 4030 denos
562 3975 616 4032 eut
637 3986 728 4032 senos
751 3965 863 4048 gradus
885 3966 1009 4031 saltare.
1047 3961 1145 4026 Simul
1158 3967 1258 4024 autem
1272 3963 1304 4020 et
1319 3975 1440 4038 operam

86 4052 190 4118 literis
211 4053 297 4130 dedi,
320 4054 469 4137 genuique
492 4055 615 4120 tiliolum
628 4056 831 4132 Fridericum;
856 4055 945 4118 simul
962 4061 994 4117 et
1013 4049 1151 4118 bimestri
1173 4057 1307 4128 tempore
1330 4063 1440 4126 aegro-

87 4144 147 4206 tari
171 4151 206 4206 et
229 4163 292 4208 une
323 4163 415 4222 uxor;
448 4145 540 4208 sitnm
570 4166 649 4210 nova
679 4145 771 4210 stello
802 4151 909 4208 exorta
940 4141 1153 4224 occupationes
1183 4136 1320 4220 peperit;
1351 4133 1441 4199 simul

88 4233 213 4314 migrari
228 4233 259 4296 in
270 4233 361 4298 nimis
375 4234 558 4316 longinquae
572 4235 675 4312 sedes,
689 4243 721 4300 et
733 4234 816 4297 mille
832 4233 894 4298 ulia
907 4233 1030 4314 negotia
1043 4229 1209 4294 domestice
1223 4235 1255 4292 et
1267 4223 1443 4307 inStyriem

91 4323 268 4405 scriptiones
290 4323 348 4388 tibi
370 4331 530 4406 comperta
549 4344 609 4388 non
627 4331 706 4402 sunt,
729 4324 829 4388 aulice
843 4342 881 4387 ex
896 4320 1083 4402 Tengnsglio
1097 4319 1198 4382 diseas
1211 4323 1292 4398 peto.
1330 4313 1441 4385 Credo,

90 4414 163 4494 quod
185 4412 347 4478 dimidium
368 4414 519 4496 temporis
541 4414 678 4496 eripiant.
724 4415 795 4480 lam
816 4412 888 4495 quid
911 4411 951 4475 sit
973 4411 1111 4474 effectum
1133 4407 1212 4470 vide.
1257 4403 1354 4470 Ovale
1382 4401 1440 4465 iter
1541 4461 1543 4466 .

94 4511 186 4585 oper
207 4525 316 4570 emam
337 4505 520 4570 aetheream
541 4510 588 4568 est
610 4511 762 4568 constans.
810 4499 1090 4570 Geneaovulicatis
1109 4497 1229 4562 titubat.
1258 4493 1341 4572 ligo
1364 4491 1439 4554 huo·
1466 4557 1468 4564 ,

94 4606 170 4656 tenos
192 4615 318 4660 causam
341 4593 439 4660 attuli
464 4591 572 4669 talem,
604 4611 643 4656 ex
674 4611 733 4674 qua
765 4591 915 4674 sequitur,
946 4591 1114 4672 ingressum
1138 4594 1162 4657 d
1185 4607 1206 4647 a
1233 4582 1344 4660 circulo
1370 4599 1439 4644 esse

100 4678 170 4748 1300
183 4687 221 4750 de
238 4682 496 4766 152500„quem
509 4681 559 4744 ubi
573 4682 659 4764 coepi
672 4679 836 4752 illustrare.
855 4701 916 4744 non
929 4677 1047 4742 invenio
1063 4675 1207 4755 majorem
1221 4667 1350 4772 800191
1364 4665 1437 4773 900.

99 4769 302 4858 Comprehendi
324 4785 440 4840 tamen
470 4765 509 4832 51
534 4771 681 4854 capitibus
705 4772 805 4834 omnia
827 4789 903 4853 quse
926 4767 1083 4850 explorata
1105 4763 1210 4828 habeo.
1257 4760 1293 4826 Su
1318 4779 1439 4834 morter,

100 4865 152 4930 ¹51⁰
170 4868 367 4938 haecomnia
392 4857 569 4930 utilissima
590 4863 691 4928 futura
705 4859 831 4926 alterius
849 4875 1055 4942 progressuro.
1094 4853 1218 4918 Summa
1239 4851 1331 4918 haoo:
1354 4851 1440 4916 lists
