3604 5534
372 301 435 374 196
845 303 886 355 De
903 303 1013 354 Motibus
1036 299 1131 352 Stellae
1148 297 1237 352 ueras

369 485 461 548 medii
483 489 582 546 motus
598 480 678 546 Solis
701 485 745 562 ιιβ
766 482 797 544 iu
811 481 928 558 Ariete,
953 480 1036 547 linea
1053 498 1124 550 verq
1149 477 1273 542 visionis
1296 479 1436 558 planetae
1459 475 1490 539 in
1506 475 1594 540 Libra
1614 495 1692 558 prae·

371 575 432 639 eise
454 572 500 635 illi
523 573 679 654 opposita,
708 589 815 652 nempe
839 595 898 634 on.
947 569 1022 633 Cum
1044 568 1136 649 igitur
1158 591 1198 632 oa
1219 569 1262 631 sit
1291 567 1372 630 ultra
1393 568 1438 644 νβ
1466 566 1564 646 magis
1584 567 1612 630 in
1631 585 1694 628 con·

370 662 537 745 sequentia,
561 681 711 743 apparens
733 661 824 741 igitur
838 659 919 722 Solis
944 661 1026 722 locus
1050 666 1098 720 est
1116 659 1196 721 ultra
1217 659 1357 739 planetae
1381 655 1567 735 oppositum
1589 663 1694 718 etcum

369 779 387 816 ιι
410 752 570 828 sit'lerra,
592 753 676 814 risus
691 749 881 822 domicilium,
904 759 935 812 et
958 773 982 811 ω
1005 749 1142 836 planeta,
1163 757 1194 809 et
1212 756 1338 827 uterque
1361 745 1545 808 descendant
1565 743 1694 847 verensi,

368 841 502 905 velocius
534 847 635 904 tamen
659 864 677 901 ιι
699 840 808 913 Terra;
841 838 922 901 linea
951 857 1022 918 ergo
1051 859 1101 898 on
1127 823 1288 917 posteriori
1321 821 1454 913 tempore
1487 833 1581 896 adhuc
1611 833 1695 913 mags

371 931 531 995 inclinatur
553 931 593 992 ad
611 931 721 993 lineam
744 950 785 990 ιιιι
808 928 936 990 visibilis
959 927 1017 990 loci
1032 925 1131 989 Solis.
1156 925 1323 988 antecessit
1336 924 1427 1004 igitur
1451 942 1596 1004 apparens
1613 942 1695 1004 oppo-

371 1022 441 1084 sitio
464 1020 602 1083 mediam.
640 1019 787 1098 Tempore
810 1017 911 1097 igitur,
937 1017 1015 1098 qnod
1033 1016 1187 1078 antecedit
1209 1023 1388 1077 momentum
1412 1013 1562 1092 signatum
1582 1032 1688 1093 pero
1652 1015 1694 1090 βι,

371 1109 448 1190 quod
472 1109 512 1171 sit
535 1111 593 1186 pe,
617 1108 742 1186 planeta
763 1108 793 1168 in
817 1107 925 1168 lineam
949 1127 986 1168 ex
1010 1130 1025 1168 ιι
1048 1124 1101 1186 per
1123 1111 1149 1166 θ
1177 1105 1315 1166 eductam
1343 1102 1474 1176 incidet,
1508 1121 1609 1182 nempe
1630 1101 1657 1162 in
1676 1099 1695 1174 ζ.

367 1199 409 1262 Ει
431 1205 502 1262 tuuc
524 1193 576 1270 ιιζ
594 1197 676 1259 liuea
705 1195 830 1258 visionis
861 1196 1003 1277 planetae
1037 1196 1130 1275 (qnod
1157 1193 1384 1256 inexercitatior
1416 1190 1523 1271 aliquis
1554 1191 1696 1277 diligenter

368 1288 470 1362 notet)
493 1286 562 1367 plus
585 1287 615 1347 in
639 1286 853 1364 consequentia
876 1285 975 1364 vergit
998 1285 1052 1346 sub
1067 1284 1143 1359 lixis,
1170 1301 1257 1363 quam
1280 1306 1331 1344 oo
1355 1281 1498 1360 temporis
1520 1279 1694 1360 posterioris:

368 1377 439 1458 qnia
462 1377 521 1438 etsi
543 1371 593 1448 ot
611 1373 767 1455 praecedit
788 1374 898 1436 lineam
922 1399 969 1435 cn
993 1374 1022 1435 in
1042 1373 1262 1446 antecedentia,
1286 1382 1388 1432 tamen
1410 1369 1534 1448 perinde
1556 1377 1604 1430 est
1624 1388 1655 1429 ac
1675 1367 1698 1428 si

368 1472 402 1543 o,
426 1489 445 1526 u
467 1471 499 1527 et
513 1463 613 1526 omnia
636 1464 756 1526 omnino
778 1471 891 1542 puncta
907 1483 961 1544 per
975 1463 1086 1524 Terrae
1111 1462 1251 1525 circulum
1274 1480 1363 1523 uuum
1378 1466 1519 1538 punctum
1536 1466 1566 1521 et
1579 1467 1698 1520 centmm

371 1556 519 1636 sphaerae
542 1554 667 1616 lixarum
691 1559 812 1615 essent:
845 1571 936 1632 quare
960 1571 1017 1614 non
1046 1552 1194 1614 distantia
1223 1549 1473 1621 terminorumd,
1496 1570 1525 1622 n,
1548 1548 1601 1609 sed
1623 1546 1699 1626 inoli-

369 1644 453 1706 natio
477 1642 621 1706 lineamm
643 1637 698 1718 θζ,
722 1665 770 1703 cm
794 1642 905 1717 efficit,
938 1650 972 1704 ut
993 1641 1122 1704 lineae'
1114 1662 1143 1702 ιιι
1173 1640 1294 1702 diversa
1323 1637 1438 1700 zodiaci
1471 1638 1540 1700 loca
1568 1621 1698 1710 incidant,

369 1735 477 1795 eodem
495 1734 553 1794 ad'
563 1752 683 1794 sensum
696 1731 892 1807 coincisurae,
911 1731 938 1793 si
955 1731 1092 1812 paralleli
1117 1729 1252 1792 luissent.
1291 1725 1433 1790 Incliuari
1452 1735 1554 1788 autem
1572 1721 1590 1799 ζ
1607 1743 1701 1786 versus

368 1845 392 1884 ω
415 1828 503 1902 patet
528 1821 621 1894 iude,
654 1821 732 1902 quod
764 1820 843 1882 idern
872 1829 990 1900 tempus
1023 1820 1216 1900 supponitur,
1248 1836 1305 1898 quo
1336 1817 1461 1897 planeta
1483 1834 1520 1877 ex
1543 1811 1610 1888 ζιιι
1631 1837 1653 1876 o
1674 1819 1701 1874 et

368 1911 462 1974 Terra
485 1929 522 1972 ex
544 1912 600 1972 θ
592 1931 622 1972 ιιι
645 1933 663 1972 v
686 1917 832 1972 movetur.
877 1911 972 1972 Terra
994 1927 1065 1972 vero
1094 1908 1225 1971 velocior
1247 1915 1295 1968 est
1321 1907 1454 1989 planeta.
1499 1906 1600 1987 Majus
1620 1903 1701 1982 igitur

370 2000 502 2082 spatium
524 2003 572 2062 θιι
595 2000 689 2061 Terra
711 2000 839 2076 conficit,
864 2018 953 2081 quam
976 2005 1024 2060 est
1046 1995 1091 2072 ζω
1115 1997 1246 2079 spatium
1269 1998 1420 2077 planetae.

457 2088 519 2151 Sed
548 2108 616 2150 esse
643 2090 797 2169 planetam
827 2088 1018 2151 antecedenti
1048 2095 1182 2168 ternpore
1205 2087 1304 2167 plus
1295 2105 1327 2146 ιιι
1346 2083 1571 2165 consequentia,
1595 2079 1701 2144 facilius

368 2179 461 2241 ctiam
485 2179 586 2240 doceri
608 2185 728 2258 potest,
757 2196 823 2240 curu
846 2178 902 2240 snh
926 2176 1146 2282 oppositionem
1171 2174 1212 2238 sit
1234 2174 1444 2255 retrogradus,
1473 2174 1554 2254 quod
1577 2171 1701 2234 omnihus

369 2275 500 2330 constat.
546 2269 685 2348 Apparet
711 2267 828 2348 itaque,
859 2267 967 2348 quid
959 2287 988 2328 ιιι
1016 2267 1075 2330 hac
1097 2264 1270 2328 reductione
1294 2287 1312 2326 a
1334 2261 1431 2326 medio
1455 2263 1494 2324 ad
1518 2266 1701 2343 apparentem

367 2353 452 2420 'Solis
467 2365 590 2436 ¹motum
613 2357 642 2418 in
666 2357 740 2419 locis
763 2355 978 2437 inaequalitate
1002 2357 1134 2418 secunda
1157 2355 1254 2416 exutis
1276 2353 1458 2417 immutetur.
1505 2363 1508 2371 ’
1561 2357 1568 2374 ’

378 2495 380 2498 -
439 2446 533 2509 ‘Nam
555 2447 586 2508 in
608 2452 676 2508 ret
694 2446 832 2526 opposito
852 2447 917 2508 loco
931 2446 1060 2526 pristina
1079 2446 1146 2507 loca
1159 2451 1281 2507 manent
1298 2444 1327 2505 in
1346 2439 1423 2516 ζιιι
1443 2459 1486 2503 n:
1512 2439 1631 2503 additur
1643 2438 1701 2498 loco

364 2535 441 2608 viso,
465 2535 536 2616 quia
557 2529 609 2606 θζ
628 2536 677 2607 (ut
699 2534 811 2596 dictum
834 2537 896 2608 est)
920 2535 1017 2614 magis
1041 2535 1072 2596 in
1095 2534 1309 2615 consequentia
1332 2533 1431 2612 vergit
1448 2551 1539 2613 quam
1559 2550 1622 2594 ooo:
1641 2529 1701 2590 adi-

367 2625 457 2687 mitur
484 2623 612 2703 tempori
643 2623 823 2703 interlapso,
856 2624 927 2706 quia
947 2621 999 2698 oc
1018 2632 1067 2687 est
1093 2623 1168 2686 visio
1197 2631 1331 2704 tempore
1354 2621 1436 2696 prior
1459 2641 1550 2703 quarn
1572 2647 1629 2687 on.
1672 2620 1702 2680 ln

366 2713 506 2794 opposito
531 2714 595 2775 loco
619 2713 653 2774 lit
675 2713 866 2790 contrarium,
891 2714 1020 2795 tempori
1044 2713 1159 2776 scilieet
1178 2713 1308 2786 additur,
1327 2712 1393 2775 loco
1409 2713 1562 2777 adimitur.
1609 2715 1703 2794 Atque

365 2803 411 2864 ita
433 2802 500 2865 loca
523 2801 599 2864 haec
621 2801 762 2881 planetae
787 2823 806 2864 a
827 2803 962 2884 pristinis
983 2805 1106 2866 multum
1122 2803 1280 2866 dissident.
1324 2799 1424 2872 Quare
1442 2810 1473 2863 et
1491 2802 1522 2866 iu
1539 2803 1702 2884 operatione

365 2893 402 2953 de
434 2909 511 2952 novo
534 2890 677 2953 instituta
700 2893 823 2954 effectus
845 2894 994 2973 prodeunt
1016 2894 1109 2955 rnulto
1133 2892 1194 2954 alii.
1245 2892 1360 2972 Nempe
1383 2911 1449 2953 cum
1472 2893 1572 2956 visum
1595 2893 1705 2954 fictione

286 3045 294 3062 ,
363 2981 394 3043 in
418 3005 434 3044 ιι
457 2979 561 3043 Solem
584 2980 825 3042 transtulerimus
851 2984 900 3054 (eo
924 2982 1003 3062 quod
1026 2983 1179 3062 planetam
1203 2981 1233 3044 ιιι
1256 3001 1274 3042 τ
1295 2989 1326 3041 et
1350 2976 1375 3058 C,
1388 2981 1517 3061 positum
1533 2983 1703 3064 inspexera-

364 3089 440 3139 mue,
464 3071 560 3132 Terra
582 3070 611 3132 in
634 3069 720 3132 lineis
743 3091 784 3132 ιιι
806 3079 838 3133 et
860 3067 905 3145 ιιζ
923 3079 1073 3148 versante,
1099 3071 1216 3134 scilicet
1238 3071 1266 3132 in
1282 3071 1538 3151 prestructo),
1565 3068 1703 3136 eoceutri-

366 3161 446 3222 citas
470 3159 562 3239 igitur
580 3158 644 3238 jam
669 3180 688 3220 a
711 3185 726 3222 κ
750 3171 921 3241 consurget.
969 3161 1013 3234 At
1038 3180 1130 3241 supra
1153 3160 1251 3240 capite
1267 3160 1307 3222 V.
1332 3166 1485 3222 ostensum
1511 3171 1570 3238 est,
1595 3162 1660 3222 risu
1674 3175 1704 3218 er

366 3252 385 3327 β
408 3251 438 3310 iu
463 3273 478 3310 ιι
501 3248 652 3310 translato
677 3256 708 3309 et
731 3268 768 3310 ex
792 3274 807 3311 ιι
830 3269 884 3330 per
907 3255 925 3312 ι
947 3257 1089 3330 puuctum
1114 3249 1309 3329 aequalitatis
1323 3249 1491 3329 ,pristinum
1507 3252 1591 3321 linea
1606 3251 1705 3330 ejecta,

365 3338 519 3417 perhanc
543 3357 651 3399 novam
677 3337 856 3420 hypothesin
879 3357 988 3401 novum
1011 3340 1128 3420 quidem
1153 3339 1352 3400 ecceutricum
1376 3338 1460 3410 strui,
1484 3342 1540 3402 sed
1566 3341 1615 3422 qui
1640 3333 1707 3399 visui

365 3429 396 3488 iu
424 3427 444 3504 β
467 3445 555 3506 qnam
579 3427 712 3508 proxime
738 3447 808 3488 suas
833 3428 964 3492 visiones
993 3447 1096 3490 ornnes
1126 3428 1360 3508 inperturbacas
1393 3428 1553 3510 relinquat.
1619 3428 1709 3508 igitur

366 3515 509 3577 connexis
533 3520 588 3591 ι,ιι
610 3522 642 3578 et
664 3516 745 3579 linea
759 3517 858 3579 divisa
879 3517 910 3580 in
933 3543 963 3594 μ,
989 3519 1033 3580 sic
1055 3527 1090 3581 ut
1112 3521 1149 3579 ιι
1174 3517 1215 3578 sit
1238 3517 1277 3578 ad
1301 3523 1344 3593 ιμ
1366 3525 1399 3579 ut
1422 3521 1464 3596 ιβ
1486 3520 1526 3580 ad
1551 3525 1602 3592 ιιι,
1628 3527 1711 3581 etex

366 3629 388 3682 μ
412 3603 570 3684 designato
594 3624 670 3667 novo
700 3607 868 3668 eoceutrico
891 3629 944 3684 qe,
970 3608 1020 3686 qni
1042 3608 1132 3688 priori
1157 3604 1195 3688 ξχ
1218 3606 1259 3667 sit
1281 3607 1426 3687 aequalis,
1451 3617 1520 3669 acta
1546 3610 1638 3671 etiam
1662 3621 1710 3685 per

367 3699 419 3768 ao
440 3712 520 3755 nova
543 3694 621 3756 linea
635 3693 780 3776 apsidum,
806 3705 967 3776 consurget
990 3696 1164 3779 hypothesis
1187 3714 1275 3771 nova,
1298 3697 1381 3776 cujus
1404 3697 1487 3776 apsis
1511 3699 1542 3760 iu
1567 3721 1596 3776 η.
1629 3696 1711 3759 Prius

368 3789 468 3844 autem
491 3808 509 3865 χ
532 3784 657 3846 abusive
681 3803 847 3865 apogaeum
871 3786 1059 3861 dixeramus,
1090 3807 1125 3848 eo
1149 3781 1227 3867 quod
1250 3786 1279 3846 iu
1303 3785 1384 3848 linea
1406 3787 1450 3868 χβ
1473 3786 1712 3869 Copernioanum

369 3881 503 3935 centrum
534 3873 604 3950 βιιι
630 3874 726 3935 locum
750 3874 860 3936 Terrae
883 3875 1100 3938 Ptolemaicum
1125 3883 1324 3938 successerat.
1370 3875 1441 3957 Jaru
1473 3877 1571 3956 igitur
1604 3894 1713 3955 ppro-

367 3961 433 4044 pria
462 3961 582 4024 notione
614 3964 695 4035 (cum
717 3962 746 4025 iu
772 3961 981 4044 Oopemicana
1003 3965 1163 4050 hypothesi
1192 3966 1308 4037 snmus)
1332 3965 1482 4044 aphelium
1506 3965 1596 4048 eique
1620 3983 1712 4045 oppo-

368 4051 459 4114 situm
482 4058 624 4131 punctum
646 4051 822 4131 perihelium
847 4053 988 4127 dicemus,
1014 4051 1049 4114 eh
1073 4055 1151 4135 quod
1174 4052 1228 4116 Sol
1252 4079 1267 4116 ιι
1290 4055 1463 4134 longissime
1488 4055 1526 4117 ab
1547 4055 1714 4134 precedat.

455 4139 577 4202 Dictum
610 4147 671 4214 est,
706 4141 776 4220 quid
807 4143 932 4226 physice
965 4143 1105 4206 differant
1137 4144 1194 4205 hae
1218 4144 1352 4224 geminae
1376 4145 1549 4224 opiniones,
1586 4165 1656 4208 mea
1687 4147 1716 4203 et

369 4237 533 4294 auctorum.
591 4227 756 4291 Ostensum
789 4233 881 4294 etiarn
912 4242 978 4306 est,
1011 4235 1167 4314 quomodo
1181 4233 1212 4296 in
1236 4234 1332 4294 forma
1356 4231 1566 4312 Gopemicana
1591 4243 1715 4314 utraque

368 4319 548 4401 geometrice
573 4318 749 4381 delineatur.
796 4320 898 4383 Tertio
923 4332 954 4383 et
976 4322 1050 4385 illud
1073 4323 1269 4398 inculcatum,
1299 4323 1529 4385 astronomiae
1521 4345 1553 4386 ιιι
1580 4321 1715 4387 articulis

368 4409 611 4488 coniunctionum
634 4414 666 4469 et
689 4408 909 4488 oppositionum
932 4411 1006 4473 nihil
1029 4412 1097 4474 illos
1122 4413 1238 4474 differre
1264 4413 1341 4491 quod
1365 4411 1524 4474 admodum
1549 4413 1656 4496 magni
1678 4410 1717 4473 sit

369 4497 549 4562 laciendum.
596 4495 737 4578 Sequitur
759 4504 806 4572 ut,
836 4499 914 4576 quod
937 4519 1029 4582 snpra
1052 4520 1118 4582 cap.
1140 4501 1181 4562 V.
1205 4500 1417 4581 inexplicatum
1439 4501 1563 4580 mansit,
1591 4505 1717 4566 demon-

369 4594 479 4662 strem,
518 4586 637 4650 omniuo
669 4605 809 4691 maguam
841 4587 971 4668 aliquam
995 4591 1192 4654 differentiam
1226 4590 1411 4655 intercedere
1449 4593 1527 4654 inter
1557 4600 1716 4674 utramque

368 4676 565 4827 hypothesin,
603 4677 631 4739 si
661 4695 699 4738 ex
726 4677 763 4739 iis
797 4683 885 4739 extra
916 4678 1006 4748 situm
1031 4680 1227 4764 acronychion
1252 4681 1393 4762 planetae
1417 4683 1514 4745 locum
1537 4693 1718 4764 computare

365 4781 400 4842 ιιι
421 4783 497 4828 carra

458 4853 559 4917 Ducta
580 4852 671 4934 igitur
693 4873 746 4936 per
768 4857 794 4933 λ,
813 4879 837 4934 μ
858 4861 963 4920 centra
985 4858 1218 4926 eoceutrieornm
1236 4859 1317 4922 linea
1339 4858 1532 4941 parallelos
1524 4860 1588 4941 ipsi
1611 4863 1664 4940 βιι,
1689 4867 1721 4924 et
