3640 5538
345 281 410 352 stt
931 281 1094 352 ffimffl

344 471 470 528 metrum
495 461 576 528 Solis
601 471 806 545 apparentem,
830 461 1253 550 relinquitnraenridiarneter
1266 421 1399 528 'umbrae
1420 465 1552 542 Terrae,¹
1571 469 1682 547 quantu

343 573 381 616 ea
403 553 625 618 semidiameter
649 564 697 616 est
720 554 750 615 in
773 553 825 615 illo
849 555 926 629 loeo,
950 575 1039 635 qoam
1062 555 1147 617 Luna
1169 563 1330 617 monstrat.

860 669 1082 732 Theorema
1109 669 1164 732 lv.

344 773 383 838 Si
420 775 462 837 ab
495 784 702 857 aggregato
741 774 1107 838 semidiametrorum
1134 773 1243 838 Solia
1280 781 1316 837 et
1350 775 1496 838 umbrae
1528 777 1682 840 Terrae

345 866 540 928 auferatur
568 865 781 945 parallaxis
805 863 927 927 Lunae
957 864 1089 928 aSole
1118 875 1255 947 quanta
1277 875 1425 946 potest
1448 885 1539 928 esse
1561 867 1598 928 in
1621 867 1681 928 ho·

509 954 683 1029 rizonte,
714 953 938 1036 relinquitur
960 955 1107 1036 duplum
1133 955 1373 1034 parallarreos
1396 953 1514 1018 Solis.

423 1043 509 1107 ¹llam
533 1061 588 1124 per
611 1043 653 1104 tlr.
677 1043 733 1106 111.
757 1043 923 1124 parallaxis
947 1042 1050 1108 Lunae
1069 1052 1135 1105 tota
1156 1051 1188 1106 et
1207 1043 1371 1125 parallaxis
1388 1043 1469 1106 Solis
1483 1041 1683 1108 horizontalea

340 1133 464 1213 junctae
493 1144 625 1213 aequant
647 1131 772 1213 junctas
805 1133 1044 1194 semidiametroe
1069 1131 1150 1194 Solis
1180 1144 1212 1194 et
1234 1134 1353 1195 umbrae
1377 1133 1486 1196 Terrae
1510 1133 1539 1194 iu
1562 1143 1682 1214 puncto,

345 1223 423 1303 quod
447 1222 534 1284 Luna
563 1233 713 1283 monstrat
738 1241 791 1284 suo
815 1223 957 1297 transitu,
983 1231 1173 1304 apparentes.
1219 1220 1280 1285 Sed
1304 1230 1369 1285 tota
1392 1221 1496 1285 Lunae
1518 1223 1684 1302 parallaxis

345 1311 491 1373 diminuta
513 1311 661 1391 parallaxi
677 1309 757 1374 Solis
782 1311 952 1391 appellatur
974 1311 1139 1390 parallaxis
1154 1311 1257 1372 Lunae
1273 1333 1291 1372 a
1306 1310 1387 1374 Sole.
1425 1312 1505 1388 Ergo
1520 1311 1685 1392 parallaxis

344 1400 427 1464 Solis
449 1400 506 1474 his,
530 1409 563 1462 et
584 1399 750 1482 parallaxis
764 1401 867 1463 Lunae
891 1399 996 1462 aSole
1020 1410 1150 1480 aequant
1169 1399 1408 1462 semidiametroe
1423 1401 1529 1463 dietas.
1571 1402 1686 1464 Ablata

343 1489 435 1570 igitur
449 1491 596 1569 parallaxi
612 1490 716 1552 Lunae
738 1511 757 1550 a
770 1489 841 1552 Sole
865 1483 902 1551 ab
922 1501 1088 1570 aggregato
1104 1489 1391 1553 semidiametrorum
1411 1489 1493 1552 Solis
1517 1498 1549 1552 et
1564 1490 1685 1553 umbrae

298 1648 302 1659 ,
344 1579 519 1662 relinquitur
541 1579 660 1660 duplum
683 1579 874 1661 parallaxeoe
898 1577 994 1656 Solis3
1018 1599 1046 1661 q.
1072 1599 1098 1642 e.
1123 1578 1152 1643 d.

883 1694 1089 1758 Theorema
1112 1695 1152 1758 V.

345 1801 504 1875 Quanta
535 1810 595 1864 eat
625 1775 848 1864 differentia
871 1803 1176 1864 semimoeronnm
1204 1799 1353 1863 umbrae
1377 1799 1551 1864 diversis
1575 1799 1685 1866 Solis

344 1889 650 1972 elongationibus
674 1912 693 1952 a
715 1891 853 1952 Terrae
878 1890 1147 1964 formatorum,
1177 1899 1288 1952 tante.
1310 1898 1368 1952 est
1395 1891 1512 1954 etiam
1534 1892 1569 1953 ia
1598 1910 1685 1953 uno·

223 2019 228 2030 ·
344 1982 518 2064 quolibet
562 1981 641 2043 loco
674 1981 861 2043 transitus
900 1979 1021 2042 Lunae
1056 1980 1289 2042 dillereutia
1322 1979 1686 2044 semidiametrorum

344 2070 509 2133 umbrae
532 2070 669 2133 Terrae
706 2069 742 2132 in
769 2069 996 2132 horizontem
1030 2077 1289 2150 exporrectum,
1318 2069 1543 2132 allectionis
1570 2081 1685 2132 tamea

899 2159 1123 2222 contrariae.

431 2247 466 2312 ln
497 2249 650 2312 schemate
682 2247 847 2329 praemisso
877 2248 1095 2330 appropinquet
1122 2247 1175 2312 Sol
1199 2246 1309 2308 Terrae
1341 2265 1434 2328 usque
1465 2247 1559 2324 init,
1587 2247 1685 2330 sitque

345 2337 402 2402 KL
426 2339 650 2400 semidiameter
673 2337 808 2417 aequalis
833 2339 889 2417 ipsi
913 2338 971 2399 Al)
995 2338 1079 2419 eique
1103 2337 1269 2417 parallelo,
1298 2337 1481 2416 duceturque
1505 2357 1585 2399 nora
1607 2339 1687 2400 linea

345 2429 524 2508 contingens
545 2438 700 2506 utrumque
721 2425 828 2506 eorpus
849 2428 877 2486 in
893 2426 920 2488 Ε
939 2434 970 2488 et
984 2426 1020 2500 L,
1045 2427 1291 2506 contineaturque
1305 2445 1397 2506 usque
1412 2427 1483 2488 dum
1499 2435 1584 2489 secet
1598 2445 1687 2494 axem

346 2517 467 2584 umbrae
491 2515 618 2576 Telluris
642 2514 670 2576 in
695 2515 733 2590 H,
758 2524 790 2576 ut
811 2515 895 2578 ΕΗΒ
920 2515 961 2576 sit
982 2515 1158 2578 semimucro
1182 2533 1284 2577 novus.
1334 2513 1493 2578 Seeabitur
1515 2513 1610 2595 igitur
1632 2518 1657 2578 F
1660 2513 1688 2578 G
1731 2547 1735 2554 ·

345 2607 426 2668 linea
447 2624 501 2687 per
523 2605 579 2666 ΕΗ
603 2603 730 2678 liueam;
754 2613 842 2666 secet
865 2603 894 2664 in
918 2604 944 2667 Ι.
991 2601 1071 2676 Quia
1093 2604 1185 2684 igitur
1199 2602 1280 2666 ECB
1304 2605 1479 2666 semimuoro
1497 2605 1645 2686 pristinus
1664 2615 1695 2667 et

344 2695 428 2758 ΕΗΒ
451 2713 555 2768 novus,
579 2693 749 2754 differentia
774 2692 929 2773 utriusque
953 2702 1001 2754 est
1026 2691 1123 2768 HEC,
1147 2693 1175 2755 lr.
1201 2711 1227 2756 e.
1251 2693 1329 2756 IEF.
1372 2697 1417 2756 At
1440 2691 1508 2756 lun
1531 2705 1580 2757 eet
1604 2695 1693 2756 diffe-

343 2785 443 2848 rentia
464 2783 636 2864 angulorum
662 2781 744 2843 GEF
767 2782 941 2861 apparentis
964 2782 1179 2844 semidiametri
1201 2781 1347 2862 pristinae
1371 2792 1402 2844 et
1423 2779 1497 2845 GEI
1519 2802 1635 2859 novae,
1660 2783 1688 2844 in

344 2874 448 2938 eodem
472 2874 575 2936 Lunae
599 2871 728 2934 transitu
752 2868 817 2934 GF.
865 2871 1021 2951 Aequales
1045 2872 1136 2951 igitur
1159 2871 1355 2946 differentiae,
1392 2891 1419 2952 q.
1444 2890 1471 2932 e.
1496 2873 1524 2934 d.

431 2963 507 3025 Dieo
534 2969 635 3024 autem
661 2960 709 3036 „in
733 2959 918 3022 horizontem
944 2961 1178 3042 exporrectae,“
1213 2960 1283 3042 quia
1306 2960 1331 3020 si
1354 2961 1607 3040 Luna-defitiens
1632 2981 1690 3044 ap·

223 3041 226 3054 ’
347 3054 528 3138 propinquet
557 3050 633 3112 coeli
659 3049 775 3124 medio,
811 3057 882 3112 tunc
917 3069 977 3111 una
1012 3049 1234 3112 semidiametro
1262 3049 1373 3111 Terrae
1401 3051 1435 3110 lit
1457 3051 1578 3131 propior
1602 3051 1691 3126 visui,

284 3207 286 3213 ,
346 3163 434 3226 quam
471 3149 574 3205 eentro
611 3141 736 3215 Terrae,
782 3149 854 3204 tuno
883 3138 974 3219 igitur
1007 3139 1164 3202 theorema
1195 3157 1253 3199 non
1290 3139 1450 3201 limitatum
1487 3158 1545 3202 non
1583 3150 1691 3202 mete

343 3252 446 3297 rerum
468 3237 559 3294 esset.
825 3275 828 3280 ,

869 3315 1078 3380 Theoreme
1100 3315 1155 3378 VI.

344 3407 383 3474 Si
419 3409 576 3472 auferas
611 3424 632 3467 a
667 3403 888 3467 differentia
924 3405 1305 3468 semidiametrorum
1341 3401 1446 3466 Solis
1496 3423 1691 3487 apparen-

343 3501 429 3562 tium
462 3516 505 3560 ex
537 3494 708 3557 diversis
746 3491 824 3572 ejus
853 3493 1175 3574 elongationibus
1205 3493 1530 3557 dillereutiolam
1559 3499 1690 3578 paral-

226 3596 228 3606 '
344 3589 484 3652 laxinm
520 3583 620 3648 Solis
651 3581 950 3645 horizontallum
982 3583 1015 3645 ia
1043 3583 1178 3646 iisdem
1207 3582 1537 3663 elongationibus,
1571 3586 1691 3648 relin-

345 3679 479 3762 quitur
511 3670 739 3734 dillerentia
776 3671 1173 3735 semidiametrorum
1205 3670 1356 3734 umbrae
1389 3676 1690 3752 apparentium,

346 3768 386 3832 in
408 3783 482 3830 uno
506 3771 547 3826 et
569 3761 705 3824 eodem
728 3760 821 3822 loco
845 3761 1064 3823 transitus
1091 3761 1231 3835 Lunae,
1263 3760 1609 3840 respondentium
1633 3762 1691 3827 di-

620 3849 758 3912 versis
781 3850 873 3912 illis
897 3849 1012 3912 Solis
1043 3849 1411 3930 elongationibus.

432 3944 511 4008 Nam
547 3959 600 4022 per
626 3939 669 4001 th.
702 3939 743 4002 V.
780 3939 950 4001 differentia
985 3939 1230 4002 semimuoronum
1266 3947 1315 3999 est
1343 3937 1511 4001 differentia
1542 3939 1690 4003 semidie-

294 4081 298 4090 ·
345 4043 505 4102 metrorum
534 4030 655 4094 umbrae
679 4029 789 4091 Terrae
819 4029 848 4090 in
872 4029 977 4090 eodem
1000 4028 1066 4090 loeo
1090 4027 1235 4089 transitus
1258 4027 1372 4090 Lunae.
1419 4025 1480 4090 Sed
1503 4047 1558 4108 per
1581 4029 1688 4092 ooroll.

346 4129 384 4190 ad
418 4125 462 4188 th.
490 4123 516 4186 Ι.
550 4117 718 4182 differentia
753 4117 997 4180 semimueronum
1032 4125 1080 4178 est
1108 4117 1204 4179 minor
1235 4133 1323 4197 quem
1353 4115 1521 4179 differentia
1545 4119 1692 4182 semidia-

334 4223 506 4280 metrorum
531 4207 613 4273 Solis
646 4206 844 4269 differentiola
872 4207 1069 4286 parallarrium
1093 4203 1174 4268 Solis
1207 4205 1442 4268 horizontaliuml
1486 4207 1568 4287 Ergo
1592 4209 1691 4274 demi·

347 4315 420 4368 nuta
450 4304 524 4365 haee
556 4294 756 4360 differentiola
787 4317 807 4357 a
835 4296 1001 4358 differentia
1025 4296 1310 4357 semidiametrorum
1334 4293 1415 4356 Solis
1437 4295 1578 4376 relinquit
1601 4299 1691 4362 ‹tire-

347 4394 475 4459 reutiam
498 4387 783 4451 semidiametrorum
806 4385 927 4447 umbrae
951 4386 1165 4466 apparentium,
1189 4383 1218 4444 h.
1242 4403 1267 4446 e.
1293 4383 1357 4464 ejus
1380 4385 1564 4463 angulorum.

437 4477 695 4546 corollarium.
738 4471 814 4535 Cum
837 4475 1034 4536 differentiola
1053 4472 1250 4554 patellarium
1266 4471 1347 4536 Solis
1362 4471 1425 4546 illa,
1449 4491 1526 4556 quae
1542 4474 1638 4538 oritur
1652 4493 1692 4538 ex

295 4555 298 4562 Δ
348 4571 429 4637 Solis
452 4563 685 4639 eoeentricitate,
709 4561 751 4624 sit
772 4580 847 4642 pene
875 4563 1071 4638 insensibilis,
1103 4563 1145 4624 uti
1169 4581 1326 4641 possumus
1350 4561 1518 4625 differentia
1541 4565 1689 4628 semidia-

349 4643 613 4726 metrorarh'Selis
635 4668 688 4734 pto
711 4651 880 4714 differentia
902 4653 1113 4714 diametrorum
1144 4650 1265 4714 umbrae
1295 4651 1477 4730 singularum
1500 4653 1531 4716 in
1545 4733 1548 4740 Ι
1561 4653 1691 4734 siugulis

349 4750 425 4813 loeis
447 4746 594 4812 transitus
616 4742 737 4815 Lunaet
760 4749 795 4802 ut
816 4749 956 4822 quantum
978 4749 1104 4822 augetur
1125 4739 1207 4804 Solis
1229 4740 1383 4815 diameter,
1407 4743 1692 4822 tanqumdimiuua-

350 4847 399 4902 tor
422 4837 567 4902 diametm
589 4832 711 4896 umbrae
733 4831 806 4894 lere.
