3582 5558
189 335 191 344 .
310 290 373 364 100
723 291 824 344 Litterae
842 287 944 356 Kepleri
965 287 1116 354 aliorumque
1134 289 1235 338 tantm

308 475 443 558 aequalis
467 479 565 536 motus
588 469 723 544 invicem,
748 468 795 552 qni
819 468 849 531 in
872 487 905 530 ae
925 473 973 529 est
995 463 1171 546 inaequalis.
1208 464 1290 526 Tunc
1306 463 1417 545 juncta
1434 463 1469 536 F,
1489 460 1521 527 A
1545 458 1653 524 lineam

312 565 426 628 iaciunt
449 572 510 626 tam
533 562 664 639 longam,
688 578 776 640 quum
800 557 827 620 si
850 577 888 621 ex
911 555 936 621 O
961 555 1145 619 eceentricns
1172 554 1324 637 periectos
1353 552 1541 616 describatur
1569 549 1654 614 radio

257 667 261 674 '
308 654 377 730 ΑΕ,
400 651 543 715 transibit
566 651 644 712 euim
666 667 720 730 per
741 651 777 712 F.

395 743 495 823 Atque
518 740 593 801 haec
615 737 791 821 hypothesis
816 736 895 798 laisa
917 742 975 805 est,
998 731 1076 815 qnod
1100 749 1177 793 anno
1200 727 1295 796 1602.
1320 729 1437 794 rescivi.
1475 726 1529 792 Sin
1552 733 1657 791 autem

308 839 447 895 manente
464 827 609 910 Opuncto
624 826 816 908 aequalitatis
830 824 924 905 ipsius
938 821 1056 886 Dlioea
1071 819 1158 884 ADO
1172 821 1258 883 fieret
1271 821 1352 883 linea
1366 817 1502 900 apsidum
1518 835 1658 880 verarum

309 919 434 1004 epicyeli
458 927 489 980 et
511 916 539 981 Ο
562 935 635 979 vera
658 915 740 995 apsis
763 913 902 997 epicyeli,
930 912 973 974 sie
1003 919 1038 974 ut
1059 911 1117 990 ipsi
1140 907 1224 972 DCE
1248 909 1416 972 anomaliae
1440 907 1557 972 mediae
1580 925 1656 968 con-

307 1011 483 1072 stitueretur
507 1006 641 1088 sequalis
665 1003 758 1078 ODF‚
782 1011 813 1066 et
835 1003 890 1065 DF
912 1000 1105 1064 inclinaretur
1126 999 1164 1061 ad
1188 997 1261 1074 AC,
1289 999 1367 1078 qnod
1396 1008 1444 1061 est
1472 996 1595 1079 perinde
1619 1015 1657 1056 ae
1743 1045 1748 1052 .

309 1099 335 1160 si
357 1098 465 1171 dicam,
490 1095 654 1178 epicyclnm
668 1092 843 1174 aequalibus
857 1091 1041 1170 temporibus
1065 1088 1176 1151 moveri
1200 1087 1366 1168 aequaliter
1379 1089 1459 1151 circa
1473 1105 1557 1149 suum
1581 1103 1657 1147 een-

309 1195 404 1251 trnm:
433 1195 504 1250 tnnc
527 1183 602 1246 haec
626 1190 709 1245 esset
730 1201 817 1262 quarn
841 1179 974 1262 proxime
997 1176 1183 1262 hypothesis,
1208 1197 1266 1259 qua
1289 1196 1353 1240 sum
1376 1195 1448 1240 usus
1469 1194 1525 1258 per
1547 1191 1659 1236 annum

314 1272 398 1340 1603
421 1275 450 1338 in
467 1295 495 1337 a.
514 1267 608 1346 1604,
633 1291 721 1352 qnam
737 1279 768 1333 et
781 1279 814 1334 ιι
829 1279 925 1332 tenes.
953 1267 995 1330 Et
1009 1268 1134 1330 haberet
1148 1266 1326 1329 mediocrem
1341 1285 1462 1330 censam
1478 1264 1658 1328 naturalem.

309 1366 354 1430 At
377 1362 566 1445 deprehendo
590 1380 628 1424 ex
650 1360 763 1440 primae
787 1378 921 1433 excessu,
945 1357 1093 1420 secundae
1109 1355 1238 1431 deiectu,
1254 1354 1311 1420 CA
1325 1351 1413 1420 9264
1430 1375 1497 1418 esse
1516 1353 1657 1417 median·

240 1515 242 1522 ,
310 1455 378 1516 dam
401 1452 449 1514 vel
478 1449 669 1514 bisecandam
692 1450 721 1512 in
745 1448 781 1524 Β,
806 1457 840 1510 ιι
866 1447 957 1509 ducta
980 1439 1060 1508 BDS
1093 1445 1134 1508 sit
1164 1447 1246 1525 apsis
1275 1444 1400 1526 epicyeli
1432 1464 1519 1516 vera,
1553 1440 1657 1523 itaque

311 1542 457 1606 Oadhue
479 1548 615 1603 centrum
637 1537 831 1620 aequalitatis
853 1538 891 1600 D.
939 1535 998 1598 Sed
1027 1535 1091 1614 jam
1118 1533 1197 1596 SDF
1228 1541 1275 1595 est
1305 1533 1439 1616 aequalis
1462 1532 1546 1596 och:
1579 1547 1657 1592 auo-

311 1631 420 1694 maliae
443 1628 577 1692 mediae:
601 1634 634 1690 et
655 1627 710 1690 DF
733 1628 830 1690 minus
854 1625 1015 1688 inclinatur
1038 1624 1075 1686 ad
1090 1618 1146 1687 AC
1163 1643 1250 1704 quam
1273 1623 1365 1704 prius.
1413 1625 1514 1703 Atque
1538 1639 1577 1683 ex
1599 1621 1659 1682 bac

310 1718 469 1804 hypothesi
490 1718 551 1799 jem
575 1735 662 1797 quam
686 1717 820 1796 proxime
843 1733 916 1777 vera
939 1713 1085 1776 distantia
1108 1713 1271 1776 exstruitur
1294 1713 1318 1774 F
1342 1712 1380 1774 ab
1397 1713 1435 1786 A,
1460 1713 1504 1774 sio
1528 1707 1660 1774 ctFAE

268 1847 271 1854 ι
313 1827 401 1890 qnam
430 1807 566 1888 proxime
593 1825 666 1868 vera
692 1812 870 1886 coaequata.¹
915 1803 991 1866 Dico
1023 1822 1110 1884 quarn
1139 1802 1290 1890 proxime,
1323 1821 1471 1884 nunquam
1504 1800 1581 1862 enim
1614 1797 1661 1859 ita

315 1917 400 1974 vere,
428 1905 463 1960 nt
494 1915 560 1958 cnm
593 1915 629 1957 ea
650 1894 793 1978 physicae
818 1893 1005 1972 aequationis
1029 1892 1211 1972 computatio
1234 1891 1419 1954 instituatur.
1465 1890 1559 1953 Porro
1582 1889 1661 1950 haec

312 1985 490 2070 hypothesis
513 1984 585 2048 mibi
610 1986 658 2058 (ut
671 1984 702 2046 in
724 1983 924 2046 delineatione
939 2001 1023 2044 meae
1047 1981 1286 2043 ratiocinationis
1309 1988 1342 2044 ut
1361 1980 1505 2044 constitui
1519 1981 1660 2060 pergam)

314 2095 373 2138 non
397 2073 557 2149 satisfecit,
582 2075 659 2155 quod
683 2082 825 2154 punctum
847 2073 874 2134 B
897 2091 990 2133 cansa
1019 2070 1147 2132 nattrrali
1176 2069 1310 2133 carebat.
1356 2071 1434 2134 Nam
1464 2077 1607 2151 punctum
1633 2064 1660 2130 C

312 2164 405 2229 babet
427 2181 549 2226 oausam
572 2163 748 2235 naturalem,
771 2161 849 2243 quod
873 2180 915 2223 se.
931 2160 987 2224 AC
1012 2159 1112 2222 etDF
1128 2167 1301 2239 aequantur,
1326 2167 1358 2222 et
1380 2159 1458 2240 quod
1481 2155 1660 2220 tantundem

313 2263 361 2316 est
384 2271 420 2316 ac
443 2251 469 2314 si
493 2251 604 2326 dicam,
638 2261 672 2313 ut
703 2251 865 2314 distantiae
888 2259 960 2312 sunt
983 2249 1027 2312 sio
1054 2268 1121 2310 esse
1148 2267 1247 2311 moras
1278 2247 1506 2330 inaequalibus
1530 2245 1660 2309 arcubus

314 2341 454 2442 eqcentri.
500 2339 652 2404 Eeontra
674 2358 745 2402 vero
769 2338 901 2401 uliares
923 2358 971 2401 me
995 2338 1033 2400 ad
1057 2357 1177 2400 cansam
1201 2339 1367 2401 naturalem
1390 2337 1554 2410 invitabat,
1582 2334 1662 2396 haec

313 2449 429 2511 nempe,
454 2429 532 2510 quod
554 2429 617 2491 vidi
639 2437 859 2492 succurrentem
883 2435 1036 2490 secantem
1059 2427 1247 2509 aequationis
1266 2426 1390 2510 epicyeli
1413 2427 1579 2500 maximae:
1602 2425 1662 2488 AF

315 2520 431 2582 scilieet
453 2519 503 2581 ille
528 2526 611 2580 esset
633 2518 687 2588 (ad
707 2518 846 2598 angulum
862 2514 902 2581 5⁰
918 2513 983 2591 l8')
1009 2513 1147 2592 100429,
1170 2517 1271 2598 itaque
1285 2518 1340 2580 ΡΑ
1359 2515 1476 2597 longior
1498 2525 1548 2576 est
1570 2532 1663 2595 quam

314 2607 375 2672 DA
397 2606 554 2688 particulis
576 2602 652 2670 429.
698 2606 740 2668 Ει
763 2606 833 2688 quia
854 2606 910 2669 FA
933 2605 1080 2668 distantia
1102 2604 1235 2688 seqnitur
1259 2625 1295 2668 ex
1316 2606 1511 2686 usurpatione
1533 2603 1662 2684 perlecti

316 2695 485 2772 eceentrici,
509 2703 541 2758 et
563 2692 629 2760 429
652 2715 743 2776 supra
765 2695 889 2757 inventa
911 2704 960 2757 est
982 2693 1110 2758 eustatio
1134 2695 1222 2776 justa
1247 2694 1416 2776 hujusmodi
1448 2693 1663 2756 distantiarum

315 2805 376 2867 pro¹
392 2784 552 2868 hypothesi
574 2802 664 2859 vera,
688 2804 763 2868 ergo
782 2785 809 2847 si
831 2804 885 2865 pro
908 2785 963 2846 ΡΑ
987 2803 1137 2847 sumamus
1160 2784 1230 2858 DA,
1252 2785 1395 2848 babemus
1414 2784 1516 2864 justas
1539 2782 1663 2844 distan-

316 2875 376 2937 tias
398 2873 429 2936 in
452 2872 687 2954 longitudinibus
712 2873 828 2936 mediis.
866 2871 978 2936 Statim
1001 2873 1109 2953 arripui
1135 2874 1212 2935 hanc
1234 2894 1287 2955 pro
1310 2873 1439 2937 naturali
1461 2869 1663 2956 hypothesin:

316 2964 471 3045 planetam
494 2981 553 3026 uon
575 2963 691 3034 versari
715 2963 744 3024 in
769 2963 895 3047 epicyeli
914 2962 1153 3025 circumferentia
1165 2963 1250 3037 REI,
1275 2964 1379 3026 sedin
1403 2963 1548 3025 diametro
1571 2959 1664 3022 KDO

317 3053 437 3128 librari;
457 3051 579 3133 jamque
603 3052 766 3114 distantias
790 3060 940 3116 ettotam
963 3053 1171 3134 aequationem
1195 3053 1327 3115 tabulam
1352 3053 1486 3114 exstruxi
1508 3050 1588 3113 iude.
1630 3055 1634 3090 ¹

405 3141 450 3204 At
471 3141 577 3217 miser;
600 3138 654 3203 his
671 3141 745 3222 ipsis
766 3141 966 3204 Paschalibus
989 3141 1072 3204 feriis
1095 3142 1212 3204 demum
1239 3141 1376 3223 experior
1398 3160 1431 3204 re
1458 3141 1539 3221 ipss,
1573 3139 1667 3220 quod,
1712 3152 1716 3164 ’

318 3230 344 3292 si
367 3230 575 3293 consideratus
599 3231 731 3306 fuissem,
756 3231 927 3293 meminisse
955 3240 1104 3312 poteram,
1131 3230 1196 3309 jam
1221 3240 1312 3293 antea
1335 3231 1570 3293 demonstratum
1594 3247 1666 3290 esse

317 3320 346 3382 in
371 3317 602 3382 Commentariis
625 3321 715 3395 meis,
746 3320 915 3400 hujusmodi
938 3320 996 3383 iter
1018 3322 1157 3402 planetae
1181 3320 1376 3401 compositum
1401 3339 1459 3382 non
1483 3335 1549 3380 esse
1573 3317 1667 3398 ellip-

319 3408 424 3483 ticum,
449 3408 526 3488 quod
550 3409 685 3488 superior
706 3428 775 3472 mea
797 3410 1017 3489 argumentatio
1040 3409 1147 3482 evicit,
1178 3409 1231 3471 sed
1254 3410 1284 3472 in
1309 3409 1480 3472 octantibus
1502 3409 1541 3471 ab
1563 3406 1669 3487 ellipsi

320 3515 425 3558 versus
447 3497 550 3559 circuli
571 3499 788 3577 perfectionem
810 3500 892 3559 exire
924 3499 952 3560 in
977 3500 1096 3560 buccas.
1144 3499 1266 3560 Vitiosa
1296 3499 1389 3578 igitur
1417 3499 1473 3561 fuit
1501 3515 1669 3576 argumen-

321 3585 417 3646 tatio:
451 3584 572 3648 libratio
595 3587 625 3647 in
649 3587 795 3650 diametro
819 3587 943 3668 epicyeli
967 3595 1078 3668 aequat
1104 3587 1224 3668 ellipsin
1247 3587 1276 3649 in
1299 3587 1534 3666 longitudinibus
1557 3585 1670 3648 mediis

320 3683 352 3735 et
373 3673 403 3734 in
427 3673 590 3754 apsidibus‚
616 3677 686 3756 eigo
703 3675 897 3756 'undiquaque
911 3675 993 3737 illam
1008 3685 1127 3758 aequat.
1157 3679 1279 3740 Falsum
1286 3696 1295 3752 ;
1320 3686 1410 3759 atque
1424 3677 1492 3738 hinc
1511 3677 1669 3754 estquod

321 3781 438 3826 rursum
461 3771 495 3825 ut
516 3763 546 3826 in
570 3765 694 3844 antiqua
716 3764 796 3826 laisa
824 3764 984 3846 hypothesi
1013 3784 1067 3827 nec
1095 3766 1258 3829 distantiae
1289 3767 1417 3830 officinm
1447 3767 1582 3828 iecerunt
1610 3783 1670 3826 nec

320 3851 515 3932 aequationes
539 3853 678 3914 eceentri.
717 3852 744 3917 0
768 3855 952 3916 fructuosam
975 3854 1150 3917 societatem
1174 3856 1218 3919 rei
1236 3855 1400 3938 utriusque,
1424 3873 1499 3937 qnae
1514 3872 1672 3936 nunquam

320 3961 378 4002 uon
402 3959 449 4002 ms
473 3935 575 4022 dirigit
591 3941 635 4018 ,in
668 3950 716 4004 tot
746 3942 1015 4024 perplexitatibus!
1061 3942 1133 4009 Jam
1164 3945 1254 4024 igitur
1286 3946 1343 4008 boc
1374 3943 1489 4020 habeo,
1521 3941 1669 4006 Fabrici:

320 4031 399 4092 viam
421 4030 562 4110 planetae
585 4029 770 4120 verissimam
795 4051 862 4124 essq
886 4031 1002 4112 ellipsin
1027 4033 1130 4113 (qnam
1150 4032 1283 4098 Dorerus
1307 4035 1409 4097 itidem
1432 4032 1549 4096 ovalem
1573 4031 1670 4107 dixit)

320 4126 373 4182 aut
395 4126 476 4182 certe
499 4117 664 4182 insensibili
689 4120 788 4202 aliquo
812 4122 850 4184 ab
874 4123 972 4204 ellipsi
996 4122 1191 4187 differentem.
1238 4121 1419 4205 computavi
1450 4122 1518 4185 inde
1549 4141 1666 4204 aequa-

321 4209 418 4271 tiones
433 4207 562 4270 eceentri
577 4207 605 4270 io
621 4209 730 4274 sitibus
753 4211 949 4294 acronychiis,
974 4213 1101 4275 officinm
1115 4213 1231 4277 faciunt
1244 4213 1282 4275 ad
1299 4199 1434 4293 unguem,
1459 4212 1496 4274 de
1511 4211 1673 4274 distantiis

322 4297 475 4380 quominus
504 4296 583 4368 idem
604 4297 707 4360 dicam
740 4299 811 4362 iecit
841 4319 942 4363 earum
971 4300 1213 4383 inquirendarum
1250 4302 1409 4365 methodus
1438 4301 1528 4382 paulo
1557 4301 1672 4378 laxior,

322 4405 396 4468 quae
421 4403 537 4466 semper
560 4405 607 4449 me
630 4387 711 4450 eirca
731 4385 794 4452 100
812 4391 977 4469 particulas
1001 4390 1030 4451 in
1054 4391 1142 4453 dnbio
1162 4392 1314 4472 relinquit,
1340 4393 1432 4461 etiarn
1448 4410 1515 4453 curn
1534 4389 1671 4471 optimae

251 4517 256 4528 .
320 4483 390 4538 sunt
412 4475 658 4552 observationes;
681 4477 770 4538 nosti·
785 4477 877 4552 euim,
909 4479 1038 4559 optimas
1068 4479 1295 4543 observationes
1318 4499 1375 4544 uno
1399 4479 1513 4542 minuto
1536 4497 1670 4561 peecare

320 4582 420 4642 posse.
466 4564 622 4628 Attanum
645 4565 788 4628 minutum
812 4567 912 4629 variat
934 4567 1108 4630 distantiam
1138 4570 1324 4644 immaniter,
1357 4569 1383 4632 si
1415 4571 1541 4651 planeta
1571 4587 1672 4649 prope

322 4649 362 4728 Θ
387 4661 440 4714 aut
470 4655 624 4734 oppositus
656 4653 696 4732 Θ
730 4655 830 4716 fuerit.
875 4651 940 4718 Hoc
973 4667 1073 4720 tamen
1102 4667 1215 4722 cenum
1246 4657 1375 4729 habeas,
1409 4677 1499 4741 quam
1531 4656 1673 4738 proxime

322 4757 424 4802 verum
453 4743 565 4806 venire.
593 4777 631 4790 -
661 4745 768 4825 Itaque¹
792 4750 888 4807 totarn
911 4745 1090 4826 hypothesin
1115 4748 1170 4811 tibi
1192 4749 1360 4812 delineabo.
1406 4749 1492 4812 Data
1514 4747 1674 4811 anomalia

321 4828 421 4891 media
444 4833 511 4910 (per
533 4842 635 4896 uotum
661 4833 716 4896 tibi
738 4835 835 4896 locum
858 4834 986 4924 ephebi,
1008 4837 1055 4899 eui
1079 4833 1111 4900 5¹
1134 4838 1248 4901 adimes
1267 4838 1348 4920 jam,
1373 4846 1405 4900 et
1426 4845 1531 4900 notum
1552 4846 1672 4902 motum
