3674 5532
631 317 692 370 em
711 316 816 382 0000
853 317 935 385 0ρο
952 317 1054 371 xnvn.
1459 315 1524 385 347

169 495 293 578 pienum
317 493 443 558 circelii.
490 493 552 560 lot
573 503 677 562 00000
700 495 872 582 planorum
899 498 1063 581 proportio
1093 493 1195 580 duplo
1220 496 1266 560 od
1289 495 1526 580 proportionem

170 587 427 667 diametrorurre¹
455 585 502 652 ut
524 588 601 668 quio
627 593 663 650 ut
684 588 732 666 00
756 583 886 652 100000
913 588 959 649 00
981 587 1026 665 da
1049 582 1153 661 9264,
1176 588 1223 650 etc
1245 586 1291 663 βα
1313 587 1359 650 00
1380 583 1426 666 ξφ
1447 583 1524 662 858,

171 675 273 761 duplo
294 678 396 758 igitur·
418 683 447 738 et
463 678 631 759 proportio
654 677 739 740 inter
761 678 810 755 βφ
831 683 862 739 et
883 674 1178 759 Eoproportiouc‘e,
1202 695 1282 758 quoe
1304 683 1351 739 ert
1371 677 1455 739 iuter
1477 676 1526 754 00

172 773 200 830 et
215 768 271 845 βα.
312 765 423 844 Quore
441 772 477 828 ut
488 766 539 845 βφ
564 762 693 830 100000
710 762 754 828 00
772 765 818 844 ξφ
833 763 908 840 858,
932 766 978 828 oio
996 764 1138 847 prooem
1153 763 1268 828 circrde'
1283 761 1525 829 31015900000

171 855 215 918 00
239 854 375 937 plenum
403 851 525 918 circellc'
547 851 756 919 269500000.
804 855 972 919 Subtrocto
1003 855 1103 936 icitur
1130 851 1227 936 pluero
1258 849 1395 930 urceoli,
1427 858 1525 917 certat

168 943 304 1028 planum
326 942 430 1066 000000
444 939 698 1019 31146400000,
722 943 921 1026 aequivalere
934 939 1000 1008 360
1014 941 1200 1024 0000010000
1211 944 1359 1027 portiom
1375 944 1526 1026 tempore

170 1034 367 1100 cemeterii.
414 1034 429 1107 )
1441 1085 1445 1102 .

256 1120 345 1195 0000
373 1121 519 1184 hactenus
550 1121 649 1196 dicte,
688 1140 725 1183 ee
763 1128 833 1191 eunt
864 1120 981 1200 quidem
1009 1140 1141 1184 consono
1169 1120 1299 1200 opinioni
1328 1139 1393 1201 oep.
1422 1119 1523 1184 XLV.

172 1213 380 1276 Veruntamen
415 1211 454 1273 ed
481 1229 569 1272 uenm
598 1228 700 1272 eorum
731 1229 789 1272 000
813 1210 939 1286 suffieit,
972 1211 1041 1271 sciri
1064 1209 1290 1289 amplitudinem
1312 1208 1395 1289 plani
1418 1209 1523 1284 ooidie,

173 1304 245 1385 quin
270 1301 361 1364 etiem
386 1299 534 1362 rationem
556 1299 719 1362 calleamus
743 1317 867 1362 0000000
891 1308 948 1374 ent,
974 1299 1124 1362 dividendi
1147 1299 1227 1361 illiue
1252 1317 1288 1360 ex
1310 1308 1413 1361 centro
1437 1299 1456 1376 β
1478 1299 1527 1360 vel

173 1399 286 1472 pnneto
319 1415 340 1454 α
376 1390 407 1454 in
445 1389 560 1450 ratione
592 1389 674 1453 datu
727 1387 867 1470 Exempli
896 1389 996 1468 gratie
1028 1389 1057 1450 in
1086 1389 1240 1450 echemote
1271 1387 1362 1468 priori
1393 1398 1529 1452 sumatur

171 1489 314 1562 punctum
335 1483 376 1556 θ,
414 1485 447 1540 et
477 1485 630 1560 spectetur
652 1478 776 1559 planeta
798 1478 828 1540 in
851 1477 932 1540 linea
953 1481 1016 1553 αθ,
1044 1478 1205 1542 recesserit
1226 1485 1328 1541 mmen
1352 1498 1372 1539 0
1394 1476 1523 1540 eircum-

171 1570 302 1634 ierentie
326 1573 353 1630 θ
374 1587 480 1631 verene
497 1567 606 1631 Solem
631 1592 663 1648 α,
707 1567 790 1630 Dete
818 1567 909 1647 igitur
936 1567 1162 1630 eccentricitete
1185 1568 1232 1646 βα
1255 1575 1286 1628 et
1309 1565 1526 1648 00301οθ00,

172 1667 204 1722 et
232 1660 353 1744 ponito,
384 1657 463 1739 quod
490 1657 616 1738 planete
642 1658 684 1720 sit
705 1656 735 1719 in
759 1656 1016 1720 circumferentiae
1040 1665 1151 1738 puncto
1174 1661 1217 1732 θ,
1238 1656 1372 1719 dabitur
1399 1657 1527 1736 angulus

169 1752 261 1829 000,
295 1765 386 1829 quere
415 1754 448 1808 et
474 1755 576 1811 sector
598 1746 726 1828 perfecti
749 1746 862 1822 circuli,
886 1745 1100 1825 001110οι000
1123 1755 1155 1809 et
1178 1765 1250 1808 eree
1272 1745 1414 1826 trianguli
1436 1747 1526 1826 000,

170 1839 229 1902 000
252 1846 302 1902 eet
324 1845 393 1900 tote
416 1855 488 1898 eree
509 1840 599 1912 000,
623 1855 699 1918 qnae
724 1836 874 1916 (exceptis
898 1855 973 1916 quae
993 1855 1085 1916 supra
1100 1854 1166 1918 cap.
1181 1834 1266 1911 XL.)
1290 1835 1446 1898 debuisset
1459 1851 1528 1898 0000

171 1947 316 1993 mensure
337 1925 483 2008 temporie
506 1927 586 2007 quod
608 1927 743 2005 elapsum
767 1933 824 2000 est,
847 1926 945 2006 quoad
969 1925 1094 2012 planete
1116 1945 1155 1987 ex
1177 1931 1195 1987 0
1216 1925 1246 1986 10
1261 1925 1392 2000 dvenit,
1417 1925 1528 2006 ciple-

172 2027 247 2082 00ῑο
268 2017 436 2098 perfectum
459 2014 600 2078 circulum
625 2020 677 2077 οθ
698 2015 815 2076 ivisset.
863 2013 926 2076 Sed
949 2014 1019 2095 quie
1033 2016 1151 2078 evalem
1170 2013 1342 2077 interiorem
1356 2013 1528 2095 descripsit,

172 2127 231 2170 non
261 2107 435 2186 compienne
465 2123 582 2167 omnem
605 2104 732 2186 perfecti
756 2103 858 2166 circuli
876 2123 996 2181 aream,
1030 2104 1166 2185 equidem
1190 2114 1224 2166 ut
1241 2104 1307 2184 jem
1330 2103 1419 2165 modo
1442 2102 1529 2166 nobie

172 2215 248 2278 opus
272 2196 330 2258 fnit
352 2193 522 2277 cognitione
545 2194 629 2273 pieni
652 2193 747 2256 nuidis
770 2193 876 2268 totins,
900 2194 945 2256 sio
968 2213 1046 2256 nuno
1069 2194 1161 2256 etiem
1182 2193 1259 2256 scitu
1274 2192 1361 2255 nobie
1381 2211 1456 2273 opus
1470 2199 1529 2267 eet,

171 2292 288 2368 quante
309 2283 408 2365 portio
433 2283 470 2344 de
494 2283 580 2345 ooide
603 2283 691 2346 lineis
715 2287 773 2357 00,
793 2287 850 2344 αθ
877 2283 1102 2363 intercipietur,
1134 2283 1191 2345 hoc
1215 2289 1263 2344 eet
1285 2281 1410 2362 planum
1432 2281 1529 2364 portio

171 2373 294 2438 lunulae
321 2375 371 2437 οθ
398 2379 512 2452 quuute
538 2373 581 2435 eit
607 2373 705 2453 portin
734 2372 771 2433 de
799 2373 907 2452 piano,
938 2373 1017 2454 qnod
1046 2380 1204 2452 utromque
1233 2371 1366 2434 lunnlcm
1394 2372 1530 2444 metitur,

167 2465 289 2528 scilicet
311 2463 349 2525 de
372 2461 462 2542 pleno
487 2461 600 2524 cimelii
623 2459 869 2526 encentricitetie.
916 2463 981 2523 Hoc
1005 2461 1083 2524 enim
1106 2461 1262 2524 subtracto
1277 2483 1297 2522 0
1314 2459 1452 2542 portione
1467 2461 1529 2522 cir·

167 2555 229 2617 onii
251 2571 307 2634 per
329 2551 426 2614 lineae
449 2556 522 2625 αθ,
540 2555 583 2614 00
606 2559 742 2627 reoecte,
767 2549 953 2632 relinquetur
975 2552 1073 2631 portio
1096 2551 1192 2615 ooidie
1211 2569 1265 2633 per
1288 2551 1410 2638 0000000
1433 2550 1530 2613 liuere

169 2647 229 2720 αθ,
256 2647 301 2706 00
322 2649 458 2717 renectn;
483 2649 515 2703 et
537 2640 581 2703 010
604 2641 728 2704 tandem
751 2647 848 2702 totum
871 2641 1015 2704 oviiorme
1040 2641 1079 2703 nd
1101 2650 1219 2723 partem
1239 2659 1326 2702 suem
1349 2642 1426 2702 οαθ
1447 2647 1530 2702 reote

169 2730 395 2813 comparebitnr
427 2749 483 2812 pro
522 2729 705 2794 addiscendo
742 2737 876 2810 tempore
914 2750 968 2793 een
1006 2749 1091 2793 more
1124 2731 1284 2812 planetae,
1332 2749 1421 2812 quem
1456 2727 1531 2792 ieoit

170 2821 254 2886 iuter
280 2821 378 2883 lineas
409 2826 467 2893 αο,
481 2875 485 2882 .
501 2823 560 2882 αθ.
615 2819 676 2883 Ubi
703 2838 781 2881 nuno
803 2819 912 2881 itemm
939 2829 1096 2899 geometra
1125 2819 1185 2882 011-
1291 2831 1423 2902 010100.

171 2910 251 2993 quis,
275 2910 326 2992 qui
348 2909 405 2971 hoo
428 2929 484 2972 000
508 2909 639 2971 doceat?
661 2910 839 2991 1000000000
859 2910 994 2984 octona,
1017 2910 1054 2972 iu
1068 2930 1129 2992 quo
1143 2917 1189 2974 eet

173 3001 228 3065 01)
252 2997 669 3071 commemoraturum
698 3005 860 3072 00000000,
892 3000 1041 3080 portitor
1067 2999 1189 3062 divione
1233 3025 1246 3062 e
1287 3040 1288 3043 =

140 3087 379 3244 tutet
393 3087 814 3260 0000010
836 3089 883 3239 :t
904 3087 1187 3240 0000
1246 3022 1501 3327 ,Εο

1281 3336 1283 3339 ,
1471 3296 1512 3346 ³n

1466 3453 1489 3504 Δ

1415 2991 1427 3014 p
1456 2980 1460 3007 1

1443 3158 1446 3169 0

1443 3178 1447 3189 Ι

1443 3318 1445 3325 ,

1443 3336 1445 3343 ,

169 3269 339 3352 fissuram
363 3263 417 3349 (iu
438 3266 524 3331 linea
545 3264 668 3330 ecilioet
681 3261 756 3342 uA)
779 3273 816 3329 ut
837 3272 882 3328 eet
903 3264 965 3329 illo
982 3265 1040 3327 BA
1063 3266 1108 3328 00
1120 3263 1184 3328 ΒΟ.
1252 3308 1256 3337 ;

172 3357 232 3424 Sic
255 3365 285 3422 er
306 3354 453 3438 reliquae
476 3355 543 3434 Gu,
559 3356 619 3430 Ην,
639 3357 690 3429 In,
713 3355 767 3434 Κρ
791 3356 1024 3418 constituentem
1044 3356 1187 3442 r'u‘jurto
1272 3330 1480 3480 ¹.[

172 3448 362 3532 0000001000,
388 3447 535 3512 torento
560 3444 763 3510 latitudinem
785 3441 917 3508 lunulae
945 3442 1081 3528 quolibet
1106 3444 1183 3519 loco,
1239 3449 1263 3502 0
1289 3494 1291 3507 ,
1444 3470 1447 3499 ι

172 3538 220 3601 ric
243 3543 282 3600 ut
305 3533 366 3613 Gu
390 3536 433 3600 eit
454 3533 556 3618 poulo
584 3535 705 3598 breuior
733 3553 828 3616 quoru
850 3533 916 3612 Κρ,
940 3541 970 3595 ct
991 3532 1042 3594 He
1064 3535 1186 3598 breuior

173 3647 272 3708 qceam
294 3625 339 3688 In
361 3619 522 3708 (quuruor'r
543 3621 720 3705 aequaliter
742 3621 807 3686 00
830 3623 902 3685 ctD
925 3616 1047 3702 00000)
1070 3643 1184 3687 00000-
1249 3608 1302 3664 1⁴.
1414 3612 1430 3633 ‘¹
1471 3626 1474 3653 ²

172 3716 253 3779 dum
282 3713 495 3778 0000000000
527 3733 596 3797 000.
618 3711 752 3778 XLVI.
798 3712 853 3775 Ito
882 3711 1042 3776 00ῑί00000
1068 3719 1098 3775 et
1122 3733 1185 3796 per

168 3812 285 3889 por-m
306 3805 342 3866 in
367 3811 488 3868 rectum
516 3799 679 3885 euplioato
706 3803 767 3866 crit
789 3798 914 3876 100010,
947 3809 1102 3885 quotenne
1123 3801 1185 3866 illo
1254 3796 1273 3809 '¹

173 3894 351 3960 distantior
380 3893 549 3957 00000000.
601 3891 648 3956 Bt
681 3891 757 3973 quio
794 3898 893 3954 totum
928 3891 1069 3974 epatium
1101 3894 1185 3955 iuter
1245 3908 1265 3962 0

176 3984 232 4049 01)
249 3991 281 4046 et
295 3981 356 4044 AA
377 3981 511 4066 duplum
525 3989 570 4046 eet
584 3982 753 4045 adoream
769 3979 962 4045 eorricircule‘
979 3981 1034 4044 01)
1055 3982 1186 4057 omenti,

175 4070 355 4138 coniuent
374 4079 547 4154 90000000,
570 4091 613 4134 ou
635 4072 733 4134 etiarn
758 4068 931 4154 eputiolum
952 4072 1036 4134 iuter
1058 4091 1187 4134 0000000
1255 4078 1259 4101 ¹

177 4159 361 4242 0000001)
394 4167 424 4224 et
451 4167 572 4224 rectam
602 4158 684 4223 cul)
719 4159 853 4242 duplum
889 4161 933 4223 rit
962 4160 1111 4244 ficturum
1141 4159 1187 4224 00
1251 4236 1253 4243 Ι

177 4248 328 4318 tontum
349 4269 372 4312 0
394 4248 507 4314 circuli
524 4249 625 4334 pluero
646 4257 807 4313 resectam.

268 4338 354 4405 Nihil
375 4337 496 4403 videtur
517 4357 694 4420 repugnare,
718 4357 776 4420 quo
792 4336 889 4401 minue
912 4336 969 4400 hoc
991 4355 1094 4401 verum
1117 4356 1185 4401 0000
1242 4367 1260 4426 0

176 4429 291 4512 poeoit.
336 4429 418 4493 Nom
439 4428 558 4510 000000
588 4427 692 4490 100010
712 4446 784 4490 vere
807 4435 856 4490 eet
883 4426 1004 4503 100010,
1035 4435 1105 4490 tuno
1130 4426 1185 4491 OD

178 4519 366 4596 incurvetur,
389 4536 514 4580 monens
536 4517 568 4580 in
582 4517 689 4580 eudem
712 4515 909 4597 longitudine.
947 4515 1010 4580 Sed
1025 4515 1186 4598 ΟμνοπρΙ),
1273 4572 1275 4585 ,

179 4628 257 4693 qnae
288 4608 354 4690 jem
383 4607 467 4668 secte
496 4614 544 4668 eet
574 4605 692 4688 longior
720 4624 809 4688 quem
836 4603 935 4682 cul),
967 4613 1038 4669 tuuc
1068 4606 1186 4688 quidem
1271 4567 1492 4717 1-1

152 4726 155 4734 ·
178 4700 278 4764 multo
302 4704 351 4761 eet
372 4695 502 4771 brevior,
525 4695 627 4777 itaque
649 4695 743 4761 mrito
766 4703 837 4760 tuno
858 4696 956 4759 minue
979 4695 1187 4778 complectitur

178 4787 306 4852 lunulae
328 4805 401 4850 eree
423 4803 512 4867 quem
531 4783 605 4866 jem.
651 4783 714 4848 Sed
736 4783 793 4848 hoo
815 4782 943 4867 quidem,
966 4789 1184 4865 ogeometrue

180 4897 239 4942 non
265 4884 316 4941 eet
339 4876 555 4941 demonstrare.
592 4873 744 4940 Juvebitis
765 4874 867 4956 itaque
890 4893 947 4938 me.
983 4873 1027 4938 Et
1041 4875 1068 4938 ei
1082 4891 1184 4937 verum
