3552 5562
311 299 356 372 28
730 303 829 358 literae
846 301 947 372 Kepleri
965 305 1115 372 aliorumque
1132 311 1233 356 mutate

400 483 440 536 Ad
457 481 520 536 haec
537 481 690 548 prchiesnata
706 482 849 534 Ηιιιιιιιιι
867 499 917 536 ιιι
943 485 1082 551 respondit,
1107 484 1171 536 icrte
1188 483 1265 534 attam
1283 479 1520 547 petenti'Kepisro,
1538 485 1568 532 ut
1584 475 1655 534 viss

313 555 490 614 consuleretur,
509 571 558 606 uon
576 555 703 605 satieiccit.
728 555 757 604 in
776 558 943 619 responsione,
961 571 1034 622 quam
1053 561 1171 621 exparte
1189 557 1356 620 proposuimus
1375 552 1432 604 Vei.
1451 553 1472 612 i,
1489 567 1515 618 p.
1535 551 1580 611 73,
1597 553 1655 604 hacc

312 626 434 693 legimus:
458 625 594 676 Ptolemaei
615 627 687 676 libros
709 625 860 677 Harmoniae
887 628 938 677 und
962 629 1035 678 dahei
1054 627 1192 678 Aristoxeni
1209 625 1371 676 Harmoniam
1393 624 1444 675 hah
1467 625 1508 674 ioh
1534 625 1580 676 aui
1596 625 1655 674 reihe

313 699 407 764 fleisaig
430 695 595 748 Nachsuchen
614 697 746 762 geinnden.
765 697 837 762 ,Hat
859 699 954 749 soiches
980 700 1024 749 der
1042 698 1258 755 Bibiiothecarins,
1285 697 1339 747 weil
1365 711 1391 746 ιι
1418 703 1514 746 ιιιιιιι
1539 709 1655 762 genesen,

312 771 351 820 nit
367 770 450 820 iindon
469 770 576 818 konnen.
612 769 670 819 Hah
693 768 760 818 mich
777 770 803 820 in
821 769 950 820 Wahrhcit
977 772 1057 821 seiher
1083 770 1192 831 erireut,
1219 767 1277 818 dass
1301 761 1342 818 ich
1360 768 1429 818 Eueir
1454 771 1507 830 lest
1534 767 1658 817 vesmeitee

312 840 409 894 Bitechi
427 839 573 892 suechioien
592 840 692 899 kcuute,
711 840 763 890 und
780 837 876 890 solahes
894 857 935 892 um
953 857 980 892 so
998 843 1046 892 ιιι]
1064 841 1146 898 mehr,
1165 841 1220 890 weil
1237 840 1279 891 ich
1296 839 1402 898 rerhod',
1420 839 1446 890 ir
1462 839 1558 890 vendet
1574 837 1660 890 durus

312 913 432 962 nunnsehr
449 927 480 962 nu
499 927 581 962 eurem
598 914 650 975 jest
666 919 739 962 unter
757 911 865 963 Hauden
882 913 1014 964 haheaden
1031 913 1107 964 Werk
1124 913 1254 962 voriahren
1271 917 1370 978 magen.

399 1000 442 1051 ich
460 1001 595 1062 ιιιιιιιιι,
614 1001 648 1050 Es
666 999 747 1050 verde
766 1001 810 1050 der
827 1001 891 1052 Hert
909 1002 991 1052 Brahe
1010 1002 1080 1052 Euch
1098 1001 1138 1052 dio
1157 1001 1339 1050 ohservationes
1352 999 1440 1050 Martis
1458 999 1503 1050 suh
1522 999 1659 1050 conditione

311 1071 401 1122 silentii
419 1079 577 1129 anvertmnet
594 1071 693 1130 hahens
713 1072 747 1121 ds
763 1071 831 1122 nuhn
850 1073 905 1122 dem
925 1074 984 1132 aisc,
1004 1074 1110 1140 hsgchre
1129 1072 1169 1122 ich
1183 1072 1263 1122 daron
1281 1071 1403 1122 durchaus
1421 1070 1502 1122 nichts
1521 1087 1554 1121 ιι
1565 1073 1657 1120 nissen

311 1145 363 1194 Ani
379 1145 427 1194 den
445 1145 499 1194 Fail
518 1157 544 1193 es
563 1144 622 1193 aher
640 1143 678 1192 nit
694 1147 768 1201 vitre,
796 1158 861 1194 uere
879 1145 926 1194 mir
953 1145 1031 1195 demit
1054 1145 1155 1194 vordero
1173 1143 1218 1193 uui
1241 1143 1352 1209 pedient,
1382 1142 1414 1193 da
1427 1142 1473 1194 'ich
1495 1143 1602 1193 breviter
1619 1139 1659 1192 sed

313 1215 417 1266 dilucide
433 1215 556 1266 theoriam
574 1213 662 1266 Martis
680 1216 768 1267 vimen
786 1215 889 1266 konnte.

400 1285 476 1338 Sonst
493 1285 626 1338 sordetis
643 1285 707 1336 ιιιΙι
723 1286 854 1352 gedenken'
872 1286 924 1338 und
936 1303 982 1337 von
995 1287 1093 1338 Brahco
1112 1287 1189 1338 seihst
1206 1299 1362 1337 vernornmen
1381 1285 1472 1344 hohen,
1490 1287 1539 1338 vic
1551 1283 1659 1336 Braheus

199 1398 201 1406 ,
312 1359 344 1408 ad
360 1359 565 1408 rectificationem
583 1358 633 1408 veri
651 1357 698 1407 ioci
716 1357 803 1408 Lunae
823 1361 862 1408 ein
882 1359 1007 1412 circellum
1025 1372 1125 1409 annuae
1148 1358 1346 1420 sedationistin
1366 1357 1422 1408 dem
1440 1357 1548 1424 deliquio
1567 1357 1659 1412 Lunae,

309 1444 337 1479 ιι
356 1431 391 1478 rie
410 1443 442 1480 sn
459 1428 614 1495 Wrttenherg
640 1427 748 1478 druoken
767 1427 859 1491 iassen)
886 1429 1048 1490 introducito,
1076 1433 1145 1493 cujus
1169 1429 1267 1478 initium
1295 1430 1411 1480 statuitur
1429 1427 1486 1478 Soie
1504 1435 1619 1478 versante
1637 1429 1660 1475 in

284 1501 287 1508 ’
311 1501 431 1565 principio
451 1499 549 1558 canem,
572 1501 608 1549 its
624 1501 695 1550 utin
713 1501 785 1564 priori
805 1501 957 1551 semicirculo
974 1499 1046 1565 hujns
1066 1501 1156 1551 circelii
1175 1515 1245 1550 verus
1263 1499 1331 1550 locus
1344 1500 1431 1550 Lause
1449 1505 1621 1566 promoveatur
1637 1501 1660 1547 in

311 1573 497 1638 consequentia,
517 1579 543 1622 et
560 1573 587 1622 in
604 1573 730 1636 posteriori
748 1572 928 1624 retrotrahatur
945 1575 971 1622 ia
988 1573 1172 1636 praecedentia
1197 1571 1256 1620 Nun
1273 1571 1387 1622 remiche
1405 1571 1445 1622 ich
1464 1571 1524 1622 aher
1543 1585 1590 1620 ron
1603 1571 1659 1627 Ιιιι,

311 1643 356 1694 das
370 1659 397 1694 er
409 1643 476 1694 diese
495 1644 656 1694 vmiationem
675 1657 783 1702 annuam
801 1647 946 1708 praesertim
959 1646 1025 1695 circa
1042 1646 1184 1710 peripseum
1196 1642 1247 1694 und
1266 1655 1404 1708 apogaeum
1417 1635 1550 1695 Lunas'in
1562 1641 1661 1692 Zueiiei

311 1713 390 1772 siehe,
410 1715 482 1779 idque
500 1722 599 1781 propter
617 1709 719 1779 eclipses
738 1715 800 1765 duas
819 1715 857 1765 vei
875 1723 941 1775 tres,
969 1717 1100 1782 praecipue
1127 1721 1227 1779 propter
1253 1715 1370 1778 eclipsem
1389 1715 1561 1784 Witteborssac
1579 1714 1660 1765 ultim

311 1787 351 1839 dio
368 1786 484 1836 Januaiii
504 1787 666 1847 observatam,
687 1788 756 1849 cuius
773 1788 870 1836 initium
888 1787 998 1838 nonnihil
1017 1787 1139 1838 caleulum
1157 1800 1228 1835 suum
1246 1787 1386 1836 antevertit.

400 1875 442 1926 De
458 1876 491 1925 ist
513 1875 560 1924 mir
577 1874 749 1940 ¹cingeialieu,
780 1875 810 1926 oh
836 1875 960 1925 rieiieicht
987 1875 1026 1926 die
1054 1875 1170 1940 aequatio
1198 1875 1256 1924 oder
1284 1888 1395 1939 aequans
1417 1873 1498 1932 Solis,
1527 1889 1556 1924 ιι
1575 1875 1660 1924 Enrem

314 1944 448 1997 Schreihen
466 1943 534 1996 nach
552 1947 591 1996 die
609 1945 715 1996 Thouria
732 1946 820 1996 Martis
839 1963 870 1996 au
889 1947 1014 1997 erkeunen
1032 1947 1092 2012 gibt
1112 1946 1196 1996 hisrau
1214 1946 1359 2005 dienatiich,
1377 1945 1430 1996 und
1446 1945 1572 1998 deiieicht
1589 1945 1659 1995 oben-

314 2018 434 2084 gedeatte
451 2017 613 2068 ιιιίιιὶιιιιι
632 2030 741 2068 annuam
760 2019 884 2068 auihahen
902 2019 960 2068 oder
978 2018 1114 2068 rerandarn
1133 2017 1239 2067 mtchte.

399 2089 485 2140 Bleibe
504 2089 559 2140 dem
576 2088 657 2139 Herm
675 2103 830 2154 angenemen
848 2089 952 2140 ireuudi
971 2091 1020 2140 und
1039 2089 1202 2140 dienstuiiieu
1220 2104 1251 2138 ιι
1269 2090 1388 2142 ιιιιιὶιιι
1406 2089 1509 2156 geneipt
1528 2087 1574 2142 ec

399 2160 563 2282 MouchenQiu
576 2161 622 2220 Eii,
641 2167 719 2280 Ἥ
734 2162 797 2212 adeo
808 2163 835 2212 iu
853 2163 905 2226 ipso
924 2161 1042 2220 discessu,
1062 2175 1119 2212 cam
1131 2161 1208 2211 altero
1221 2160 1284 2225 pede
1302 2163 1355 2224 iam
1373 2176 1470 2214 currum
1490 2160 1660 2213 conscendisse

313 2231 372 2282 mihi
391 2233 481 2284 ridear.
538 2232 561 2282 5.
581 2232 631 2282 ,iuli
651 2231 661 2279 i
720 2267 727 2282 .

400 2304 430 2354 n
450 2304 541 2370 epse
559 2301 626 2367 (vot
645 2301 679 2359 11,
697 2319 720 2367 p.
741 2301 787 2364 ιι)
814 2303 941 2354 muamus
969 2303 1092 2369 quarm
1111 2301 1270 2353 servares
1298 2304 1373 2354 verse
1391 2302 1422 2353 as
1444 2289 1535 2355 'scum
1553 2301 1660 2368 uepres.

314 2388 378 2441 quae
395 2375 444 2428 hnc
461 2377 593 2440 pertinent.
630 2367 760 2439 Scripsisse
788 2376 891 2424 dirimm
921 2375 1057 2440 Kapiemm
1080 2375 1113 2424 ad
1130 2375 1286 2424 Hcrvartum
1304 2373 1404 2437 (literae
1422 2374 1530 2436 derunt3
1558 2376 1662 2439 scriptae

312 2449 426 2498 ridentur
442 2462 528 2498 meme
547 2445 614 2510 Sept.
637 2443 717 2506 taos)
736 2446 767 2496 de
785 2447 848 2505 iiiis,
867 2447 948 2511 adque
966 2447 1012 2498 has
1034 2447 1118 2496 literas
1141 2447 1295 2510 respondisse
1312 2447 1470 2501 Heruutunr
1487 2447 1512 2498 d.
1533 2445 1577 2497 24.
1596 2445 1660 2508 Sept

312 2517 347 2569 Ut
365 2533 405 2576 ea,
424 2533 488 2584 quae
507 2525 648 2582 sequentur,
667 2518 754 2567 melius
776 2518 985 2582 comprehendant
1007 2517 1124 2574 lectores,
1144 2532 1175 2568 ex
1192 2517 1230 2568 his
1248 2518 1326 2569 litoris
1344 2532 1427 2582 panca
1444 2519 1582 2584 repetenda
1598 2523 1659 2568 aaut

312 2589 476 2656 iincipitur
493 2589 653 2640 Bernartus:
672 2589 728 2639 Wse
747 2604 773 2640 es
792 2589 835 2638 der
853 2589 917 2639 Hcrr
933 2590 1024 2648 meiat,
1051 2605 1078 2639 er
1095 2595 1199 2654 petrano
1218 2589 1283 2646 sich,
1303 2590 1342 2642 dic
1361 2589 1521 2640 verschienen
1540 2590 1661 2641 Kometcn

312 2661 439 2711 mediante
456 2661 585 2725 hypothesi
605 2659 776 2725 copernicaoa
793 2676 825 2711 ιι
843 2660 999 2722 daiendiren,
1025 2675 1075 2710 non
1100 2660 1218 2724 intelligo.
1256 2659 1300 2710 Ich
1317 2662 1430 2712 rorstehe
1449 2676 1476 2712 es
1494 2663 1557 2712 aber
1581 2659 1661 2714 dmin,

313 2734 371 2782 dass
390 2733 423 2782 Er
441 2732 512 2783 daihr
529 2732 613 2790 haite,
642 2732 718 2782 durch
735 2733 816 2782 dieser
833 2732 959 2783 Kometen
988 2731 1142 2783 observatiam
1158 2731 1240 2782 verde
1258 2745 1316 2782 man
1334 2734 1372 2782 nit
1390 2735 1530 2799 meningen
1556 2733 1661 2786 konnen,

312 2805 373 2854 dass
388 2803 515 2855 diaseIheu
533 2817 608 2868 supra
625 2805 708 2854 orbem
726 2803 814 2854 Lunae
833 2803 871 2854 vei
890 2803 954 2854 Solis
972 2804 1097 2854 existiren.
1134 2802 1184 2854 Sed
1202 2803 1263 2869 quis,
1291 2818 1392 2870 quaeso,
1412 2805 1500 2856 exinde
1518 2801 1664 2855 redundabit

312 2873 425 2926 imctusi
452 2875 501 2926 Per
518 2891 545 2928 se
564 2882 590 2925 et
612 2882 710 2939 propter
725 2890 753 2930 se
771 2873 884 2939 proiecto
912 2877 1031 2941 exiguum
1059 2875 1140 2940 quoad
1168 2875 1233 2936 alia,
1259 2875 1364 2926 fortasse
1392 2876 1474 2926 aditus
1502 2877 1536 2928 ad
1561 2877 1663 2937 majora·

312 2947 440 3012 Ungeitihr
458 2947 503 2998 das
522 2947 624 2998 Gieiche
650 2947 705 2996 taut
731 2947 778 2996 mir
795 2962 827 2996 ιι
845 2947 953 2997 Gemiith
976 2948 1038 3004 iiber
1062 2945 1206 3012 dasjenigc,
1232 2961 1259 2996 so
1287 2949 1333 2996 mir
1360 2947 1403 2997 der
1420 2947 1485 2998 Ηιιι
1508 2947 1541 2999 de
1560 2944 1663 2996 Thacria

312 3019 401 3070 Martis
421 3019 549 3070 andeutet
587 3018 663 3069 Danu
682 3019 726 3068 sui
742 3018 790 3069 deu
809 3017 872 3074 Feli,
891 3018 1024 3068 hierdurch·
1038 3018 1135 3067 ratione
1154 3031 1237 3067 cursus
1257 3016 1320 3068 Sciia
1343 3017 1527 3085 prandiicheres
1548 3016 1663 3070 criunden

314 3091 412 3142 verdon
431 3090 491 3141 oder
508 3091 561 3141 sich
578 3091 669 3141 hereits
686 3095 813 3156 ereugnet
833 3091 866 3138 ist
883 3105 909 3140 es
928 3089 990 3140 aliar
1005 3087 1084 3165 hidiae
1102 3080 1165 3137 vohi
1183 3089 1268 3138 worth.

400 3161 445 3212 Sin
464 3168 555 3219 aatem,
584 3168 669 3212 censet
686 3161 843 3220 Hernartns,
869 3177 908 3212 res
935 3161 1007 3212 aliter
1031 3158 1193 3218 rehaberet,
1220 3161 1355 3226 Kepimum
1382 3161 1503 3214 nimiost
1526 3163 1662 3214 meo

314 3234 397 3285 labore
415 3234 468 3284 sine
486 3233 590 3284 notabili
607 3234 718 3297 proiectu
736 3233 864 3284 detentum
883 3235 934 3284 iore
953 3239 978 3282 et
991 3233 1096 3296 denique
1114 3244 1141 3280 se
1153 3234 1178 3280 in
1198 3233 1316 3299 ambages
1335 3233 1524 3297 implicaturum,
1547 3249 1562 3284 e
1580 3230 1663 3298 quihus

311 3321 429 3370 perquam
458 3305 557 3356 diiiioiia
575 3320 603 3355 ιι
622 3305 786 3370 explicaturus
805 3306 845 3354 ait
882 3303 948 3354 Nam
972 3302 1153 3354 continuandas
1177 3317 1231 3352 esse
1259 3305 1459 3368 ohservationes,
1487 3305 1553 3374 qaod
1572 3307 1663 3354 mortuo

312 3377 431 3439 Tychoue
450 3375 551 3428 dubium
562 3377 603 3440 sit,
620 3379 726 3440 priorum
744 3376 953 3426 observationibus
966 3389 1052 3440 pamm
1065 3389 1120 3424 ιιιι
1138 3373 1271 3432 fidendum,
1292 3381 1317 3424 ιι
1329 3377 1510 3427 restitutionem
1528 3391 1574 3428 ιιι
1586 3374 1663 3439 potius

256 3473 261 3486 ·
313 3449 479 3516 inventionem
494 3449 636 3512 apparentis
648 3456 729 3497 motus
742 3449 848 3513 quinque
860 3447 1015 3511 planetarum
1028 3459 1078 3496 ιιι
1090 3445 1161 3498 unius
1178 3459 1232 3498 csse
1245 3447 1346 3504 utatis,
1364 3447 1456 3498 nedum
1467 3449 1541 3500 unius
1553 3445 1663 3498 hominis.

401 3523 495 3587 Quibus
513 3525 676 3592 Kepierna
695 3527 822 3592 respoudit
839 3523 876 3589 (d.
899 3525 924 3575 7.
947 3526 1004 3578 Oet.
1025 3523 1115 3587 18⁰2.)
1132 3525 1199 3578 hanc
1216 3529 1243 3577 in
1260 3527 1372 3580 modum:
1397 3519 1592 3584 cometarum
1607 3527 1664 3599 (ιιι

313 3605 468 3668 decanea
494 3607 676 3669 mentionem
699 3608 836 3682 fecerim,
860 3609 981 3670 excidit.
1021 3609 1182 3676 Sententia
1203 3615 1303 3670 tamen
1329 3609 1411 3672 ,haec
1442 3619 1506 3672 est:
1542 3609 1568 3672 si
1600 3603 1664 3689 quis

315 3693 474 3776 Oopemioi
498 3704 640 3777 sequatur
662 3696 861 3778 hypotheses,
893 3695 979 3758 illum
1009 3698 1067 3760 hoc
1099 3698 1261 3760 defendere
1291 3717 1397 3778 posse,
1430 3705 1565 3762 cometas
1592 3691 1662 3759 nihii

314 3804 383 3848 esse
406 3783 489 3846 aliud
512 3804 601 3866 qaam
623 3785 818 3865 trajectiones
841 3785 1015 3861 aethereas,
1045 3787 1160 3850 moveri
1189 3787 1307 3850 scilicet
1329 3787 1359 3850 in
1383 3788 1463 3850 linea
1484 3797 1570 3851 recta
1591 3799 1664 3868 pene

315 3873 497 3956 acqualiter,
530 3881 705 3937 scientum
735 3875 842 3937 abesse
866 3881 900 3936 ut
922 3876 1120 3939 confinientur
1150 3876 1344 3952 sublunares,
1381 3879 1451 3959 quin
1481 3877 1584 3958 potius
1603 3875 1663 3954 jam

313 3984 373 4028 non
395 3970 513 4026 tantum
534 3981 588 4045 per
610 3964 784 4044 parcilaxes
807 3963 947 4026 diametri
971 3965 1100 4040 Terrae,
1125 3965 1178 4027 sed
1202 3966 1292 4030 stiam
1316 3985 1354 4028 ex
1377 3966 1452 4048 ipsis
1475 3961 1664 4030 observatio-

314 4053 402 4118 nibus
425 4052 568 4138 crassiori
590 4054 680 4130 modo
704 4053 838 4135 acceptis
861 4053 892 4115 iu
915 4053 1068 4116 aetherem
1091 4063 1274 4135 reponantur
1297 4063 1329 4118 ct
1351 4070 1591 4137 quaquaversum
1608 4053 1663 4114 im-

313 4151 386 4224 petu
402 4151 498 4224 ¹capto
521 4151 619 4204 ruant.
657 4143 735 4206 Hinc
751 4151 783 4205 ιι
800 4143 866 4225 ipse
878 4141 993 4223 judice,
1017 4144 1116 4226 qualis
1132 4145 1175 4206 sit
1188 4145 1317 4208 materia
1334 4143 1486 4220 coelestis,
1510 4145 1537 4208 si
1560 4142 1664 4222 ubique

315 4241 449 4296 cometes
481 4230 675 4307 transmittit,
708 4239 740 4294 et
774 4232 937 4312 aliquando
965 4233 1006 4294 ibi
1036 4241 1084 4296 est
1115 4240 1247 4310 cometa,
1279 4235 1330 4296 ubi
1353 4235 1464 4310 Terra,
1493 4233 1595 4308 Luna,
1618 4224 1664 4289 vel

313 4323 425 4386 Martis
447 4323 501 4388 ιιι.
526 4320 618 4384 stella
639 4321 729 4402 panio
754 4329 824 4384 ante
845 4321 911 4383 fuit.
938 4353 977 4363 -
1002 4323 1053 4384 Ita
1075 4321 1124 4384 hic
1147 4323 1222 4385 nihii
1244 4344 1264 4385 a
1286 4322 1428 4404 Tychcne
1456 4323 1585 4406 differo,¹
1608 4313 1664 4381 nisi

315 4413 395 4493 quod
417 4409 544 4476 cometis
567 4411 696 4472 circulos
719 4411 837 4485 adimo,
865 4429 920 4490 per
951 4430 1026 4493 quos
1058 4409 1133 4492 ipsis
1156 4412 1260 4494 Tycho
1282 4430 1358 4493 pene
1382 4411 1572 4476 divinitatem
1593 4427 1663 4470 ccu-

316 4500 440 4564 ciliavit
493 4500 672 4580 Magnitudo
702 4499 768 4562 Tua
803 4501 922 4562 videtur
952 4519 1000 4562 me
1033 4500 1187 4564 dehortari
1219 4522 1238 4562 a
1268 4521 1340 4562 cura
1370 4500 1577 4582 planetarum,
1609 4491 1663 4560 nisi

317 4589 413 4653 omnis
436 4609 508 4654 oure
537 4590 568 4652 in
599 4597 682 4652 motu
710 4589 792 4653 Solis
824 4598 994 4670 poneretur.
1042 4590 1077 4652 Id
1109 4590 1138 4651 in
1172 4598 1355 4664 cometarum
1382 4593 1503 4671 negotio
1534 4591 1663 4654 salutare

317 4678 474 4742 consilium
497 4680 646 4756 existimo,
671 4686 704 4742 at
726 4679 915 4760 planetarum
939 4698 1078 4743 cursuum
1101 4680 1280 4761 dignitatem
1298 4686 1415 4742 tantam
1439 4699 1506 4743 esse
1529 4689 1610 4762 puta,
1633 4677 1664 4734 ui

316 4767 366 4830 vel
389 4769 426 4832 oh
449 4769 521 4832 iilos
544 4771 626 4833 solos
649 4771 736 4832 labor
753 4769 800 4844 sit
822 4767 1040 4848 suscipiendus.
1087 4771 1134 4834 Ac
1161 4789 1218 4850 ego
1242 4789 1314 4832 sane
1346 4770 1404 4832 hoc
1438 4789 1498 4834 uon
1528 4787 1601 4850 ago,
1632 4765 1664 4822 ui

317 4875 459 4944 quaerero
487 4866 600 4924 motum
631 4859 715 4926 Solis
748 4859 914 4942 simplicem
945 4877 999 4940 per
1030 4859 1170 4941 planetas
1209 4857 1380 4940 corrigem3
1423 4861 1608 4924 frustraneue
1639 4849 1663 4910 is
