3680 5538
642 325 707 392 Pars·
721 321 824 404 busca
856 317 1025 407 06666111.
1159 389 1161 394 ,
1441 329 1506 413 lot

163 507 370 588 mentationis,
393 535 441 578 rea
464 513 532 597 ipsa
546 517 629 598 prius
653 519 781 581 innotuit
804 539 858 600 per
871 521 1086 600 experientiam
1109 520 1138 581 in
1160 520 1238 582 hnnc
1260 523 1388 585 modom.
1424 523 1507 586 Con-

165 605 250 666 stitui
269 605 307 666 ad
324 605 459 684 singulos
474 607 583 686 gradm
598 610 765 669 anomaliae
781 610 908 670 eccentri
923 612 978 688 prd
994 609 1148 671 distantiis
1163 609 1200 671 ab
1214 611 1243 671 N
1262 611 1356 673 lineas
1380 613 1445 687 ΚΤ,
1466 615 1507 676 TI

164 693 367 756 diametrales.
415 695 556 774 Singulas
579 698 670 759 etiam
694 697 797 758 ordine
821 698 859 759 ad
883 715 1026 760 summam
1054 699 1184 778 priorum
1208 699 1313 778 adjeci.
1362 699 1507 764 Collectis

165 783 300 844 omuibus
333 802 448 844 summa
480 785 537 846 tuit
558 781 749 860 36000000,
782 793 816 847 ut
847 805 902 864 par
933 796 988 850 est.
1038 787 1227 866 Comparatis
1259 788 1349 861 igitur
1381 791 1507 870 singuiis

165 871 287 933 sommis
311 891 378 933 cum
401 873 500 948 totali,
523 881 557 935 ut
579 876 625 948 (in
649 875 753 954 regula
774 876 1013 955 proportionum)
1037 895 1151 938 summa
1170 872 1345 940 36000000
1360 879 1403 939 616
1427 888 1508 942 66666

165 961 204 1020 60
227 955 310 1024 3000
333 963 455 1034 (nomen
478 963 635 1024 artificiale
658 965 803 1044 temporis
826 964 920 1026 totius
942 965 1135 1038 restitutorii)
1159 972 1192 1026 ut
1216 983 1347 1028 summae
1372 967 1506 1046 singulae

164 1049 205 1109 ad
227 1067 299 1111 suas
323 1050 509 1130 significatas
533 1065 649 1113 moras:
682 1051 905 1132 praecisissime
934 1053 1045 1133 prodiit
1068 1053 1163 1126 idem,
1196 1053 1226 1114 in
1256 1055 1394 1116 secundis
1418 1057 1508 1117 etiarn

165 1138 330 1218 scrupulis,
363 1140 442 1220 quod
463 1141 618 1220 prodibat,
652 1141 678 1204 si
701 1141 853 1203 dimidiam
876 1141 1129 1204 eccentricitatem
1156 1141 1186 1202 in
1215 1142 1311 1204 sinum
1342 1145 1509 1218 anomaliae

165 1227 297 1289 eccentri
315 1227 573 1308 multiplicassem,
593 1239 703 1291 etcum
722 1247 793 1292 area
807 1230 919 1306 circuli,
945 1250 1019 1312 quae
1039 1230 1154 1292 valeret
1172 1229 1275 1292 itidem
1290 1228 1372 1296 3600
1388 1235 1508 1304 (nomen
1605 1247 1612 1262 ·

165 1315 322 1377 artificiale
351 1317 494 1397 temporis
521 1317 725 1392 666616666611),
751 1337 981 1399 comparassem.
1028 1320 1158 1394 Deinde,
1183 1338 1247 1381 cum
1280 1337 1378 1383 essem
1410 1322 1441 1384 in
1473 1341 1510 1383 ea

166 1405 315 1485 opinione,
335 1404 449 1484 justam
472 1406 647 1470 distantiam
670 1408 732 1470 ΝΜ
756 1408 965 1488 applicandam
989 1427 1056 1471 esse
1080 1408 1178 1470 lineae
1200 1409 1269 1482 ΚΗ,
1292 1415 1326 1470 nt
1349 1419 1430 1471 esset
1444 1412 1508 1485 ZN,

162 1485 267 1574 *itaqua
290 1495 470 1557 anomaliam
492 1507 684 1577 coaequatam
709 1497 790 1558 ZNA
808 1497 1040 1577 inquisivissem,
1064 1498 1231 1559 attribuens
1254 1515 1319 1558 eam
1343 1493 1509 1561 anomaliae

166 1584 282 1645 mediae
305 1585 410 1646 AKN:
443 1585 603 1648 manifeste
625 1585 833 1647 dissensemnt
861 1588 1056 1667 aequationes
1079 1607 1098 1646 a
1120 1605 1187 1647 mea
1208 1587 1366 1666 hypothesi
1397 1586 1510 1650 vicaria

166 1691 232 1752 cap.
256 1673 345 1734 XVI.
370 1683 493 1755 eratque
516 1669 679 1737 61666450
702 1683 883 1756 coaequatae
907 1695 1049 1737 excessus
1072 1696 1091 1736 a
1114 1693 1195 1750 vero,
1218 1694 1272 1755 per
1295 1676 1509 1756 experientiam

167 1761 408 1824 observationum
431 1763 564 1838 invento,
589 1756 664 1846 5¹h‘
688 1763 838 1840 delectns3
870 1764 950 1826 circa
977 1761 1056 1828 1350
1077 1765 1197 1826 circiter
1224 1760 1265 1826 40.
1313 1768 1357 1826 At
1379 1768 1441 1826 All
1467 1764 1510 1826 sic

166 1851 336 1930 applicata,
369 1860 403 1912 ut
424 1851 455 1912 in
478 1852 535 1914 KL
556 1852 782 1928 terminaretur,
815 1861 884 1914 tunc
907 1855 1000 1915 MNA
1024 1861 1189 1933 coaequata
1211 1853 1363 1932 applicata
1393 1855 1510 1915 mediae

166 1939 335 2002 anomaliae
357 1941 464 2014 ΑΚΝ,
495 1939 728 2022 exquisitissime
752 1961 818 2004 cum
840 1941 961 2017 vicaria,
987 1942 1116 2003 honest
1153 1961 1219 2003 cnm
1251 1942 1510 2004 observationibus

165 2030 328 2090 consensit
375 2027 449 2092 Cum
473 2029 565 2109 igitur
578 2037 733 2092 constaret
750 2032 787 2093 de
810 2049 842 2092 66
856 2031 938 2111 ipss,
961 2040 1068 2112 postea
1091 2031 1236 2110 impulsus
1260 2051 1325 2092 snm
1348 2033 1386 2092 ad
1409 2031 1509 2112 inqui-

164 2118 289 2179 rendam
312 2123 350 2178 'ex
371 2119 524 2199 principiis
557 2120 650 2181 semel
681 2121 828 2200 susceptis
862 2121 958 2199 ipsam
982 2121 1072 2182 etiam
1096 2138 1217 2180 causam
1244 2119 1304 2193 rei,
1338 2140 1426 2201 quam
1454 2123 1510 2183 hoc

166 2207 276 2286 capite,
301 2225 389 2287 quam
411 2209 509 2286 potnit
530 2209 594 2270 lieri
618 2207 864 2272 artificiosissime
880 2217 911 2268 et
933 2209 1109 2283 clarissime,
1133 2209 1238 2270 lectori
1262 2209 1371 2270 066661.
1410 2207 1509 2284 Quod,

166 2296 224 2357 nisi
241 2315 352 2356 causae
374 2297 527 2378 physicae,
551 2297 635 2358 initio
652 2315 730 2357 ame
754 2306 911 2378 susceptae
935 2299 1000 2358 loco
1016 2297 1236 2378 principiorum,
1260 2299 1374 2378 probos
1396 2307 1507 2373 essent,

165 2403 315 2466 nunquam
338 2384 476 2448 intanta
499 2385 665 2448 subtilitate
688 2387 890 2467 inquisitionis
913 2387 1077 2448 consistere
1099 2387 1278 2466 potuissent.

83 2463 88 2473 ’
254 2471 288 2536 Si
310 2473 375 2555 quis
398 2481 493 2554 putot,
517 2475 730 2537 obscuritatem
753 2476 840 2554 hujus
855 2475 1066 2554 disputationis
1082 2494 1120 2535 ex
1142 2476 1200 2538 mei
1220 2475 1333 2555 ingenii
1356 2475 1508 2559 perplexi-

165 2570 228 2624 tate
253 2563 339 2624 oriri:
373 2563 400 2624 ei
423 2581 479 2643 ego
502 2565 618 2642 culpam
641 2564 718 2626 hanc
740 2564 886 2626 hactenns
912 2565 1046 2638 fatebor,
1080 2563 1158 2645 quod
1179 2563 1255 2626 haec
1278 2564 1509 2626 1606666666-

166 2671 256 2734 quere
279 2647 432 2726 noluerim,
457 2653 647 2732 quantumvis
663 2651 876 2716 obscurissima
898 2671 953 2715 neo
975 2654 1063 2715 valde
1087 2654 1258 2716 necessaria
1272 2653 1310 2714 60
1325 2653 1509 2734 astrologiae

165 2741 350 2814 exercitium,
373 2759 459 2822 quem
473 2742 591 2804 unicum
609 2743 696 2804 linem
718 2741 851 2822 plerique
876 2749 1012 2804 statuunt
1027 2742 1114 2822 hujus
1132 2741 1341 2824 philosophiae
1356 2741 1507 2804 coelestis.

166 2829 308 2893 Ceterum
322 2831 402 2910 quod
423 2831 580 2892 materiam
595 2831 712 2905 attinet,
737 2849 811 2910 rogo
825 2831 995 2910 hujusmodi
1011 2831 1150 2911 aliquem,
1173 2840 1206 2892 ut
1221 2830 1379 2908 Apollonii
1395 2829 1509 2892 Gonica

165 2920 259 3000 legat.
307 2919 442 2996 Videbit,
475 2939 543 2983 esse
567 2920 711 3001 quasdam
737 2921 845 2982 meteri
930 2938 1006 3000 qnae
1038 2921 1120 2980 nulla
1147 2920 1258 2999 ingenii
1290 2919 1436 2980 felicitate
1465 2921 1508 2981 ita

166 3009 246 3071 tradi
269 3008 397 3088 possint,
421 3019 454 3072 ut
475 3010 610 3071 cursoria
638 3008 765 3070 lectione
789 3027 854 3069 com
909 3008 1085 3070 bendantur.
1132 3007 1330 3070 Meditatione
1359 3026 1435 3087 opus
1462 3017 1510 3068 est

166 3103 199 3160 et
221 3097 403 3160 creberrima
425 3098 622 3162 ruminatione
645 3098 801 3160 dictorum.

721 3503 839 3602 Caput
874 3501 955 3576 LX.

167 3666 347 3739 6116666066,
371 3684 411 3728 eoo
433 3666 493 3728 hcc
515 3665 665 3748 physica,
698 3665 755 3726 hoc
777 3671 822 3726 eat
847 3664 984 3745 peucine
1006 3670 1036 3725 et
1065 3661 1421 3746 vedommu-hypothesi
1452 3685 1508 3728 eo·-

166 3756 314 3820 mendi
340 3761 506 3836 utromque
534 3761 657 3835 portem
689 3753 887 3836 aequationis
918 3760 947 3814 et
976 3753 1145 3814 distantiae
1172 3753 1328 3832 96661666
1334 3776 1348 3827 ;
1378 3774 1509 3834 6666666

165 3854 332 3926 anumque
360 3840 456 3906 616661
484 3864 546 3927 per
572 3843 725 3906 6166661666
752 3843 830 3922 fieri
862 3843 1011 3906 66666666
1044 3861 1107 3903 666
1134 3841 1255 3923 potuit:
1293 3849 1508 3924 argumentum

665 3929 776 4014 salsae
797 3931 1007 4016 hypotheseos.

256 4073 337 4148 Quia
358 4073 507 4154 capitibus
528 4073 609 4135 LVI.
634 4073 748 4135 LVlll.
772 4072 854 4134 LIX.
878 4070 1001 4150 planeta
1027 4069 1058 4130 in
1082 4069 1243 4145 diametro,
1275 4089 1381 4134 versus
1405 4069 1507 4134 Solem

169 4173 311 4240 extensa,
343 4163 462 4243 ponitur
485 4162 524 4224 ad
546 4161 649 4225 Solem
672 4161 813 4222 accedere
838 4168 869 4222 66
891 4160 928 4221 61)
951 4177 987 4220 66
1009 4159 1164 4235 66660666,
1196 4167 1227 4221 66
1249 4178 1301 4240 per
1329 4162 1386 4222 hoc
1407 4162 1507 4223 facere

169 4255 298 4318 orbitam
327 4253 507 4333 ellipticam3
538 4250 569 4312 16
602 4250 727 4330 singulis
750 4267 821 4310 vero
843 4248 963 4329 punctis
990 4247 1105 4310 orbitae
1136 4256 1239 4310 tantas
1270 4249 1368 4311 facere
1397 4267 1506 4324 moras,
1562 4243 1567 4252 '

168 4354 282 4425 quanta
315 4350 363 4404 est
392 4341 537 4403 distantia
567 4339 649 4402 illius
680 4339 781 4420 puncti
804 4359 823 4398 a
846 4338 934 4400 Sole:
969 4337 1250 4417 opportunissimum
1280 4338 1367 4399 nobis
1399 4339 1510 4401 accidit

168 4431 375 4514 compendium
398 4449 463 4509 cap.
486 4429 569 4491 LlX.
593 4426 760 4506 praemissi,
785 4425 823 4487 ad
846 4443 990 4488 summam
1013 4426 1128 4507 aliquot
1149 4444 1297 4488 morarum
1321 4427 1419 4488 subito
1442 4429 1507 4489 col-

168 4521 330 4602 ligendam.
377 4519 541 4582 Ostentum
564 4516 642 4578 enirn
666 4525 730 4592 est,
763 4515 894 4577 demissa
926 4533 963 4575 cx
986 4515 1095 4577 circulo
1117 4514 1356 4595 perpendiculari
1386 4517 1415 4576 in
1439 4517 1507 4578 dia-

169 4619 298 4674 metrum
321 4607 485 4687 longiorem
507 4605 624 4686 ellipsis
646 4605 677 4668 in
699 4605 810 4667 circulo
833 4603 1001 4682 descriptae
1024 4604 1081 4677 (sit
1102 4603 1133 4665 iu
1154 4602 1248 4684 priori
1278 4602 1430 4666 schemate
1452 4606 1508 4668 ΚΒ

169 4699 304 4764 denum
325 4698 357 4760 in
381 4693 463 4770 AC),
487 4696 530 4758 sic
552 4701 587 4757 ut
608 4701 691 4756 secet
713 4692 832 4774 ellipsin
854 4691 885 4754 in
904 4693 947 4767 bl,
970 4701 1002 4755 ct
1022 4692 1122 4772 posito
1146 4691 1217 4754 Sole
1240 4690 1270 4752 in
1292 4691 1337 4764 N,
1362 4711 1505 4756 summam

168 4789 298 4852 omniurn
313 4785 526 4848 distantiarum
548 4805 567 4846 a
589 4783 661 4846 Sole
683 4783 713 4845 N
734 4789 909 4862 punctoriun
931 4783 961 4842 in
984 4801 1054 4842 arcu
1067 4781 1131 4844 AM
1145 4780 1244 4840 inesse
1267 4779 1296 4840 in
1320 4799 1392 4842 area
1406 4783 1503 4846 ΑΚΝ.

256 4876 367 4940 Posito
392 4873 482 4955 igitur
508 4893 578 4936 areu
609 4873 749 4953 ellipseos
773 4871 850 4945 AM,
880 4870 928 4950 qui
962 4867 1230 4931 denominationem
1262 4868 1353 4930 habet
1375 4871 1413 4933 ab
1435 4891 1506 4934 arcu
