3552 5562
530 319 561 375 de
578 321 766 380 ommutui·
783 327 815 380 de
832 333 902 380 motu
919 327 1007 380 sullae
1024 323 1121 378 ituria.
1454 315 1497 392 45

126 521 203 568 mam
229 501 350 566 limitis
374 501 605 570 inclinationem
634 515 795 588 quaeretur
816 525 855 570 ex
877 515 964 590 parte
988 507 1111 570 canonis
1141 505 1307 586 rectauguli
1339 503 1497 586 sphaerici,

129 594 212 675 cujus
238 593 332 656 latus
356 614 376 656 a
399 589 441 657 0⁰
465 595 505 657 ad
527 591 589 660 90·
609 615 664 678 per
688 597 822 680 singulos
845 599 968 681 gradis,
993 597 1076 659 hone
1100 617 1120 658 a
1141 591 1225 660 0⁰0¹
1249 595 1288 657 ad
1314 590 1373 658 10⁰
1390 593 1422 660 0¹
1444 615 1499 678 per

133 683 256 764 singula
279 680 405 746 minuta
426 685 572 764 procedit,
598 695 784 766 excerpctnr,
806 687 939 770 iuquam,
963 706 1001 749 ex
1014 687 1071 748 hoo
1094 704 1208 749 canone
1232 703 1321 747 arcus
1342 683 1498 766 eclipticas

136 773 332 855 respondens
357 773 443 836 moui
466 776 581 838 orbitae
604 783 635 838 et
657 775 812 852 inclinatio
835 777 901 858 ejus
924 776 994 852 loci,
1018 791 1105 858 quem
1129 775 1246 838 obtinet
1267 775 1399 855 planeta.

223 861 363 937 Quarto,
387 863 474 927 locus
498 863 654 946 eclipticas
678 864 816 929 inventus
840 866 1062 948 comparabitur
1085 883 1151 928 cnm
1170 865 1236 928 loco
1261 864 1400 945 opposito
1416 863 1499 927 Solis

140 973 220 1016 vero.
270 949 458 1015 niterensis
488 953 545 1016 erit
576 955 703 1035 angulus
733 957 901 1018 anomaliae
931 955 1190 1030 commutationis,
1224 951 1274 1035 qni
1307 953 1443 1034 quamvis
1466 973 1499 1016 re

141 1044 206 1125 ipsa
228 1059 288 1124 par
312 1050 471 1123 utramque
501 1043 711 1124 aequationem
734 1045 776 1108 sit
798 1054 970 1121 correctns,
1002 1046 1132 1125 simplex
1161 1051 1263 1106 tamen
1293 1042 1391 1104 adhuc
1413 1043 1499 1106 uobis

141 1132 280 1208 dicetur,
297 1149 366 1194 cunr
389 1129 550 1196 etiamnum
573 1134 748 1216 aequandus
772 1135 822 1211 sit,
845 1136 974 1198 maxime
993 1137 1075 1198 circa
1097 1132 1304 1215 oppositiones
1327 1151 1393 1194 cum
1411 1131 1497 1196 ¹Sole.
1563 1148 1568 1160 ⁶

140 1221 201 1284 ffic
223 1221 358 1302 angulus
373 1228 413 1282 et
427 1221 583 1286 inclinatio
606 1223 664 1285 loci
687 1225 830 1306 planctae
849 1225 881 1287 in
895 1213 1063 1288 eo‘ceutrico
1086 1229 1246 1305 quaeretur
1261 1222 1292 1282 iu
1308 1220 1363 1283 illo
1386 1239 1499 1283 canone

141 1317 173 1373 et
193 1327 252 1392 par
277 1311 354 1372 haec
377 1311 436 1374 dno
460 1320 637 1393 excerpatnr
659 1315 795 1395 angulus.

233 1399 361 1476 Quinto,
384 1400 497 1462 tabulis
518 1402 610 1464 nnllis
629 1403 731 1483 juvari
761 1405 926 1485 poterimus
949 1403 1019 1484 quin
1041 1419 1096 1482 per
1124 1406 1282 1480 utramque
1304 1406 1336 1460 et
1357 1399 1498 1478 planctae

142 1497 174 1551 et
196 1490 313 1552 Terrae
336 1509 356 1550 a
375 1489 446 1552 Sole
469 1489 651 1560 distantiam,
668 1501 699 1554 et
718 1493 859 1575 angulum
882 1491 1050 1556 anomaliae
1075 1487 1316 1552 commutationis
1340 1497 1500 1570 aequatum

145 1579 227 1642 iuter
250 1578 334 1640 diota
357 1579 725 1660 latera·comprehensum
747 1601 802 1664 per
824 1581 844 1645 2
867 1579 1134 1662 multiplicationes
1158 1595 1336 1661 quaeramus
1360 1578 1501 1658 angulum

144 1667 395 1732 commutationis
419 1687 472 1731 seu
493 1669 687 1750 parallaxeos
712 1672 897 1754 compositae
921 1691 974 1734 een
997 1669 1150 1733 contusae.

235 1755 343 1833 serto,
366 1757 442 1820 haec
464 1755 630 1840 parallanis
654 1769 686 1823 et
707 1762 790 1842 prins
815 1758 1103 1841 servatnsangulus
1125 1755 1157 1820 iu
1172 1775 1244 1820 area
1266 1753 1390 1818 muenia
1409 1756 1500 1836 juxta

143 1867 177 1911 se
203 1855 308 1910 mutuo
339 1847 500 1910 ostendent
528 1867 629 1914 arcum
662 1849 863 1931 elongationis
895 1851 1037 1932 planetae
1060 1848 1091 1910 in
1121 1846 1261 1930 ecliptica
1284 1864 1303 1905 a
1326 1843 1408 1908 Solis
1431 1845 1500 1908 loeo

144 1935 290 2020 opposito
313 1943 344 1998 et
367 1936 565 2000 latitudinem.
1257 1955 1261 1966 ’

235 2025 296 2088 Hic
318 2045 377 2107 qua
399 2025 430 2087 iu
452 2045 486 2088 re
507 2045 571 2089 rem
590 2026 708 2109 juvare
724 2029 826 2110 possis
854 2047 1010 2109 exponam.
1066 2023 1142 2091 Cum
1169 2043 1229 2086 non
1262 2024 1304 2085 sit
1332 2021 1502 2102 cujuslibet,

142 2115 279 2180 condere
308 2115 448 2192 tabulas,
467 2123 509 2196 ¹tn
539 2135 612 2179 vero
640 2119 773 2204 excellas
797 2127 828 2181 et
857 2118 992 2180 abundes
1023 2113 1228 2197 compendiis,
1259 2111 1383 2176 canonis
1412 2112 1502 2192 hujus

142 2213 269 2289 partem
290 2203 422 2285 planetis
445 2207 649 2270 necessariam
670 2207 726 2270 tibi
750 2209 936 2271 condendam
958 2205 1113 2288 relinquo}
1137 2217 1206 2265 uam
1221 2202 1265 2265 ita
1287 2200 1406 2282 quidem
1428 2205 1502 2282 per'-

144 2315 262 2358 masne
285 2311 361 2368 sum,
384 2293 527 2376 quidquid
541 2297 580 2359 I).
597 2297 701 2380 lqcbo
726 2297 767 2359 sit
780 2297 924 2372 editurus,
949 2297 1014 2359 lore
1029 2303 1063 2358 nt
1079 2295 1155 2356 haec
1173 2289 1381 2373 Copernicana
1402 2290 1502 2372 hypo-

144 2383 248 2447 thesis
271 2389 395 2464 propter
417 2381 631 2448 intellectionis
661 2385 838 2450 facilitatem
857 2386 948 2468 juxta
968 2404 1110 2448 mansura
1133 2383 1190 2457 sit,
1214 2397 1303 2462 qnam
1327 2379 1446 2459 quidem
1470 2379 1502 2442 in

143 2473 271 2537 tabulas
302 2468 447 2553 redigere
469 2473 539 2536 dnm
568 2473 672 2538 vixero
696 2495 755 2539 uon
778 2477 941 2539 desistam:
973 2482 1007 2537 tn
1029 2492 1102 2536 vcro
1126 2469 1334 2552 jampridem
1367 2467 1503 2530 obtulisti

142 2573 229 2626 tuam
253 2562 292 2624 D.
318 2559 453 2642 Tychoni
476 2565 598 2644 oper'am
620 2566 652 2626 in
676 2564 838 2628 condendis
861 2565 982 2628 tabulis.
1029 2563 1077 2626 Ao
1101 2579 1174 2624 sane
1198 2559 1224 2621 si
1248 2577 1286 2619 ex
1308 2556 1500 2619 restitutione

141 2649 273 2728 Lunari,
296 2669 386 2732 quarn
409 2649 684 2735 apud-'Tychonem
706 2653 779 2730 vidi,
803 2656 841 2717 dc
858 2651 1122 2736 planetisceteris
1142 2647 1337 2730 judicandum
1361 2648 1417 2720 est,
1442 2665 1501 2707 non

144 2740 261 2805 nullius
284 2760 359 2804 neus
382 2740 440 2802 erit
456 2742 548 2804 etiam
570 2743 650 2824 apud
664 2742 837 2825 Typhonem
855 2745 931 2808 haec
945 2762 1021 2824 ,pars
1045 2740 1178 2804 canonis.
1217 2737 1296 2800 Nam
1314 2755 1389 2818 quas
1411 2735 1505 2798 hehet

143 2833 236 2896 Luna
260 2829 493 2911 inaequalitates
516 2839 603 2894 extra
626 2833 851 2914 conjunctiones
872 2841 903 2896 et
917 2831 1132 2914 oppositiones,
1157 2845 1260 2892 omues
1276 2825 1379 2907 Tyoho
1398 2845 1418 2886 a
1432 2843 1505 2888 vera

143 2919 361 3001 conjunctione
383 2926 415 2980 et
437 2919 626 3001 oppositione
658 2922 814 3002 regulares
844 2923 952 2998 laoit;·.
970 2929 1004 2983 ut
1031 2917 1178 3000 jamnon
1206 2916 1304 2978 dicam
1329 2914 1366 2975 de
1390 2912 1505 3006 ingenti

144 3031 204 3073 usn
227 3007 356 3071 canonis
377 3009 545 3091 mctanguli
564 3009 714 3092 sphaerici
728 3011 759 3072 in
780 3011 860 3074 omni
877 3010 1015 3074 doctrina
1032 3007 1250 3088 triangulomm
1269 3002 1504 3084 sphaerioomm,

148 3099 177 3162 si
201 3099 288 3162 frons
312 3097 352 3158 ad
374 3093 435 3161 90⁰
458 3095 655 3164 continuetur.
669 3092 697 3175 ⁸)
732 3099 875 3166 Prolixus
898 3099 1057 3163 admodum
1073 3097 1133 3175 fni;
1158 3095 1283 3157 cessabo
1306 3091 1407 3171 igitur.
1442 3089 1502 3156 Ubi

145 3189 223 3252 haec
247 3195 346 3268 grata-
360 3186 415 3249 tibi
438 3187 532 3251 luisse
559 3188 753 3265 intellexero,
775 3191 863 3271 plura
885 3190 1021 3253 monebo.
1059 3189 1104 3250 ‘lb
1127 3203 1199 3248 vero
1219 3181 1341 3262 Magire
1365 3179 1502 3242 celeber-

143 3279 222 3341 n'mc
245 3278 325 3340 haec
348 3295 385 3338 co
407 3277 507 3339 animo
531 3277 661 3359 suscipe,
684 3297 741 3361 quo
757 3298 813 3360 ego
838 3279 955 3361 scripsi.
994 3278 1066 3341 Sum
1090 3275 1165 3337 artis
1189 3269 1392 3334 astronomiae
1416 3268 1502 3350 cupi·
1599 3295 1611 3323 ι
1694 3283 1697 3296 ·

144 3367 296 3432 dissimns
319 3373 541 3446 attemperare
564 3365 637 3429 mihi
660 3388 720 3430 non
742 3387 876 3450 possum,
900 3369 970 3450 quin
989 3365 1152 3429 artificibus
1176 3360 1304 3424 consilia
1326 3377 1394 3421 mea
1417 3377 1503 3420 com-

143 3456 309 3531 municem,
332 3463 367 3518 nt
395 3454 514 3520 illomm
542 3455 796 3522 admonitionibus
827 3458 952 3522 subinde
984 3456 1015 3518 in
1036 3457 1094 3518 hac
1118 3451 1221 3516 diviua
1250 3457 1316 3512 arte
1338 3447 1503 3529 proficiam.

142 3551 226 3612 1³⁰⁰>
250 3544 398 3626 ¹¹¹⁸l⁰f⁰¹¹¹
420 3545 451 3608 1¹¹
473 3546 604 3621 modum,
628 3547 783 3629 utiquam
810 3547 938 3629 primum
967 3545 1137 3620 rescribas;
1169 3559 1225 3604 nec
1248 3546 1298 3602 est
1324 3555 1449 3620 necesse
1473 3544 1508 3598 nt

145 3657 189 3700 ex
210 3637 342 3716 abrupto
366 3633 406 3696 ad
428 3635 547 3716 singula
568 3637 767 3719 respondeas,
792 3633 901 3699 saltem
923 3635 1135 3698 indicationem
1167 3629 1277 3704 facito,
1301 3627 1351 3689 ubi
1373 3625 1430 3690 has
1454 3645 1505 3688 re-

145 3724 279 3808 ceperis.
327 3724 362 3786 In
388 3721 491 3806 Styria
513 3725 632 3807 quidem
654 3743 713 3788 non
738 3726 837 3805 cogito
869 3725 950 3788 ultra
972 3733 1036 3787 tres
1060 3723 1099 3785 ad
1123 3737 1269 3784 summum
1297 3716 1505 3779 hebdomadas

143 3829 296 3890 merli
326 3812 430 3896 litque
458 3813 668 3894 praestiterit,
700 3822 734 3877 nt
764 3834 839 3897 qnae
870 3833 1071 3896 responsurus
1094 3831 1128 3873 ea
1151 3811 1282 3888 Pragam
1303 3805 1505 3894 themornm

144 3906 291 3968 mitteres
321 3901 361 3963 ad
379 3899 435 3964 ¹111.
465 3903 503 3965 D.
529 3903 747 3980 Coradncium,
780 3901 1070 3968 Vloecaucellarinm
1101 3897 1243 3979 Imperii,
1275 3913 1363 3976 quem
1386 3902 1418 3956 ct
1447 3894 1505 3955 has

146 4001 236 4056 artae
259 4009 363 4054 amam
387 3989 451 4053 seio
474 3998 506 4053 et
526 4010 573 4054 me
597 4011 698 4055 aurare
720 4013 884 4074 persuasus
907 4011 981 4054 snm.
1029 3991 1064 4054 Si
1086 3997 1188 4051 tamen
1211 3983 1312 4066 aliqua
1335 3991 1366 4044 tc
1388 3983 1505 4046 incom-

144 4081 288 4146 moditas
310 4079 437 4160 impedit
458 4083 652 4164 (quamquam
675 4101 754 4157 ecoe,
778 4081 898 4163 qnid'tc
916 4081 1042 4162 Mpedit
1060 4079 1098 4141 ad
1113 4077 1152 4140 D.
1170 4071 1342 4158 Tychonem
1365 4065 1506 4146 son‘hers,

148 4173 238 4254 cujus
268 4167 369 4232 literis
393 4168 420 4230 si
443 4163 513 4251 qnid
537 4168 646 4233 adme
674 4171 831 4252 pertinens
861 4169 1052 4250 adjunxeris,
1081 4167 1111 4229 id
1133 4184 1181 4227 mc
1206 4169 1324 4243 semper
1345 4162 1389 4223 nti
1418 4177 1506 4240 spero

149 4261 234 4342 ⁸P¹¹d
256 4258 303 4322 D·¹
322 4257 496 4340 Tychffltem
518 4259 663 4340 reperiet)
685 4261 817 4341 Praganr
845 4259 993 4334 scribere,
1024 4257 1112 4320 mitte
1136 4253 1297 4318 Graecinm
1320 4250 1351 4313 in
1374 4249 1507 4331 Styriam

150 4347 360 4414 adNuucinm
372 4347 594 4428 Apostolicum,
617 4349 645 4412 is
669 4351 694 4412 si
717 4349 832 4412 Abbati
850 4347 1052 4412 Admonteusi
1075 4339 1330 4408 commendaverit
1351 4339 1506 4419 epistolas,

152 4439 245 4504 ladle
268 4436 345 4500 mihi
367 4436 540 4498 reddentur.
1492 4435 1497 4448 ·

239 4529 323 4591 Dum
347 4525 527 4588 concludere
555 4525 640 4600 volo,
672 4521 792 4602 incidit,
825 4527 905 4609 qnod
926 4523 1003 4607 pene
1029 4524 1130 4606 primo
1158 4520 1225 4582 loco
1253 4513 1385 4578 scribere
1412 4513 1503 4577 volui.

149 4616 284 4684 theoria
298 4616 409 4680 Lunae
432 4613 557 4676 multum
571 4615 706 4699 Tychoni
729 4616 912 4679 difficultatis
935 4622 1045 4677 movet.
1084 4608 1161 4674 Mihi
1181 4606 1299 4668 videtur
1321 4603 1506 4687 auspicanda

151 4731 170 4772 a
188 4704 425 4792 parallamhna,
458 4721 531 4782 qnae
553 4703 734 4785 contingunt
752 4705 789 4767 ob
819 4703 990 4767 sensibilem
1021 4698 1196 4765 distantiam
1226 4692 1322 4756 centri
1344 4699 1376 4756 et
1398 4711 1504 4776 super-

150 4798 227 4866 ficiei
249 4793 338 4878 globi
363 4790 504 4854 Terreni.
547 4794 592 4855 At
616 4793 818 4874 parallaxium
848 4793 987 4856 doctrina
1017 4784 1226 4854 latitudinibus
1248 4782 1352 4845 Lunae
1381 4784 1506 4846 confusa

150 4899 207 4954 θη,
255 4886 347 4968 Opus
371 4878 475 4960 igitur
504 4889 584 4944 essct
613 4883 856 4964 praecognitione
886 4875 1101 4945 latitudinum'
1132 4874 1297 4954 Utrumque
1320 4869 1358 4934 ab
1381 4879 1506 4955 utroque
