3552 5562
354 255 398 326 50
773 255 873 309 Liberae
891 256 993 323 Kepleri
1012 258 1163 326 aliorumque
1182 262 1284 328 mutuae
1380 303 1384 312 .

444 438 533 512 Vale,
558 442 589 499 et
612 455 663 502 oro
687 442 717 500 te
741 436 882 514 rescribe,
906 444 940 499 ut
962 437 1179 502 recreationem
1201 435 1328 503 habeam
1351 454 1389 498 ex
1413 433 1553 503 lectione.

443 523 474 594 8.
498 527 571 592 Feb.
599 521 694 589 1601.
739 526 868 604 Pragae.
1120 585 1127 600 ,
1197 595 1205 618 0

799 615 838 679 H.
864 615 898 680 Τ.
926 613 1061 692 0101111.
1085 613 1258 699 Discipulos

1322 703 1365 766 M.
1380 696 1424 768 Ἰ.
1447 699 1621 786 Korea.

324 787 330 808 “
441 812 542 878 Propius
560 810 650 864 hlautis
668 811 789 864 thuerim
808 791 1124 946 011οψ1810οξ10ῧί
1142 811 1248 862 11101001

442 971 619 1036 Clarissima
642 971 697 1048 vir,
722 969 905 1053 Praeceptor
926 971 1111 1035 honorande.
1158 968 1246 1044 Quod
1274 975 1359 1036 tauto
1391 963 1525 1050 'tempure
1550 975 1657 1046 taces,
1681 969 1709 1031 id

352 1083 398 1125 010
423 1062 541 1138 omnino
565 1061 686 1124 credere
706 1061 807 1141 jubet,
833 1070 863 1123 te
888 1081 1009 1126 causam
1033 1061 1154 1123 tacendi
1177 1057 1371 1140 confinxisse,
1396 1077 1484 1140 quam
1508 1058 1626 1120 ultimis
1652 1060 1709 1120 tuis

351 1149 446 1214 literis
471 1150 542 1212 mihi
567 1149 757 1231 exprobrasti
776 1157 810 1221 (v.
830 1159 887 1210 vol.
906 1159 940 1218 11,
958 1175 983 1226 p.
1005 1153 1062 1222 1³).
1108 1149 1174 1230 Ego
1198 1149 1288 1212 rebus
1316 1147 1391 1210 meis
1415 1147 1446 1210 in
1475 1147 1568 1213 aliurn
1596 1155 1708 1210 statum

351 1241 577 1306 transeuntibus
601 1258 659 1301 non
684 1237 839 1316 desistam,
865 1240 964 1321 quoad
987 1259 1092 1303 vocem
1116 1239 1172 1300 tibi
1195 1256 1383 1318 expressero.
1422 1237 1502 1300 Nam
1525 1235 1603 1300 mibi
1629 1247 1708 1300 certe

349 1350 408 1392 uon
433 1329 492 1390 aliu
526 1335 660 1408 temporo
690 1329 789 1408 magis
823 1339 875 1418 tua
907 1349 1000 1410 opera
1028 1338 1060 1391 et
1087 1327 1276 1392 institutione
1312 1345 1386 1408 opus
1416 1325 1482 1392 fuit.
1530 1325 1707 1407 Tychoucm

350 1417 493 1482 inandisti
517 1426 676 1479 mortuum.
716 1416 833 1481 Caesar
851 1439 952 1482 curam
966 1420 1232 1482 instrumentorum
1251 1422 1282 1478 et
1296 1415 1539 1498 imperfectorum
1555 1413 1706 1500 Tychonis

350 1508 515 1596 studiumve
539 1507 611 1568 mihi
635 1507 787 1592 imponere
811 1509 954 1584 decrevit,
979 1507 1122 1571 salarium
1144 1506 1216 1569 mihi
1249 1505 1456 1582 denunciavit,
1480 1513 1588 1584 petere
1615 1505 1706 1586 jussit

351 1597 663 1678 aliquamsummam.
701 1597 783 1660 Usus
799 1617 853 1678 ego
873 1599 1007 1662 consiliis
1031 1598 1166 1672 aliorum,
1192 1595 1270 1678 quud
1285 1615 1383 1658 meam
1403 1595 1521 1675 quidem
1544 1613 1705 1676 personam

351 1687 472 1761 attinet,
498 1705 645 1759 summam
668 1686 793 1749 arbitrio
812 1685 953 1752 Caesaris
977 1687 1122 1762 commisi,
1147 1683 1226 1766 quod
1249 1703 1319 1746 vero
1343 1683 1560 1765 perfectionem
1586 1703 1706 1766 operum

352 1775 519 1858 Tychonis,
553 1794 676 1856 quornm
709 1776 866 1858 potissimo
890 1764 977 1840 vivus
1000 1775 1230 1838 ‘fabularum
1254 1769 1577 1853 Rodolphaea'rum
1602 1762 1705 1835 numeri

353 1865 433 1937 fecit,
458 1863 611 1926 dimidiam
626 1863 777 1945 Tychuuis
801 1886 946 1928 summam
970 1886 1011 1928 sc.
1040 1861 1125 1928 1500
1140 1855 1269 1926 florenos
1294 1863 1514 1944 annuospatii,
1540 1861 1705 1943 pollicitus,

352 1953 379 2016 si
396 1954 511 2018 Caesar
530 1962 612 2015 totos
632 1949 719 2018 ³000
733 1955 923 2036 Tychonicos
941 1955 1003 2036 det,
1022 1973 1069 2016 me
1091 1953 1167 2015 hene
1192 1951 1406 2014 collocaturum
1431 1951 1557 2014 adscitis
1583 1951 1705 2032 collegis

352 2050 384 2104 et
414 2043 648 2105 calculatoribus
682 2051 714 2106 et
748 2044 905 2126 exquisitis
942 2043 1098 2108 doctorum
1129 2041 1274 2106 00011101.
1329 2040 1520 2122 Responsum
1555 2041 1704 2122 quodnam

350 2131 483 2197 futurum
517 2133 572 2208 sit,
605 2139 723 2214 tempus
755 2133 931 2212 patefaciet.
978 2131 1044 2212 Ego
1068 2131 1174 2211 plenus
1198 2149 1252 2210 spe
1279 2151 1354 2192 sum.
1401 2131 1481 2194 Nam
1512 2129 1539 2193 si
1573 2130 1647 2192 mihi
1670 2129 1702 2192 de

350 2215 465 2302 phtiuri'
484 2221 568 2284 0001
591 2221 755 2302 prospexit,
781 2222 818 2281 de
843 2222 971 2284 materia
993 2240 1036 2283 sc.
1053 2219 1213 2282 exercendi
1235 2219 1482 2300 ingeniiutique
1506 2227 1538 2282 et
1563 2221 1601 2282 de
1627 2237 1704 2283 sum·

350 2310 432 2373 tibus
451 2309 630 2414 prospiciet.
667 2307 814 2390 Adeoque
838 2311 864 2373 si
879 2311 944 2372 Deo
966 2329 1057 2372 curae
1082 2317 1129 2371 ost
1153 2310 1347 2378 astronomia,
1373 2310 1451 2390 quod
1475 2309 1600 2372 credere
1625 2308 1701 2390 pium

351 2406 415 2476 est,
444 2393 590 2480 Jam'ego
624 2416 729 2478 spero,
764 2419 811 2462 rue
835 2401 864 2460 in
889 2419 926 2460 ea
949 2399 1061 2480 aliquid
1091 2398 1324 2480 praestiturum,
1349 2417 1424 2460 cum
1454 2395 1593 2474 videam,
1620 2415 1703 2480 quam

348 2475 499 2555 fataliter¹
516 2506 564 2548 me
588 2487 722 2569 Tychoni
744 2486 828 2550 Deus
861 2488 1034 2568 adjunxerit
1064 2507 1120 2550 nec
1152 2485 1341 2568 gravissimis
1373 2487 1570 2550 incommodis
1605 2487 1643 2551 ab
1671 2503 1701 2546 eo

351 2574 454 2638 divelli
476 2569 587 2660 passus
610 2574 659 2640 sit.
698 2575 800 2658 Tycho
824 2597 899 2658 quae
923 2575 1088 2657 praestitit,
1113 2584 1183 2638 ante
1203 2597 1311 2646 annum
1335 2573 1389 2642 97.
1413 2576 1582 2657 praestitit,
1608 2575 1647 2638 ab
1670 2593 1700 2636 00

350 2673 486 2746 tempore
509 2683 558 2726 res
583 2665 647 2743 ejus
671 2663 701 2727 in
720 2665 806 2746 pejus
829 2685 926 2740 ruere,
950 2666 1016 2748 ipse
1032 2665 1113 2729 curis
1138 2665 1315 2728 immanibus
1339 2665 1486 2738 distineri,
1513 2677 1699 2746 puerascere.

350 2753 456 2820 Patria
478 2753 701 2816 inconsiderate
726 2756 848 2817 deserta
870 2755 968 2838 ipsum
992 2755 1122 2818 afflixit:
1148 2755 1218 2816 aula
1240 2755 1316 2818 haec
1338 2755 1428 2836 plane
1451 2755 1597 2836 perdidit.
1638 2753 1699 2816 Non

325 2852 418 2908 “erat
442 2843 521 2904 enirn
545 2843 580 2921 is,
606 2844 736 2926 quicum
760 2863 908 2926 quoquam
929 2836 1032 2907 ¹vivere
1049 2843 1115 2906 sine
1138 2843 1327 2924 gravissimis
1352 2841 1568 2907 offensionibus
1592 2847 1698 2928 posset,

350 2933 461 2995 nedum
484 2951 550 2993 curn
574 2939 679 2993 tantae
703 2933 909 3017 amplitudinis
932 2933 1016 3004 viris,
1040 2933 1087 2996 sui
1111 2931 1168 2995 sihi
1192 2933 1330 3004 consciis,
1355 2952 1457 3014 regum
1482 2941 1515 2996 et
1538 2931 1697 3016 principum

350 3019 485 3084 arbitris.
523 3019 727 3103 Tychunicum
751 3041 824 3104 opus
845 3021 975 3085 omniurn
997 3021 1294 3104 praestantissimum
1314 3030 1384 3086 sunt
1407 3022 1699 3092 observationes,

350 3109 479 3173 totidem
507 3109 584 3190 justi
617 3110 703 3185 libri,
737 3121 810 3193 quot
833 3109 919 3174 ahnis
942 3113 1012 3174 huic
1043 3111 1140 3174 labori
1169 3111 1310 3191 praefuit.
1356 3111 1434 3174 Dein
1457 3111 1698 3194 Progymnas-

351 3208 447 3262 mata
470 3194 517 3284 (in
540 3219 578 3260 eo
601 3200 709 3282 stellae
732 3203 820 3277 fixae,
845 3209 946 3266 motus
962 3201 1043 3266 Solis
1058 3208 1090 3262 et
1104 3201 1207 3266 Lunae
1230 3201 1269 3263 ad
1288 3207 1393 3264 nostra
1415 3201 1570 3282 tempora)
1594 3215 1700 3262 meram

350 3289 470 3380 spirant
492 3289 681 3353 ambrosiam.
721 3289 816 3374 Spero
831 3292 1016 3374 proditurum
1040 3290 1223 3353 instantibus
1246 3289 1395 3352 nundinis.
1433 3289 1513 3354 Nam'
1533 3289 1565 3354 id
1586 3299 1699 3354 strenue

351 3389 473 3460 operam
497 3377 543 3454 do,
567 3378 696 3472 indicem
720 3380 808 3447 facio.
848 3361 934 3453 Quae
953 3381 1089 3444 Lunam
1114 3379 1256 3456 attinent,
1280 3399 1372 3460 opera
1389 3379 1580 3460 potissimum
1606 3379 1699 3458 cujus-

351 3467 423 3528 ·darn
448 3463 615 3528 Christiani
639 3467 777 3531 Severini
800 3468 1091 3552 Longimontani
1114 3465 1193 3530 Dani
1225 3467 1272 3530 his
1303 3468 1415 3534 ultimis
1449 3469 1535 3532 anuis
1568 3467 1699 3532 confecta

353 3560 431 3632 snut,
457 3553 575 3616 clavum
603 3561 726 3618 tenente
750 3558 902 3640 Tychune.
949 3559 1034 3623 Haec
1057 3577 1117 3620 nou
1146 3565 1377 3639 repraesentant
1408 3578 1474 3620 earn
1504 3557 1698 3628 divinitatem,

354 3661 431 3726 quae
454 3649 504 3704 est
527 3641 557 3703 in
581 3641 663 3706 Solis
687 3641 813 3710 theoria.
860 3647 907 3710 De
931 3646 1094 3711 00100111
1119 3645 1231 3709 librum
1254 3647 1344 3710 aliurn
1372 3647 1537 3731 scripturus
1562 3652 1645 3719 erat,
1668 3642 1699 3702 de

352 3729 521 3812 planetis
537 3732 671 3795 omnibus
690 3734 864 3802 doctissime
880 3741 912 3808 et
925 3735 1154 3818 diligentissime
1170 3745 1388 3800 commentatus
1404 3746 1465 3800 cst:
1482 3735 1537 3800 sed
1552 3737 1615 3800 fere
1625 3749 1698 3796 mure

353 3819 540 3885 Ptolemaiou
571 3823 696 3885 mutatis
726 3825 897 3905 mutandis,
928 3832 962 3886 nt
994 3833 1026 3887 01
1049 3824 1233 3908 Cuperuious
1267 3827 1347 3892 fecit
1395 3827 1528 3901 Videas,
1559 3819 1699 3908 quomodo

353 3910 438 3972 Deus
462 3907 619 3992 dispenset
642 3929 697 3973 sua
720 3913 812 3988 dona,
846 3933 900 3976 nec
925 3913 1026 3976 omnia
1055 3915 1205 3994 possimus
1229 3936 1340 3980 omncs.
1386 3915 1500 3997 Tychu,
1526 3915 1605 3998 quod
1627 3911 1697 3990 Hip-

353 3998 504 4082 parchus,
536 3999 627 4075 fecit,
653 4019 671 4062 a
695 4001 897 4066 fundamentis
928 4003 1057 4078 aedilicii
1090 4011 1152 4080 est,
1186 4005 1319 4076 laborem
1343 4005 1511 4068 exantlavit
1534 4005 1697 4082 maximum.

348 4087 424 4152 Non
446 4087 547 4150 omnia
578 4085 737 4170 possumu's
768 4111 880 4156 omncs.
927 4092 1093 4156 Desiderat
1114 4093 1304 4175 Hipparchus
1334 4093 1384 4158 ille
1407 4091 1630 4170 Ptolemaeum,
1654 4084 1697 4171 qui

314 4210 318 4220 ·
352 4177 485 4258 reliquos
510 4173 532 4239 5
553 4177 694 4258 planetas
718 4188 957 4262 superexstruat.
1004 4183 1083 4246 Dum
1106 4179 1183 4246 vixit
1211 4183 1286 4248 haec
1313 4183 1464 4264 praestiti.
1513 4179 1697 4250 Theoriam

354 4265 493 4328 Martis
524 4269 675 4344 exstruxi,
709 4278 743 4332 ut
766 4291 872 4334 sensus
901 4269 1102 4336 subtilitatem
1131 4271 1219 4334 facilc
1253 4274 1475 4353 adaequaturus
1499 4272 1540 4337 sit
1563 4269 1696 4337 calculus

354 4355 467 4432 Causa,
494 4373 546 4418 cnr
568 4355 738 4420 incertioris
761 4367 859 4422 motus
883 4360 1015 4424 creditus
1040 4361 1094 4438 sit,
1120 4381 1177 4424 non
1202 4369 1250 4426 est
1272 4361 1316 4427 illi
1338 4361 1519 4442 peculiaris,
1544 4363 1600 4428 sed
1622 4375 1697 4423 com-

354 4445 451 4506 munis
475 4445 611 4508 omnibus
634 4446 777 4529 planetis,
802 4449 831 4510 in
854 4449 921 4530 ipso
941 4469 1012 4512 vero
1037 4449 1272 4542 evidentissima.
1310 4451 1443 4516 Primum
1466 4453 1546 4516 linea
1569 4449 1698 4536 apsidum

355 4533 458 4596 orbem
482 4535 547 4616 ejus
579 4536 725 4600 hactenus
749 4557 807 4628 uoq
836 4537 933 4602 secuit
965 4539 1111 4616 medium,
1145 4540 1367 4624 trajiciebatur'
1386 4543 1466 4606 enim
1489 4562 1544 4624 per
1573 4547 1698 4604 centrum

356 4623 516 4705 aequantia
541 4631 572 4688 et
595 4633 731 4689 centrum
753 4626 882 4710 putativi
906 4627 987 4691 orbis
1011 4630 1122 4716 magni.
1160 4632 1205 4693 At
1225 4651 1298 4694 vera
1320 4631 1472 4714 trajicitur
1494 4652 1549 4714 per
1570 4635 1696 4695 centrum

359 4715 516 4794 aequantia
541 4720 572 4776 et
595 4713 698 4780 Solem
730 4715 838 4799 ipsum.
885 4717 934 4778 lta
958 4726 1093 4782 centrum
1124 4721 1282 4783 eccentrici
1314 4721 1415 4802 (quem
1439 4724 1502 4805 jam
1534 4713 1695 4802 imagineris

360 4819 440 4865 more
463 4803 664 4902 Ptolemaiou)
696 4805 776 4872 inter
803 4814 946 4889 punctum
976 4809 1134 4892 aequantia
1164 4816 1195 4872 et
1223 4807 1324 4876 Solem
1356 4819 1420 4892 est,
1451 4812 1696 4894 computaretur
