3582 5558
328 289 374 360 84
748 243 848 346 hiterse
865 291 967 358 Kepleri
986 291 1136 359 aliormnqne
1153 299 1256 346 numae

334 473 405 626 quia
424 473 545 578 addis,
587 480 618 536 te
650 491 772 578 sperare
806 472 1060 621 'satielaomramE
1076 471 1352 577 obseruationibus,
1385 479 1418 536 et
1444 471 1681 556 cogitatiofflsus

330 561 1194 734 iefiiiiii}iiiiiii'ii'iigiiffhiyihhn,⁸,iiim
1207 561 1599 734 ssffiffidsstseh⁸⁰siii⁰
1615 581 1681 732 ii.

328 741 775 912 Effiovfahhiehhhihhhifnum
798 761 868 876 spes
892 741 976 840 haec.
1020 740 1125 804 Pauca
1146 761 1225 821 pono
1256 729 1469 822 principioium
1495 743 1578 817 loco,
1612 741 1682 804 inde

416 919 468 984 Ad
489 919 620 983 ultimas·
637 917 666 982 7.
692 914 777 994 (17.)
801 917 875 1000 Maj.
903 914 998 982 1603.

417 1008 463 1071 De
487 1008 688 1090 computanda
711 1007 858 1070 distantia
881 1006 963 1077 Solis
986 1013 1018 1070 et
1040 1007 1152 1070 Terrae
1176 1007 1326 1092 quereris,
1356 1013 1387 1072 te
1419 1006 1562 1072 mutandi
1585 1007 1683 1071 trihus

329 1099 435 1174 modis,
460 1118 547 1162 unum
565 1105 679 1180 optare.
715 1096 762 1160 At
776 1114 832 1177 ego
849 1115 886 1159 ue
901 1096 1122 1170 confunderem,
1137 1097 1228 1160 tertio
1251 1097 1317 1160 loco
1341 1104 1372 1160 te
1396 1097 1435 1160 ad
1459 1097 1684 1160 similitudinem

329 1188 518 1270 quaerendae
542 1187 705 1250 distantiae
729 1185 810 1249 Solis
835 1186 998 1249 athlantis
1022 1185 1172 1266 ablegavi.
1218 1188 1288 1266 Ipse
1318 1205 1390 1248 vero
1422 1186 1535 1267 primus
1563 1186 1684 1260 modus,

297 1275 300 1280 ’
329 1278 356 1341 si
378 1278 495 1340 minuta
517 1285 682 1350 sectemur,
715 1274 810 1337 babet
840 1275 918 1337 hanc
950 1277 1048 1356 ipsam
1076 1274 1205 1340 similem
1227 1275 1430 1356 operationem
1454 1285 1485 1338 et
1506 1275 1684 1339 verissimus

330 1374 388 1430 est.
427 1365 584 1429 Secundus
607 1384 677 1428 vero
701 1365 929 1446 compendiosus
945 1364 1064 1446 quidem
1080 1371 1111 1426 et
1124 1363 1154 1426 iu
1174 1383 1292 1430 sensum
1310 1365 1382 1428 nihil
1397 1372 1515 1446 peceat,
1540 1365 1686 1428 distrahit

328 1465 431 1519 tamen
456 1454 559 1518 Solem
581 1455 612 1518 iu
636 1455 811 1535 operatione
835 1473 854 1516 a
876 1452 1072 1517 similitudine
1097 1460 1274 1518 ceterorum.

417 1563 514 1642 Igitur
536 1562 593 1623 hoc
616 1561 695 1625 habe
717 1561 925 1643 praeceptum:
959 1560 1080 1642 cognito
1110 1579 1181 1624 vero
1212 1561 1277 1623 loco
1300 1559 1381 1624 Solis
1405 1559 1431 1622 ei
1454 1559 1540 1642 cupis
1573 1559 1647 1642 ejue'
1666 1581 1687 1624 a

326 1653 422 1718 Terra
445 1651 622 1714 distantiam
646 1669 845 1730 cognoscere,
878 1649 1005 1730 primum
1037 1650 1122 1724 vide,
1156 1658 1300 1732 quantum
1332 1651 1370 1712 ab
1403 1667 1539 1730 apogaeo
1568 1651 1686 1726 distet;

329 1741 437 1803 deinde
461 1740 537 1803 adde
571 1741 639 1802 hnic
672 1740 836 1803 distantiae
869 1740 908 1801 ab
940 1757 1076 1820 apogaeo
1100 1739 1254 1802 dimidiam
1279 1739 1488 1823 aequationem
1511 1740 1578 1820 ejus
1608 1739 1686 1814 loci;

328 1829 419 1893 tertio
448 1829 514 1893 dic:
542 1837 577 1894 ιιι
600 1831 683 1893 sinus
713 1830 801 1910 hujus
825 1837 932 1891 auctae
957 1827 1121 1890 distantiae
1136 1828 1175 1890 ab
1190 1847 1324 1911 apogaeo
1340 1830 1380 1891 ad
1398 1836 1505 1904 totum,
1531 1829 1575 1890 sio
1599 1829 1686 1890 sinus

326 1919 408 1984 illius
430 1937 520 1982 verae
544 1919 709 1982 distantiae
733 1919 772 1982 ab
796 1937 932 2000 apogaso
957 1919 996 1980 ad
1019 1917 1196 1982 distantiam
1216 1917 1298 1982 Solis
1321 1926 1353 1980 et
1370 1919 1494 1982 Terrae.
1532 1919 1567 1981 Iu
1581 1919 1688 1981 Marte

328 2015 401 2091 puto
423 2010 638 2090 propemodum
661 2007 740 2071 idem
771 2010 868 2072 locum
897 2008 1084 2083 habiturum,
1116 2015 1150 2069 tu
1182 2007 1247 2089 ipse
1279 2008 1443 2089 periculum
1477 2007 1581 2070 iacias.
1628 2005 1688 2070 Sin

329 2107 429 2162 nutem
454 2099 547 2161 nimia
570 2098 781 2162 eccentricitns
804 2117 862 2161 non
887 2099 946 2160 lert
968 2097 1026 2158 hoo
1049 2097 1270 2178 compendium,
1302 2113 1390 2160 mane
1414 2115 1486 2177 ergo
1509 2096 1687 2180 inproprie

329 2189 417 2250 modo
442 2188 535 2250 Marti
560 2188 725 2268 adscripto.

420 2295 601 2353 Fabricius,
629 2289 1360 2361 nonexspectausKepleriresponea,di018l28.Jnnii
1387 2291 1451 2343 haec
1478 2291 1546 2342 dedit
1562 2289 1689 2356 Keplera:

327 2367 406 2418 Juxta
425 2372 494 2416 tuam
512 2367 659 2430 hypothesin
687 2366 799 2430 exempla
826 2365 919 2431 aliquot
937 2364 962 2426 d
982 2364 1121 2421 calculari,
1148 2363 1193 2416 sed
1211 2366 1322 2415 veritatis
1346 2378 1448 2429 scopnm
1465 2377 1516 2414 non
1535 2364 1689 2430 nonerunt.

327 2439 393 2504 qnod
411 2451 568 2502 speraveram
585 2439 646 2488 lore.
683 2439 763 2490 Video
785 2436 895 2488 noudum
919 2437 1033 2488 sufficere
1058 2441 1129 2488 tuam
1152 2435 1301 2500 hypothesin
1325 2436 1542 2488 observationibus.
1579 2435 1634 2500 ligo
1654 2450 1688 2486 ex

328 2511 401 2562 variis
429 2510 547 2573 exemplis
573 2511 684 2576 cognovi,
713 2515 806 2560 motum
823 2509 948 2573 quendam
975 2523 1085 2560 aunum
1113 2508 1356 2560 commensurabilem
1383 2507 1464 2560 Solari
1489 2508 1571 2558 inesse
1594 2503 1685 2557 hlarh.

326 2579 484 2645 Acronychia
501 2581 650 2645 respondent
667 2581 805 2646 hypothesi,
825 2587 853 2630 at
867 2582 893 2630 in
911 2578 971 2630 locis
990 2586 1060 2630 extra
1078 2579 1229 2643 acronyehia
1246 2595 1296 2630 non
1314 2579 1381 2630 item.
1410 2578 1467 2629 Nou
1485 2577 1585 2636 sufficit,
1604 2577 1687 2630 aliam

327 2667 418 2720 ponere
437 2653 648 2703 eccentricltatem
667 2669 710 2717 pro
729 2653 853 2703 distantiis
871 2653 896 2702 in
915 2649 1005 2702 circulo
1023 2649 1127 2709 Martis,
1154 2652 1199 2702 sed
1224 2657 1320 2715 oportet
1338 2653 1414 2702 etiam
1432 2655 1526 2700 motum
1544 2656 1685 2702 eommun-

327 2725 402 2776 tionis
420 2722 510 2773 Martis
529 2737 638 2774 annuum
657 2724 826 2781 considerare,
846 2724 871 2773 lu
890 2738 937 2789 quo
956 2724 1034 2773 omnis
1052 2721 1182 2774 diversitos
1199 2723 1278 2782 latet,
1297 2737 1347 2772 non
1364 2723 1460 2787 inipso
1479 2721 1536 2772 orbe
1554 2727 1599 2770 aut
1617 2722 1687 2772 crblx

327 2797 416 2850 Mutis
435 2794 597 2854 dimensione,
622 2797 668 2848 seo
693 2796 751 2845 orbe
774 2809 864 2847 annuo.
901 2794 977 2845 Miror
994 2795 1083 2860 iginus,
1107 2801 1133 2844 te
1151 2795 1177 2844 in
1195 2795 1311 2859 exemplis
1328 2793 1376 2845 hoc
1395 2809 1444 2844 non
1469 2791 1685 2846 animadvertisse

327 2867 392 2920 Vide
411 2867 564 2936 exemplum:
584 2880 650 2918 anuo
663 2863 740 2916 1587.
761 2865 785 2914 9.
798 2865 856 2917 Jau.
873 2865 944 2916 hm.
963 2873 1045 2917 emeat
1057 2865 1168 2929 Τγιιιοιιι
1186 2865 1211 2926 0*
1230 2867 1256 2914 in
1276 2863 1306 2913 20
1319 2863 1361 2914 47’
1375 2867 1439 2924 2³
1460 2861 1536 2915 1002.
1557 2861 1599 2914 18.
1611 2863 1686 2916 lunii

326 2939 352 2992 h.
374 2935 415 2987 10.
435 2953 459 3002 p.
480 2953 513 2986 m.
532 2937 557 2998 ό
575 2941 647 3005 juxta
672 2953 754 2988 meam
778 2943 892 2994 exactam
917 2937 1112 2989 observationem
1135 2937 1162 2988 in
1180 2933 1229 2987 270
1247 2933 1290 2986 ta‘
1310 2936 1351 3014 ψ.
1389 2937 1444 2988 Tua
1468 2934 1610 3002 hypothesis
1637 2937 1685 2987 dat

327 3005 378 3060 280
398 3007 439 3058 12Ι
459 3007 501 3084 llp,
520 3011 626 3060 sirecte
645 3011 753 3060 memini.
790 3007 832 3060 Sic
852 3011 927 3059 etiam
945 3011 971 3059 in
991 3009 1045 3060 aliis
1063 3023 1128 3074 qnae
1146 3009 1246 3060 adhibui
1265 3007 1389 3074 exemplis.
1439 3025 1445 3044 ·

419 3081 503 3142 Quare
515 3087 544 3131 nt
557 3079 698 3148 diligentius
711 3089 781 3132 tuam
792 3079 940 3144 hypothesin
952 3082 1092 3132 consideres
1104 3095 1202 3144 moneo,
1213 3087 1240 3131 et
1251 3086 1344 3130 motum
1357 3079 1555 3130 mmmntatenls
1568 3079 1685 3132 molius

327 3161 353 3206 et
371 3154 478 3218 penitius
497 3155 630 3203 examines.
669 3154 741 3205 Haec
759 3167 895 3218 senecam
913 3167 958 3217 per
983 3152 1106 3204 caleulum
1124 3165 1183 3203 rara
1207 3153 1390 3211 adinvenerim,
1415 3151 1491 3202 libere
1508 3151 1553 3201 tibi
1570 3149 1682 3202 semim

325 3240 450 3277 nonaum
467 3226 566 3276 veritus.
1353 3267 1356 3274 .

415 3295 500 3357 Μιιοι,
520 3295 690 3361 Gopemieum,
710 3295 943 3362 Regiomoutauum,
962 3293 1132 3346 Ptolemaeum
1151 3299 1177 3346 et
1189 3294 1250 3347 alios
1267 3309 1299 3346 ax
1317 3293 1486 3347 observatione
1505 3293 1587 3360 aliqua
1604 3295 1683 3346 semi-

277 3381 282 3390 ·
328 3369 444 3418 diametri
463 3367 527 3417 orbis
546 3369 623 3418 annui
649 3369 829 3432 proportionem
849 3367 881 3417 ad
899 3368 983 3416 orbem
1000 3365 1089 3421 Martis
1112 3367 1233 3431 inquirere
1257 3365 1377 3428 voluisse,
1401 3381 1450 3418 non
1475 3365 1548 3415 aliter
1565 3379 1596 3416 ae
1615 3368 1637 3415 si
1655 3369 1685 3416 in

328 3439 418 3490 ceteris
436 3439 473 3488 ita
490 3454 585 3504 quoque
605 3447 686 3497 esset,
714 3452 770 3489 eum
794 3445 880 3489 tamen
898 3451 929 3487 ex
946 3439 1064 3489 universis
1092 3440 1208 3503 exemplis
1233 3437 1307 3503 longe
1325 3437 1376 3488 elis
1403 3439 1473 3489 detur
1497 3435 1686 3488 semldisxnetex

315 3512 410 3565 orbis,
427 3510 502 3572 idque
525 3513 597 3573 juxta
615 3525 690 3576 quam
707 3510 796 3560 virtute
822 3511 995 3562 distendamus
1014 3507 1058 3572 (da
1083 3503 1236 3574 scronychiie
1254 3523 1320 3560 nune
1338 3509 1437 3576 loquor,
1455 3523 1487 3560 ne
1505 3508 1685 3560 ornatuum

325 3577 436 3636 'mntado
454 3581 481 3632 in
506 3581 560 3632 aliis
587 3582 647 3632 loeis
674 3582 743 3632 nobis
761 3581 802 3632 bie
825 3583 956 3646 quicquam
982 3577 1108 3644 objiciat),
1136 3581 1325 3634 sidietantiam
1352 3581 1526 3645 aoronyehiauu
1551 3581 1684 3640 sumana,

331 3653 448 3718 angulum
467 3653 621 3716 parallaxeos
639 3661 666 3703 et
683 3653 803 3719 angulum
826 3654 1025 3703 commutationis
1049 3655 1123 3705 'verae
1140 3653 1180 3704 vel
1203 3654 1348 3704 datautiam
1367 3651 1392 3716 0*
1412 3653 1512 3704 alinea
1537 3660 1685 3717 scammata

327 3724 402 3775 medii
420 3729 501 3772 motus
521 3720 606 3785 (biduo
626 3732 685 3776 ante
703 3725 741 3776 vel
754 3731 811 3788 post
834 3719 941 3788 oodtt
955 3719 1010 3784 Θ),
1030 3731 1057 3776 et
1069 3725 1271 3789 sicaposteriori
1289 3724 1441 3789 inquisiveris
1459 3722 1684 3782 semio'remetmm,

273 3805 279 3828 ¹
327 3811 358 3846 ex
374 3794 412 3844 his
430 3811 477 3859 per
493 3797 673 3860 proportionem
692 3799 776 3862 anguli
795 3796 827 3847 ad
846 3794 1034 3855 damnem&
1056 3791 1115 3864 αξ)
1140 3797 1214 3847 datur
1236 3795 1419 3848 semidiametar
1446 3795 1550 3846 minim
1570 3796 1596 3844 iu
1614 3797 1687 3860 perl-

328 3881 392 3932 paeo
412 3865 478 3927 det
495 3868 605 3918 maxima
622 3869 647 3918 in
661 3883 781 3935 apogaeo,
799 3873 929 3950 propterea
947 3866 1012 3931 quod
1023 3867 1063 3918 hie
1081 3867 1178 3936 longior
1189 3868 1239 3920 illie
1254 3868 1352 3936 'brevior
1370 3867 1490 3918 noemae
1501 3867 1541 3918 ait
1570 3865 1686 3928 Quaero,

328 3937 448 4004 quomodo
462 3937 611 4002 Gopemions
630 3939 756 3992 adhibitae
774 3941 909 3992 distantiae
922 3937 947 3999 0¹
962 3935 1111 3990 adminiculo
1128 3953 1212 3992 veram
1229 3941 1409 4005 proportionem
1427 3939 1521 3990 orbium
1539 3938 1689 3992 ammaus

328 4007 457 4074 potuerit?
487 4007 536 4060 Gur
554 4011 762 4062 semidiametrum
785 4013 848 4063 orbis
866 4011 943 4061 semel
965 4011 1093 4061 inventam
1109 4012 1201 4078 ubique
1224 4012 1366 4069 retinuerit,
1385 4025 1442 4062 cum
1459 4009 1506 4062 hoc
1525 4023 1689 4078 nequaquam

330 4082 376 4132 liat
393 4097 420 4132 re
438 4080 517 4132 sera?
546 4077 669 4133 Examina
686 4091 714 4132 tu
732 4085 816 4135 omnis
834 4080 983 4146 acronyahia
1001 4081 1070 4141 loca,
1098 4083 1137 4134 vel
1159 4083 1241 4148 potius
1265 4097 1329 4148 quae
1350 4081 1425 4133 biduo
1443 4088 1503 4133 ante
1521 4081 1560 4132 vel
1577 4087 1636 4146 poet
1654 4079 1687 4148 8

325 4167 399 4204 roras
428 4155 588 4220 confingunt.
614 4169 672 4220 ergo
695 4169 755 4205 vera
781 4155 964 4206 semidiameter
982 4155 1166 4206 semidiameter
1182 4169 1242 4206 vera
1258 4169 1310 4205 non
1328 4155 1386 4211 erit,
1404 4153 1451 4203 nisi
1469 4164 1533 4220 quac
1551 4167 1582 4205 ex
1598 4153 1690 4207 media

327 4223 487 4286 baanna&
504 4222 591 4274 10000
609 4226 682 4276 datur
699 4228 725 4279 in
738 4227 824 4278 medis
842 4227 911 4284 loeis,
932 4232 958 4278 et
974 4227 1075 4278 retineri
1093 4233 1177 4278 umen
1195 4227 1222 4278 in
1232 4227 1362 4292 hypothesi
1379 4238 1427 4276 nes
1438 4231 1522 4290 potest
1533 4239 1580 4276 neo
1592 4223 1687 4286 debet,

325 4297 383 4366 hinc
402 4311 501 4361 quoque
520 4303 579 4360 puto
607 4295 710 4348 multum
739 4297 886 4350 diversitatis
914 4298 1036 4350 accidere.
1073 4297 1112 4349 'I'u
1135 4299 1235 4364 quidem
1263 4297 1472 4350 semidiametrnm
1497 4297 1562 4349 orbis
1587 4299 1689 4350 rariaun

328 4369 457 4418 constituis
478 4371 551 4432 juxta
578 4367 705 4418 dimidiam
733 4371 945 4420 eccentricitatem
969 4369 1032 4421 Solis
1056 4367 1142 4428 raom
1167 4369 1211 4424 sed
1235 4385 1322 4434 pamm
1339 4370 1387 4420 hoc
1406 4375 1445 4420 est
1463 4368 1495 4420 ad
1514 4369 1689 4422 excusandam

328 4439 398 4489 illam
417 4440 592 4500 diversitatem,
612 4439 643 4488 de
662 4453 712 4504 qua
730 4454 777 4506 ego
796 4455 861 4490 nnuc
880 4442 968 4499 scribo,
989 4457 1044 4492 oum
1063 4455 1095 4494 ea
1112 4448 1186 4492 tauta
1203 4443 1243 4502 sit,
1266 4447 1361 4506 quanta
1379 4447 1418 4492 est
1436 4446 1491 4491 tota
1508 4441 1688 4493 assentiebar

331 4509 428 4562 Manis.
466 4511 567 4572 Quaeso
584 4510 643 4561 mihi
661 4511 728 4562 bunc
745 4512 837 4562 nodum
854 4513 929 4562 latius
955 4514 1076 4578 explices.
1100 4525 1159 4564 nam
1176 4514 1295 4564 nemim
1314 4511 1475 4576 perturbavit
1512 4512 1566 4578 Ego
1583 4514 1611 4562 in
1630 4514 1687 4564 cal-

332 4581 438 4632 enlaude
456 4599 523 4634 nuno
541 4583 613 4649 plura
624 4583 730 4641 inrenlo,
750 4597 823 4648 quam
839 4597 948 4648 unquam
965 4591 1100 4650 putassem.
1126 4585 1226 4646 Quaeso
1243 4585 1303 4636 mihi
1314 4585 1348 4634 ad
1366 4585 1450 4636 omnis
1465 4585 1544 4635 murel
1560 4583 1689 4638 ructibus

334 4657 359 4702 et
377 4653 408 4704 de
427 4657 475 4706 tuis
493 4653 669 4720 hypothesibus
697 4655 798 4706 ulterius
824 4655 948 4716 advehae,
976 4659 1120 4722 praesertim
1144 4657 1208 4724 quod
1235 4657 1269 4708 sd
1295 4655 1503 4708 semidiamelrum
1521 4656 1586 4708 orbis
1604 4660 1688 4710 muni

331 4725 430 4783 attinet,
449 4727 521 4793 idque
539 4741 582 4792 per
601 4726 745 4790 exemplum.
831 4722 834 4730 ⁴

418 4797 466 4848 His
485 4805 599 4863 exparte
617 4799 678 4848 satie
690 4796 811 4863 perplexis
828 4795 907 4847 serbis
925 4797 994 4848 addit
1005 4797 1132 4850 Fabricius
1150 4799 1176 4848 in
1188 4797 1307 4852 schedula
1323 4799 1474 4866 perexigua:
1494 4797 1539 4860 ,P.
1553 4795 1580 4850 S.
1595 4797 1687 4862 Quae-

328 4863 389 4920 ritur
409 4881 442 4920 au
459 4871 584 4935 inquisitio
603 4871 796 4924 eeeenffisitstie
814 4881 864 4920 uon
875 4869 954 4938 possit
971 4870 1056 4939 perliti
1073 4885 1117 4942 per
1129 4871 1241 4926 dmidios
1260 4883 1332 4930 maus
1351 4879 1378 4926 et
1394 4874 1462 4924 dnus
1479 4871 1687 4938 ιιιωιιιιιιοιιιο,
