3604 5534
632 293 694 350 Para
712 297 802 388 Prima.
840 295 923 362 Caput
941 293 972 347 V.
1412 285 1467 359 191

122 465 229 530 artifex
261 487 301 532 ex
328 469 369 533 iis
394 467 467 534 lonis
491 479 522 534 et
546 474 729 554 temporibus
752 474 926 553 interlapsis
950 471 1140 536 constitnerit
1162 472 1341 556 hypothesin
1364 471 1468 548 talem,

122 557 149 618 in
163 575 223 637 qua
237 563 256 619 d
270 560 314 620 sit
328 561 423 636 visus,
448 566 491 623 dd
509 563 716 624 eooeotrieitae
732 565 888 626 eooeotrioi
903 567 952 636 dn,
978 572 1009 624 et
1023 569 1062 643 θγ
1077 564 1284 626 eooeotriaitas
1299 565 1470 644 aequantia,
1512 571 1513 576 ’

124 655 152 707 ot
173 669 190 709 rr
215 667 404 730 apogaeum3
435 651 622 732 Keplerns
663 671 733 713 vero
764 654 976 734 superveniens
1009 653 1169 715 observata
1193 654 1258 714 loca
1282 659 1313 714 st
1336 665 1474 732 tempora

124 743 218 798 mutet
243 737 399 810 (nimirum
422 739 486 820 ipse
510 741 651 802 observet
675 742 816 803 articulos
842 752 872 804 et
890 749 1012 822 pnnota,
1036 741 1141 822 quibus
1158 743 1281 821 planeta
1300 761 1357 802 non
1372 743 1469 803 medio

123 825 176 886 aed
200 829 362 906 apparenti
386 829 451 890 loon
475 828 557 892 Solis
581 829 638 891 fuit
661 831 832 911 oppositus)
857 849 951 912 eaque
975 831 1021 917 lois
1047 831 1120 892 loeis
1144 839 1175 892 et
1199 831 1382 910 temporibus
1408 832 1473 911 ipse

125 913 215 976 aliam
236 916 390 979 invenerit
412 913 607 1000 hypothesin,
632 921 662 980 in
687 940 745 1001 qna
767 921 848 982 visus
871 921 900 981 io
925 925 943 982 d
965 921 1012 981 vel
1036 921 1066 982 A
1089 920 1288 1002 relinquatur,
1324 921 1473 981 eooeotri-
1589 969 1594 979 ,

124 1004 202 1065 nitas
233 1013 335 1067 antem
363 1007 492 1088 prodeat
513 1007 570 1071 AB
595 1010 753 1070 eooeotriei
777 1012 844 1072 oovi
867 1011 920 1084 BI,
945 1017 976 1070 et
999 1011 1067 1070 novi
1099 1009 1305 1090 aequantia·f
1323 1009 1472 1073 eooentn'-

97 1093 204 1184 ¹nitas
227 1093 301 1168 ΑΓ,
333 1107 366 1156 et
389 1095 554 1178 apogaeum
580 1117 688 1160 novum
711 1100 742 1159 I:
772 1101 924 1179 quaeritur
942 1099 1023 1178 jam,
1057 1099 1083 1159 si
1105 1099 1188 1177 prior
1211 1098 1322 1159 artifex
1343 1099 1473 1180 pristirln

96 1201 178 1260 ,suo
209 1191 320 1262 puncto
351 1187 524 1267 aequaturio
554 1187 735 1268 yadjungat
767 1207 875 1250 novum
906 1187 1104 1250 eooeotriourn
1127 1187 1188 1260 BI,
1222 1207 1260 1247 an
1293 1189 1387 1248 multo
1411 1187 1473 1248 alia

124 1272 268 1354 aequatio
292 1274 433 1356 locusque
456 1277 596 1354 planetae
620 1277 674 1338 sub
698 1276 764 1338 fixis
787 1296 841 1358 per
864 1278 1008 1340 caleulum
1033 1278 1074 1338 sit
1089 1275 1269 1355 proditurus,
1294 1295 1382 1357 qnam
1405 1277 1472 1356 ipsa

124 1361 210 1442 prins
234 1380 272 1423 ex
296 1381 349 1424 suo
374 1364 541 1427 eooeotrioo
564 1389 595 1445 yx
608 1367 781 1426 invenerat:
806 1367 942 1452 intellige
956 1367 1054 1447 quoad
1067 1366 1193 1444 primam
1208 1365 1471 1446 inaequalitatem

123 1451 162 1511 de
196 1452 330 1512 secunda
361 1454 438 1515 enim
475 1453 690 1535 inaequalitate
728 1463 760 1516 et
792 1457 862 1538 quid
889 1464 1089 1538 quantumque
1121 1455 1175 1516 lrao
1202 1453 1382 1532 rationein
1419 1455 1473 1516 illa

123 1545 273 1615 mutetur,
308 1540 355 1602 hio
388 1561 484 1604 sermo
517 1563 574 1604 non
606 1552 662 1605 est.
709 1544 921 1624 Respondetnr
953 1545 1074 1606 amhae
1106 1541 1340 1626 aequipollentia
1366 1550 1471 1612 trans·

122 1628 319 1708 positionum,
340 1633 417 1712 qnod
431 1633 594 1713 perexigua
609 1635 812 1716 discrepantia
830 1636 932 1696 fotura
946 1633 994 1707 eit,
1021 1651 1114 1714 eaque
1129 1632 1260 1694 maxima
1271 1632 1350 1693 eirca
1362 1639 1473 1711 puncta

122 1739 156 1790 υ,
181 1718 221 1792 Φ,
255 1737 313 1780 non
347 1721 442 1800 major
465 1719 506 1791 5‘,
531 1723 619 1802 plane
648 1731 681 1784 nt
711 1723 793 1804 prius
821 1724 887 1785 visu
918 1723 1124 1801 transposito:
1154 1721 1213 1784 nisi
1241 1722 1320 1801 quod
1338 1722 1402 1801 jam
1425 1721 1473 1782 ool

122 1807 208 1868 linea
235 1807 358 1887 propior
386 1818 435 1870 est
462 1811 539 1872 visui
569 1817 696 1893 dquam
719 1812 862 1874 terminus
885 1831 916 1875 n:
940 1812 1040 1893 itaque
1065 1812 1190 1890 angulus
1214 1810 1291 1886 mov,
1315 1811 1365 1892 qni
1388 1809 1471 1890 prior

123 1903 196 1958 erat
218 1892 253 1958 4¹
278 1893 353 1972 24⁴2
373 1898 438 1977 jam
461 1908 509 1961 est
531 1897 564 1963 4¹
586 1898 660 1964 43”.
685 1899 876 1964 Contrarium
900 1903 929 1964 in
953 1923 982 1976 o,
1009 1901 1174 1962 Taeoidit.

215 1985 464 2050 Demonstratum
488 1997 537 2051 est
560 1990 650 2068 igitur
668 1992 696 2051 in
715 1987 890 2054 ¹eooeotrino
910 1989 1103 2064 Ptolemaioo,
1129 1989 1199 2070 quid
1225 1987 1376 2049 turbarum
1391 1986 1474 2048 oria-

125 2083 195 2150 tur,
226 2073 253 2135 si
282 2075 348 2156 quis
377 2078 614 2157 oppositionibus
642 2081 782 2161 planetae
811 2099 876 2142 eum
904 2087 1067 2160 apparente
1097 2079 1162 2140 looo
1196 2076 1276 2139 Solis
1305 2095 1391 2148 usus,
1421 2095 1474 2136 seu

128 2164 231 2226 risum
256 2183 311 2226 seu
334 2166 436 2228 orbem
461 2176 639 2248 transponat
661 2189 828 2251 novumque
853 2169 1050 2232 eooeotrionm
1075 2175 1221 2228 exstruat.

217 2251 263 2315 Ut
294 2254 399 2316 eadem
429 2257 661 2338 aequipollentia
691 2260 720 2320 in
752 2262 847 2321 forma
871 2257 1080 2340 Copernioana
1102 2275 1155 2317 seu
1179 2253 1365 2337 Tyehonioa,
1399 2271 1475 2332 qnae

125 2340 247 2404 duobus
271 2343 415 2424 epinyclis
439 2347 546 2423 utitur,
576 2349 712 2427 repetitis
735 2348 835 2409 verbis
860 2349 1094 2416 demonstretur,
1128 2363 1186 2406 uon
1210 2361 1284 2424 opus
1308 2360 1376 2402 esse
1401 2359 1473 2402 oan-

124 2451 188 2493 seo.
236 2431 437 2496 Tantum'ex
464 2436 602 2498 doctrina
625 2437 653 2498 in
678 2439 735 2500 fine
760 2457 825 2518 cap.
850 2437 908 2500 Ill,
933 2435 1066 2507 dooebo,
1090 2443 1122 2496 et
1144 2434 1220 2494 huno
1244 2430 1375 2512 planetis
1399 2447 1483 2491 oon-1

123 2520 299 2582 venientem
330 2524 527 2586 eooeotrioom
556 2545 621 2588 cum
652 2536 800 2606 aequante
827 2527 950 2608 ejusque
973 2527 1002 2588 in
1027 2522 1104 2586 alias
1128 2522 1315 2602 quantitates
1338 2519 1473 2600 aliosque

122 2610 202 2672 situs
222 2609 304 2672 oculi
327 2614 624 2678 transformationem
648 2617 797 2678 delineare
812 2635 865 2697 per
887 2615 974 2678 binos
989 2615 1057 2678 illos
1074 2613 1224 2695 epieyolos
1240 2607 1472 2690 Copemioanos,

126 2707 158 2760 ut
189 2699 302 2762 oculus
334 2702 451 2764 seilicet
487 2705 704 2781 transferatur,
742 2706 801 2768 iter
832 2723 902 2767 vero
932 2705 1073 2785 planetae
1097 2721 1151 2782 per
1174 2719 1277 2762 auram
1301 2698 1474 2760 aetheream

124 2789 293 2868 (qnantum
323 2807 378 2868 per
410 2791 465 2852 hoo
497 2793 630 2872 quintum
663 2804 753 2874 caput
784 2795 847 2858 fieri
880 2796 998 2878 potest)
1022 2792 1201 2856 invariatum
1225 2796 1362 2864 maneat,
1396 2777 1474 2867 quod

123 2877 226 2938 monui
256 2877 356 2958 eapite
379 2880 431 2941 illo
455 2881 510 2944 ΙΙΙ.
535 2881 638 2944 itidem
663 2885 838 2966 fieripoese.

211 2965 436 3032 construatur
450 2971 644 3054 mappulum
659 2979 720 3052 dyo
736 2975 841 3056 pre‘m'

120 3053 267 3137 aequale,
292 3056 545 3123 attestationis
560 3061 737 3144 paralleli;
760 3083 836 3144 opa-

119 3151 168 3205 trrr
189 3163 271 3207 nero
291 3165 352 3226 per
373 3171 408 3220 α,
437 3151 481 3224 αβ
505 3150 681 3232 parallelos
708 3155 772 3234 ipsi
794 3159 838 3232 dy,

120 3242 147 3295 et
165 3253 229 3314 per·
252 3239 284 3307 ὅ,
308 3240 355 3295 dd
372 3237 548 3317 parallelos
570 3242 635 3323 fpoo'
648 3263 695 3320 ny,
720 3251 748 3304 et
767 3263 840 3306 oen-

119 3325 178 3386 tn'o
207 3327 243 3395 d,
277 3347 298 3382 α
337 3324 400 3386 duo
436 3330 617 3412 nordhanton
654 3335 843 3395 eonsentrt'eo'

120 3410 274 3493 αεᾳιιαὶεε
307 3414 469 3493 prioritate
505 3419 653 3480 antenoris
691 3425 745 3494 ὅθ,
779 3423 839 3498 alh

121 3503 325 3565 cmdinaetnr
356 3507 392 3582 dy
419 3506 454 3567 iro
484 3502 521 3578 ζλ
551 3515 580 3570 et
602 3529 641 3586 ay
669 3512 706 3571 iro
730 3531 779 3579 err,
812 3519 842 3574 et
926 3531 929 3537 '

120 3592 180 3654 sint
204 3587 260 3665 δζ,
288 3613 328 3654 oe
354 3594 580 3659 amidiameoa·
605 3597 658 3678 (ut
674 3593 788 3682 mus)
812 3609 841 3663 et

119 3677 222 3743 limae
246 3680 411 3760 apsidum,
434 3687 509 3764 quio
530 3705 587 3766 per·
604 3687 689 3751 idom
704 3710 718 3766 γ
732 3695 839 3753 mons·

120 3777 200 3832 enat.
250 3767 409 3834 Senator
438 3781 542 3837 natan
570 3781 605 3856 dp
637 3784 666 3838 et
694 3799 734 3856 αγ
754 3781 790 3842 o'ra
811 3801 837 3856 η,

120 3854 191 3928 5⁸³¹
215 3860 427 3943 proportione
458 3883 522 3946 qna
544 3866 657 3948 puna:
686 3875 781 3946 etro
805 3867 840 3948 ἓν

119 3946 301 4012 hiscem
329 3951 365 4011 in
394 3963 430 4028 ψ,
453 3975 486 4012 ω.
535 3955 618 4018 flam
645 3958 748 4036 epol-io
781 3963 837 4034 top,

121 4039 238 4100 cenato
261 4039 300 4110 θ,
325 4033 539 4109 (emebantur
563 4043 696 4127 epioynli
718 4071 736 4118 ι,
761 4048 785 4120 λ,
810 4053 839 4108 et

120 4125 183 4205 ipsi
204 4121 245 4198 ζλ
270 4127 317 4188 sit
332 4128 511 4208 paralelos
531 4137 580 4192 θι.
622 4133 745 4198 Omeros
766 4157 838 4198 nero

121 4237 137 4286 r,
160 4217 177 4275 l
197 4213 374 4296 internodio
396 4231 454 4298 ψγ,
484 4221 663 4285 scribantur
685 4225 839 4306 epinyctis

121 4321 390 4384 wemno

204 4393 359 4466 Rursum
389 4401 493 4481 spatio
522 4419 574 4461 noo
608 4403 721 4464 emnia
758 4427 789 4478 s,
819 4406 839 4480 β

123 4483 307 4548 romanon
328 4485 464 4569 epioyolt'
484 4512 508 4562 rr,
532 4511 566 4550 n:
596 4495 626 4551 ef
653 4491 716 4570 ipsi
739 4515 774 4555 aa
796 4497 839 4556 eit

121 4571 300 4650 parallelos
323 4575 378 4650 βο.
419 4574 541 4641 Ondrdo
561 4597 632 4641 uero
657 4601 715 4654 aa
738 4583 837 4646 inter-

124 4657 274 4741 enao'toy
308 4665 489 4728 moranno·
519 4667 674 4750 epioyolia
697 4693 757 4752 par
784 4695 837 4748 av,
862 4695 920 4754 pn3
945 4685 974 4739 et
995 4679 1080 4760 finnt
1105 4680 1183 4749 θιμ,
1217 4677 1280 4750 for
1312 4673 1404 4758 dupli
1433 4679 1477 4739 nd

126 4753 199 4827 dpa3
222 4753 334 4831 sitque
350 4751 482 4835 planato
503 4757 537 4815 a'n
559 4757 709 4838 epo‘oyolio
733 4783 774 4822 aa
791 4768 940 4845 prosatores
961 4789 975 4826 a
998 4770 1032 4828 in
1054 4789 1080 4839 υ,
1104 4767 1138 4826 ia
1161 4764 1313 4848 epioyolio
1337 4765 1372 4840 lp
1392 4787 1475 4846 pro·
1538 4788 1541 4798 ·

125 4833 236 4912 me(
248 4843 287 4908 in
301 4861 330 4902 ¹·
367 4841 553 4928 192⁶pr
575 4846 855 4930 hypothenusae
876 4853 991 4919 ioooo‘do't
1008 4855 1140 4940 planeta
1161 4855 1196 4916 in
1215 4872 1268 4932 τμ,
1289 4875 1348 4938 ppt·
1370 4855 1471 4944 hypo-
