3582 5558
375 517 454 574 Unde
475 516 575 590 globos
596 522 702 589 septem
723 524 856 590 septenae
877 536 914 573 ex
936 517 1029 574 ordine
1049 525 1162 585 mentes,

430 598 604 670 octavusque
625 599 732 656 animus
752 601 786 653 dc
806 605 888 670 patre
908 598 981 664 Sole.
1002 601 1122 656 vehunt:

377 679 679 751 Innumerabilibusqne
700 687 784 735 vacat
803 687 906 735 nature
925 680 1036 747 volutis,

427 760 465 815 Et
484 766 603 832 pereunt
623 761 726 825 novies,
747 763 781 814 de
802 777 899 834 grege,
921 761 1039 832 quinque
1060 761 1121 817 Dei.

374 839 456 896 Falle
476 841 571 910 'lyclro
593 841 669 896 denia
689 841 832 906 rationem,
854 841 923 895 falle
943 841 1071 898 minutis:

431 920 518 985 Quae,
539 921 592 976 nisi
612 921 662 987 Tu,
684 926 810 976 numeret
830 938 924 984 nem03
946 937 982 975 ec
1001 927 1101 978 cuncta
1121 929 1209 980 ruent.

377 999 401 1071 O
422 1017 502 1056 curas
523 1000 669 1068 bominum,
691 1020 708 1056 o
728 997 859 1074 qusntnr'n
879 1008 924 1057 est
944 1002 972 1057 in
991 1003 1074 1057 rebus
1095 1003 1193 1060 inune!

430 1082 572 1147 Quondam
591 1100 647 1138 aon
667 1081 726 1139 slis
746 1081 769 1137 si
789 1081 846 1138 itur
866 1084 902 1138 ad
922 1089 1002 1150 astra
1021 1083 1075 1139 vis.

320 1247 481 1336 Ιῆωάθιη
503 1251 698 1335 epiprummc
720 1249 760 1312 de
781 1249 900 1314 studiis
922 1249 1085 1336 Tyobccis
1107 1249 1242 1314 Brobei.

374 1374 505 1432 lixarum
525 1377 620 1447 Tyclro
641 1375 786 1446 descripsit
805 1375 931 1448 Solisque
952 1381 1074 1440 meatum

428 1455 525 1512 Lunae
546 1455 708 1514 curriculum
724 1455 830 1526 junxit.
851 1465 882 1512 et
900 1455 1036 1514 occrbuit.

374 1535 518 1592 Luciferae
537 1537 684 1594 Phaethon
704 1537 780 1592 dolet
800 1537 955 1592 ascendisse
976 1536 1142 1608 quadrigam

429 1617 477 1674 Nil
496 1618 590 1674 nocuit
609 1619 707 1674 sollers
727 1619 799 1673 hsec
819 1617 870 1672 tibi
890 1634 958 1672 oure
977 1616 1089 1690 l'yobo:
1140 1667 1147 1684 ,

374 1701 527 1754 Aeternum
546 1698 700 1771 Endymion
720 1697 814 1754 'lbiris
833 1697 996 1755 obdormivit
1015 1704 1128 1760 amatur
1220 1757 1227 1772 ,

429 1783 580 1836 Aeternum
599 1779 708 1836 Triviae
728 1785 757 1836 te
778 1796 886 1852 quoque
907 1777 982 1850 sopit
1001 1781 1094 1834 Amor.

630 2085 941 2164 Lectori

767 2209 801 2274 S.

194 2316 338 2381 Pluribus
361 2323 394 2380 te
418 2316 528 2397 alloqui
561 2316 754 2380 decreveram
778 2319 936 2394 (Lector),
952 2313 1024 2384 'nisi
1037 2324 1080 2381 et
1102 2316 1331 2400 occupationum
1353 2315 1460 2399 politi-

105 2425 208 2470 carum
234 2407 341 2483 moles,
368 2405 474 2488 quibus
494 2407 576 2471 hisce
600 2406 710 2472 diebus
728 2407 795 2488 plus
818 2407 908 2471 solito
932 2407 1077 2471 distineor
1096 2416 1128 2470 et
1142 2427 1359 2489 praeproperus
1374 2405 1461 2488 Kep-

105 2495 162 2558 leri
186 2495 296 2572 nostri,
320 2495 380 2558 hoc
401 2496 469 2577 ipso
492 2504 643 2561 momento
663 2497 893 2560 Francolurtum
912 2495 993 2574 ituri,
1017 2497 1170 2560 discessus
1189 2497 1241 2558 vix
1263 2497 1340 2559 hanc
1363 2515 1461 2578 quen-
1526 2533 1529 2540 ·

105 2585 322 2666 tularncunquo
346 2585 419 2649 mibi
443 2583 594 2648 scribendi
616 2585 789 2667 reliquisset
817 2587 1016 2650 occasionem.
1062 2587 1172 2669 Itaque
1193 2585 1289 2650 tribus
1312 2586 1462 2652 ducunt

104 2675 209 2738 verbis
234 2682 266 2738 te
290 2675 470 2738 monendum
494 2674 607 2748 osnsni,
632 2693 669 2737 ne
692 2681 723 2738 ts
746 2683 870 2739 moveat
890 2675 1015 2758 Kepleri
1038 2675 1069 2738 in
1092 2676 1249 2756 aliquibus,
1274 2674 1462 2758 potissimum

105 2781 180 2826 sero
195 2763 339 2846 physicis
357 2764 666 2844 argumentationibus
683 2785 701 2826 a
716 2765 836 2828 Bruheo
860 2765 1067 2828 dissentientis
1083 2765 1218 2841 libertas,
1234 2763 1462 2827 ‘Tabularum

105 2851 410 2936 Rndolphearnm
434 2852 527 2934 Operi
552 2854 746 2938 nequicquam
769 2853 1003 2932 incommodare,
1028 2863 1059 2916 et
1078 2853 1215 2918 omnibns
1238 2850 1308 2916 inde
1330 2852 1369 2916 ab
1390 2853 1462 2916 orbe

105 2941 229 3005 condito
252 2941 444 3024 philosophis
473 2942 640 3006 familiaris.
693 2942 835 3007 Ceterum
858 2963 896 3006 ex
919 2943 1018 3026 Opere
1041 2944 1107 3024 ipso
1131 2943 1286 3017 rescisces,
1307 2943 1409 3022 ipsum
1432 2941 1461 3003 in

106 3031 197 3094 fundo
221 3032 350 3110 Brshei,
376 3031 405 3094 id
429 3039 591 3114 estsuper
617 3033 711 3113 ipsius
743 3033 936 3097 restitutione
965 3035 1090 3096 lixarum
1114 3040 1147 3094 et
1170 3032 1251 3096 Solis
1275 3031 1460 3105 aedificasse,

106 3119 329 3203 materiemque
353 3141 470 3184 omnem
487 3121 731 3195 (observationes
754 3123 907 3199 nimirum)
921 3121 1033 3186 Brehci
1048 3140 1140 3203 opere
1160 3121 1252 3184 luisse
1275 3127 1460 3198 congestam.

107 3209 231 3274 interim
255 3209 316 3273 hoc
338 3210 450 3291 insigni
473 3209 596 3293 Kepleri
621 3208 721 3293 Opere
752 3213 829 3275 iuter
852 3212 908 3275 hos
939 3212 1133 3276 rebellionum
1157 3221 1189 3273 et
1211 3209 1359 3272 bellorum
1386 3210 1461 3271 sub-

109 3297 175 3362 inde
198 3299 448 3381 repnllulsntinm
471 3301 633 3377 tumultus,
665 3303 733 3364 dum
757 3320 806 3364 res
829 3301 964 3364 literaria
985 3299 1074 3380 Reip.
1099 3300 1293 3382 compatitur,
1317 3306 1461 3380 tanquam

108 3387 288 3452 Tabularum
313 3399 346 3452 et
369 3387 534 3470 postillae
558 3387 811 3454 Observationum
843 3391 959 3454 tardius
983 3391 1038 3452 hoc
1070 3388 1241 3452 nominoio
1269 3388 1366 3452 lucem
1388 3406 1461 3467 pro-

109 3477 258 3542 deuntium
273 3479 446 3542 Prodromo
470 3478 587 3555 iruere;
612 3486 643 3542 et
662 3479 823 3542 alacriores
848 3479 876 3542 in
896 3490 1049 3561 posterum
1073 3480 1171 3560 operis
1193 3485 1353 3556 tantopere
1377 3475 1461 3539 desi-

110 3566 201 3632 derati
224 3586 426 3651 proffessus,
450 3572 482 3629 st
503 3577 642 3650 tempore
664 3569 818 3632 foeliciora
841 3589 864 3630 a
882 3569 948 3630 Deo
962 3566 1086 3650 Optimo
1104 3567 1189 3631 Max.
1212 3565 1376 3660 nobiscnm-
1389 3584 1462 3645 pre-

107 3673 179 3721 carc.

589 3745 784 3811 mmm
807 3747 954 3810 Gummi
978 3741 1159 3829 Tmpncpel
1180 3746 1216 3808 im
1240 3743 1371 3826 Ocmpp.
1465 3763 1469 3776 ·

715 3833 770 3898 8⁸⁶
799 3834 856 3900 0⁸⁰
884 3836 951 3898 Mur
980 3831 1186 3898 Consilicrius.
1206 3831 1247 3908 ¹⁸)
