3552 5562
526 275 556 328 de
575 272 897 328 commentariensium
914 273 1003 325 stellae
1021 273 1117 326 Martis.
1452 267 1494 338 29

118 459 189 522 labor
212 465 282 521 est.
334 461 388 522 Et
414 465 515 521 tamen
537 441 592 538 per
612 455 765 518 biennium
788 451 983 516 Theoriue
1005 455 1150 518 Martis
1172 455 1325 535 insudavi,
1349 477 1404 520 nee
1422 479 1498 544 poo-

118 550 195 626 nitet;
224 549 369 612 obtinui
397 549 480 610 enim
502 549 569 624 hoc,
593 553 627 609 ut
648 546 762 628 possim
786 551 958 624 computare
974 543 1072 604 locum
1087 545 1208 624 Martis,
1232 543 1376 630 quantum
1395 573 1498 616 omnes

121 641 171 720 ejus
195 639 466 702 observationes
489 642 656 710 testantur,
685 643 749 699 tarn
770 634 923 716 praecise,
946 652 1035 714 quem
1058 635 1161 716 Tycha
1185 638 1282 702 locum
1306 641 1390 706 Solis
1413 663 1498 708 corn-

123 739 215 812 pntare
241 736 371 810 potest
407 727 524 801 (omnia
555 725 692 789 adhaec
715 733 819 788 nostra
849 725 1011 805 tempora).
1057 724 1221 789 Praeterea
1253 733 1363 810 agnovi
1395 753 1499 797 veram

123 828 258 884 usturam
288 824 455 894 (motuum),
489 817 568 900 quod
598 815 778 896 magnifacio
812 821 842 876 et
869 813 1087 895 jucundissime
1120 818 1314 900 contemplor.
1360 824 1498 906 Denique
1550 879 1553 888 .

126 911 220 974 Solem
246 907 282 971 in
311 907 446 970 theoria
468 907 579 970 Martis
606 913 748 987 tanquam
780 904 810 967 in
842 905 964 985 specula
997 923 1064 968 sum
1096 910 1332 989 contemplatus,
1365 913 1436 992 qnid
1468 923 1500 978 et

124 1007 268 1082 quantum
295 997 328 1062 is
356 997 471 1060 efficiat
492 999 524 1060 in
547 996 684 1059 omnibus
707 994 854 1076 planetis;
880 1013 917 1056 ex
930 995 1032 1056 Marte
1048 1013 1119 1055 vero
1136 999 1302 1078 exemplum
1326 1003 1391 1084 cepi
1415 1011 1498 1066 trac.

126 1091 291 1153 tandorum
319 1095 505 1150 ceterorum.
550 1088 597 1150 De
620 1082 828 1166 praesentibus
850 1083 953 1164 itaque
976 1083 1162 1164 temporibus
1184 1105 1240 1167 per
1262 1109 1365 1154 omnes
1396 1079 1499 1156 astrol

125 1179 245 1243 nomiae
270 1184 401 1259 partes·
420 1177 535 1258 optima
563 1193 697 1256 quaeque
728 1193 831 1256 spero,
864 1191 940 1255 quae
969 1191 1042 1234 vero
1073 1173 1109 1234 de
1138 1178 1312 1256 praeteritis
1336 1189 1367 1244 et
1391 1181 1498 1248 furnis

125 1289 242 1342 mones,
268 1287 354 1328 vera
377 1287 425 1328 me
450 1285 566 1348 qnoque
590 1263 762 1326 existimare
784 1270 858 1344 puto
881 1268 911 1324 te
936 1261 1023 1323 scire.
1062 1263 1108 1324 At
1132 1284 1192 1351 non
1215 1265 1283 1328 ideo
1308 1263 1404 1334 omnis
1428 1292 1500 1335 cura

128 1358 329 1439 deponenda,
357 1357 384 1417 si
409 1375 556 1418 summam
578 1353 796 1436 praecisionem
819 1351 941 1432 assequi
964 1351 1128 1433 nequimus.
1175 1355 1360 1421 Incertitudo
1391 1361 1498 1424 obser-

129 1448 294 1509 uationum
318 1452 459 1508 veterum
482 1465 541 1508 non
563 1451 650 1506 tanta
672 1450 733 1518 est,
767 1449 800 1504 ut
830 1441 920 1523 plane
952 1439 1028 1504 nihil
1067 1441 1129 1505 illis
1157 1443 1248 1506 tribui
1280 1449 1395 1528 possit,
1428 1450 1499 1532 quin

130 1537 244 1618 potius,
270 1535 319 1598 uti
343 1533 461 1617 antiqui
482 1541 604 1596 nostras
626 1540 757 1595 motuum
779 1529 994 1612 apparitiones·
1007 1531 1222 1612 praedixerunt
1244 1535 1347 1600 latiori
1369 1541 1498 1621 quodam

130 1627 222 1689 modu
247 1645 309 1688 nec
333 1625 457 1690 omuino
480 1623 552 1686 falsi
574 1629 656 1696 sunt,
685 1621 730 1683 ita
760 1620 836 1684 nihil
867 1626 916 1682 est
947 1621 1026 1703 quod
1057 1639 1114 1688 uos
1143 1630 1247 1686 teneat
1269 1627 1435 1704 sollicitos,
1467 1629 1498 1690 in

132 1717 270 1778 futurum
295 1733 355 1776 nos
377 1721 464 1776 tanto
486 1711 609 1794 propius
633 1707 847 1784 cdllimatnrns,
871 1718 982 1794 quanto
1005 1710 1184 1793 exquisitius
1200 1713 1241 1776 ad
1255 1721 1392 1797 tempora
1407 1737 1499 1799 prae·

133 1806 238 1868 sentia
262 1811 442 1884 computare
466 1801 665 1864 didicerimus.
702 1799 872 1880 Distingnit
889 1800 935 1860 Μ.
951 1801 986 1862 Τ.
1010 1800 1272 1872 inter·lnrninaria
1295 1813 1326 1867 et
1347 1807 1499 1887 planetas,

133 1901 168 1956 et
188 1894 270 1956 illud
290 1911 387 1954 unum
411 1899 549 1973 spectare
571 1890 700 1963 videtur,
724 1899 759 1952 ut
781 1909 799 1950 a
821 1888 954 1969 planetis
976 1889 1086 1950 ceteris
1107 1891 1238 1953 animum
1252 1910 1350 1956 meum
1364 1896 1403 1957 ad
1417 1893 1500 1959 Solis

133 1992 169 2044 et
189 1985 304 2046 Lunae
326 1989 428 2044 motus
450 1981 622 2043 transierat
668 1979 768 2041 Video
798 1998 835 2039 ex
864 1985 951 2058 parte
981 1977 1100 2040 consilii
1128 1979 1218 2060 hujus
1241 1981 1398 2046 rationem.
1444 1983 1499 2048 Sol

135 2081 171 2134 et
184 2073 280 2136 Luna
305 2069 569 2150 chronologiae
585 2069 727 2143 serviunt,
743 2067 835 2130 ceteri
850 2067 977 2149 quinque
992 2068 1236 2150 astrologiae,
1260 2092 1349 2154 quern
1363 2073 1498 2137 damnas.

132 2163 182 2225 At
205 2160 270 2223 etei
294 2167 394 2222 tecum
418 2159 538 2221 omnino
561 2159 697 2221 damnem
720 2157 804 2219 illam
827 2157 951 2230 (damno
974 2163 1075 2219 antem
1096 2165 1215 2222 tautum
1239 2161 1268 2224 in
1288 2181 1332 2236 ea,
1357 2171 1500 2244 quantum

132 2251 268 2324 Picus),
301 2257 404 2311 tamen
427 2267 521 2330 opera
542 2248 598 2311 Dei
621 2247 713 2327 digna
736 2253 806 2309 suut
828 2245 1078 2308 consideratione.
1123 2247 1166 2310 Et
1193 2269 1253 2312 non
1283 2252 1401 2314 omnino
1425 2251 1501 2315 nihil

134 2341 177 2402 ad
200 2337 434 2418 chronologiam
460 2347 492 2399 et
513 2337 751 2399 summationem
775 2335 890 2399 iaciunt
911 2335 1053 2417 planetae
1083 2337 1186 2400 ceteri.
1232 2341 1300 2420 Ego
1333 2341 1428 2418 enim,
1462 2361 1500 2402 ex

134 2449 196 2510 qno
221 2428 377 2490 rationem
399 2427 608 2508 aequationem
631 2426 787 2510 physicam
810 2443 849 2486 ex
870 2425 988 2506 theoria
1010 2426 1122 2516 Martis
1146 2426 1252 2504 didici,
1287 2429 1374 2493 simul
1408 2429 1501 2494 didici

42 2511 47 2524 '
135 2519 292 2580 rationem
307 2515 522 2590 necessariam,
538 2533 596 2596 qua
611 2534 716 2590 annus,
727 2536 784 2577 non
803 2514 937 2596 tropicus
947 2521 1074 2590 tantum,
1090 2515 1143 2578 sed
1159 2515 1225 2598 ipse
1240 2515 1376 2583 sidereus
1392 2539 1500 2582 neces-

137 2607 223 2669 sario
248 2604 409 2667 variabilis
432 2605 570 2680 edicitur,
603 2613 634 2666 et
665 2625 741 2667 unns
774 2604 834 2667 alio
866 2605 998 2684 longior,
1032 2612 1122 2666 aucta
1151 2605 1375 2692 ecce'ntricitate
1407 2609 1499 2686 Solis,

140 2695 256 2758 ceteris
279 2713 354 2756 vero
378 2694 514 2756 omuibus
537 2693 734 2756 manentibus.
781 2695 896 2776 Itaque,
917 2693 958 2756 ·si
981 2702 1136 2756 constaret
1168 2697 1303 2774 aliunde,
1336 2699 1499 2762 auctiorem

139 2784 213 2846 olim
238 2783 338 2846 fuisse
369 2783 636 2858 eccentricitatem,
669 2783 853 2847 necessitate
883 2801 1000 2846 summa
1030 2783 1185 2861 inferrem,
1216 2785 1383 2870 longiorem
1406 2788 1499 2851 fuisse

140 2893 268 2948 ιιιιιιιιιι,
294 2873 406 2954 itaque,
429 2881 463 2936 ut
486 2873 529 2935 ita
551 2871 658 2946 dicam,
683 2873 887 2936 essentialiter
909 2892 967 2935 non
992 2872 1231 2938 accidentialiter
1254 2878 1283 2939 h.
1308 2896 1334 2937 e.
1359 2895 1429 2938 vere
1446 2877 1500 2941 Sol

140 2964 179 3024 ad
202 2969 353 3044 punctum
374 2981 456 3024 mere
478 2963 567 3024 fixum
588 2961 706 3024 tardius
730 2967 942 3038 reverteretur,
967 2970 998 3024 et
1019 2983 1079 3025 non
1102 2969 1219 3026 tautum
1243 2966 1281 3027 ad
1297 2975 1439 3048 punctum
1463 2967 1500 3028 ab

139 3051 193 3114 ullo
218 3052 353 3136 fugiens,
376 3052 472 3131 magis
496 3071 581 3132 quarn
603 3049 703 3112 hodie.
759 3089 760 3097 .
925 3067 928 3075 ’
1431 3075 1433 3088 ·

236 3141 335 3202 Quibus
354 3139 423 3190 addit
434 3140 556 3204 Keplerus
575 3153 685 3199 eausam,
706 3153 749 3191 eur
767 3153 815 3189 non
835 3137 912 3189 adeat
930 3139 1109 3193 restitutionem
1127 3139 1277 3191 mendarum
1291 3139 1353 3192 Solis
1366 3147 1392 3192 et
1403 3139 1500 3200 Lunae,

140 3213 256 3264 nondun
275 3213 414 3262 ennam
430 3215 456 3264 in
474 3211 579 3275 planetis
606 3214 701 3274 majore
729 3209 893 3268 certitudine,
921 3225 995 3275 qnam
1021 3209 1173 3262 exhibuimus
1198 3213 1255 3262 Vol.
1274 3213 1312 3269 ll,
1338 3229 1362 3277 p.
1382 3210 1424 3262 77.
1463 3216 1500 3264 Eu

138 3283 314 3334 Hervarti
342 3285 499 3348 responsione
518 3281 552 3344 (d.
573 3283 595 3333 d.
615 3280 659 3333 2⁰.
680 3282 736 3333 Oct.
756 3279 839 3337 1602)
865 3282 928 3334 haec
956 3283 1134 3334 dssnrnsirnus:
1162 3285 1220 3335 dass
1243 3283 1283 3334 ioh
1301 3285 1350 3334 deu
1368 3283 1449 3338 Hm
1467 3287 1500 3338 ab

139 3355 341 3420 iuvesdgatione
358 3361 468 3404 motuum
487 3353 630 3419 reliquorum
648 3353 805 3417 planetarum
824 3353 964 3404 abmahnen
982 3354 1077 3412 wollte,
1097 3355 1169 3413 absit.
1189 3355 1240 3406 und
1258 3356 1311 3404 weil
1331 3357 1370 3408 leh
1389 3357 1499 3408 diesialls

22 3445 24 3493 }
139 3423 298 3484 vernehrne,
326 3424 385 3474 dass
403 3425 436 3476 Er
452 3427 478 3475 in
501 3425 675 3476 constituenda
702 3426 844 3491 quantitate
863 3427 923 3475 anni
942 3422 1033 3476 Solaria
1051 3425 1169 3485 laborirt,
1188 3427 1259 3477 weiss
1277 3427 1318 3478 ich
1336 3429 1389 3484 nit,
1408 3429 1438 3479 ob
1458 3429 1501 3478 der

24 3530 25 3533 =
140 3498 211 3548 flere
236 3498 288 3548 den
315 3511 422 3547 errorem
439 3498 464 3546 in
491 3496 583 3548 adculo
611 3497 741 3555 observirt,
769 3511 796 3545 so
815 3495 900 3560 Tycha
925 3498 951 3546 in
975 3493 1203 3563 Progymussnuatis
1230 3499 1385 3550 'einkcmmen
1408 3500 1500 3550 lusson.

141 3569 221 3630 Quae
239 3567 357 3619 adhaec
384 3563 835 3632 supenderit(d.1².llov.'lli⁰2)
862 3567 1029 3634 Ksplerus
1047 3569 1164 3638 leguntur
1181 3569 1235 3620 loeo
1259 3571 1355 3627 citato,
1382 3573 1502 3636 equibus

82 3657 87 3666 ·
143 3649 263 3706 apparet,
284 3639 470 3690 commentans
487 3637 560 3701 („sen
577 3639 642 3706 qnod
661 3640 730 3690 alind
752 3640 860 3690 tutorum
879 3647 918 3690 est
942 3637 1062 3701 nomen“)
1087 3643 1195 3704 proxime
1213 3655 1240 3692 se
1259 3643 1425 3706 perfecturum
1443 3657 1499 3708 spe·

146 3736 239 3780 raam
258 3721 347 3786 quibus
366 3719 451 3770 addit:
481 3710 556 3774 Cum
584 3730 632 3774 mc
661 3711 710 3774 his
743 3709 912 3774 cultoribus
945 3717 1059 3782 (edendis
1079 3711 1174 3786 Optlea
1196 3727 1222 3772 et
1243 3720 1381 3773 Commeat.
1400 3719 1502 3784 Martis)

145 3799 366 3864 adstrinxerim
391 3799 471 3882 ipse,
500 3799 646 3880 intelligis
670 3820 759 3877 saue,
790 3801 933 3883 quidquid
963 3810 1050 3866 extra
1076 3801 1133 3864 has
1163 3809 1262 3864 metas
1286 3803 1343 3864 crit
1370 3803 1502 3885 positum

149 3898 265 3964 (spectas
283 3899 321 3950 bis
339 3899 421 3950 verbis
438 3899 593 3964 quaeanones
611 3897 734 3950 Humani
753 3897 951 3965 chronologicas)
964 3892 1031 3972 'jam
1046 3911 1106 3953 non
1119 3885 1247 3972 amplius
1262 3911 1281 3952 a
1295 3910 1342 3953 me
1359 3891 1500 3972 iuMagn.

145 3983 232 4044 Tuae
266 3977 399 4061 gratiam
430 3979 541 4061 suscipi
570 3997 679 4060 posse,
712 3979 806 4042 donee
837 3999 929 4062 opera
951 3982 1021 4056 illa,
1045 3982 1112 4044 Deo
1136 3981 1266 4055 favente,
1295 3981 1501 4058 absolvantur,

144 4089 328 4152 quamquam
351 4067 488 4151 utrinque
512 4067 544 4130 in
566 4069 616 4130 via
638 4068 722 4149 regia
746 4089 812 4132 snm
835 4070 873 4131 ad
891 4070 949 4133 hoc
968 4071 1074 4152 ipsum,
1098 4069 1179 4152 quod
1201 4069 1413 4151 peragendum.
1454 4070 1501 4133 De
1538 4145 1540 4150 Ι

145 4160 289 4241 Optice
313 4165 444 4234 constat,
468 4159 505 4220 de
530 4156 693 4219 Theoria
715 4158 850 4220 Martis
869 4159 962 4240 jubeo
983 4159 1059 4221 bene
1080 4167 1111 4222 te
1136 4159 1272 4241 sperare.
1313 4159 1392 4222 Nam
1416 4159 1502 4222 etin

145 4247 382 4330 maganerum
412 4246 577 4329 quaedam,
608 4266 715 4328 nempe
735 4266 848 4327 magna
869 4250 966 4330 partis
997 4248 1199 4311 astronomiae
1231 4246 1375 4330 physicae
1402 4247 1502 4330 portio

146 4347 306 4414 mutatur,
330 4336 382 4400 ubi
406 4343 510 4400 sterno
534 4337 613 4397 viam
636 4335 675 4398 ad
697 4355 801 4402 veram
818 4337 922 4400 Lunae
946 4338 1165 4420 aequationem,
1189 4345 1223 4400 nt
1244 4337 1319 4400 nihil
1343 4336 1441 4400 dicam
1464 4338 1500 4399 de

147 4427 343 4510 longitudine
358 4419 448 4503 anni,
473 4445 548 4508 quae
572 4445 609 4488 cx
633 4445 724 4488 causa
747 4425 872 4508 physica
896 4446 961 4490 cnm
985 4427 1208 4490 eccentricitete
1234 4426 1369 4488 variatur
1392 4446 1500 4490 neces-

150 4517 325 4594 sario,¹item
341 4517 425 4599 quod
439 4514 631 4578 verissimam
646 4513 728 4579 Solis
742 4516 998 4579 ecceutrioitatem
1014 4509 1187 4582 demonstro
1207 4513 1259 4577 illo
1274 4511 1384 4596 ipsein
1399 4535 1500 4598 opere.

233 4607 432 4658 Hervartua
462 4599 500 4663 (d.
521 4601 561 4652 te.
580 4603 650 4654 Febr.
671 4599 751 4665 1603)
779 4603 843 4654 haec
871 4605 1011 4669 respondit:
1041 4607 1097 4656 Von
1126 4606 1181 4656 dem
1204 4603 1294 4660 work,
1323 4618 1350 4652 so
1378 4603 1422 4654 der
1438 4603 1502 4654 Hem

152 4680 240 4731 ndens
266 4680 383 4731 theodae
402 4673 500 4726 Musis
517 4679 588 4724 untsr
605 4673 727 4732 Eandem
753 4675 804 4725 hab
821 4675 862 4726 ioh
890 4677 1040 4727 suderwtrtr
1068 4681 1144 4726 etwas
1163 4674 1314 4740 Audentung
1338 4673 1432 4740 gethan
1451 4677 1502 4726 und

153 4751 255 4804 tumne
274 4767 308 4804 n
325 4749 410 4803 unsa
432 4744 546 4796 estnon
571 4761 665 4810 grossos
684 4745 826 4812 Veriangen
845 4749 976 4813 gemacht,
995 4749 1042 4801 vis
1059 4762 1087 4798 es
1104 4745 1157 4796 sich
1168 4745 1242 4795 *daun
1261 4746 1352 4796 sinmsl
1371 4747 1417 4797 mit
1434 4745 1500 4797 Nutu

152 4831 174 4872 et
190 4839 241 4876 eum
258 4825 379 4892 proiectu
399 4816 473 4867 vohi
486 4815 545 4866 vird
555 4817 629 4868 seben
645 4819 739 4880 lamen,
758 4819 809 4868 und
820 4819 890 4870 ssrme
903 4820 959 4870 dem
971 4819 1051 4869 Herm
1069 4819 1142 4868 einen
1154 4817 1255 4868 solchen
1266 4817 1365 4868 Nausea
1384 4817 1499 4876 macheu,

126 4934 128 4938 .
146 4894 198 4950 a„
212 4915 271 4954 ω
291 4891 430 4949 „mehr
449 4900 503 4936 uon
514 4885 580 4940 lhnus
597 4889 711 4956 dulsnlg
729 4904 761 4940 un
778 4900 913 4955 geunnen,
931 4905 959 4943 so
976 4902 1036 4942 rnen
1053 4904 1101 4940 ven
1118 4888 1232 4953 moyland
1250 4887 1334 4953 Tycha
1345 4889 1429 4942 urano
1445 4905 1499 4940 rer·
