3558 5538
622 337 665 392 ra
683 336 889 408 coemeram.
1114 385 1120 398 ,
1361 337 1426 409 7³9

84 517 234 599 Equidem
256 526 289 581 et
310 537 402 600 spero
421 525 453 580 et
474 517 607 581 fatentur
629 536 742 594 omnes,
765 524 861 581 totum
880 518 937 580 hoc
952 523 984 580 et
999 533 1074 598 quae
1092 526 1298 600 superstruere
1317 519 1425 602 cogito,

84 607 154 670 Deo
177 607 340 684 conditori,
364 608 447 688 cujus
470 607 507 668 de
530 607 626 689 gloria
648 607 764 688 agitur,
787 607 850 671 fore
872 605 1084 690 gratissimum.

176 697 211 760 Si
234 697 300 778 quis
323 699 411 778 paulo
434 695 561 778 iniquior
580 697 709 760 insanire
728 715 775 760 me
799 697 951 772 clamabit,
975 695 1025 777 qui
1044 696 1145 760 orbem
1163 699 1321 760 Terrarum
1339 698 1428 778 longe

85 785 276 862 gravioribus
299 794 472 868 occupatum
495 786 624 866 negotiis
647 806 664 848 o
687 787 762 848 solio
783 786 879 865 regio'
898 785 937 847 ad
964 803 1046 846 meos
1068 785 1207 865 pulveres
1230 786 1429 868 geometricos

84 875 260 950 detraham,
286 883 369 938 ratus
392 875 524 950 scilicet,
548 877 587 937 ad
611 875 666 937 hoc
689 875 839 937 conditum
863 893 930 936 esee
953 893 1048 955 genus
1070 875 1245 953 humanum,
1268 875 1326 940 hnc
1349 875 1430 938 rele-

26 981 28 986 ·
85 964 198 1026 rendae
214 965 341 1028 omnium
356 965 565 1044 cogitationes,
590 971 624 1026 nt
646 983 719 1045 agro
742 963 866 1027 colendo
889 983 922 1026 ee
945 973 1047 1026 mutuo
1071 966 1232 1045 expellant,
1257 965 1432 1045 sangninem

84 1061 221 1116 mutuum
244 1055 386 1129 fundant,
415 1053 492 1115 alter
515 1054 643 1115 alterum
666 1053 804 1116 servituti
826 1053 993 1131 mancipet,
1023 1053 1081 1114 Dei
1108 1073 1179 1116 vero
1206 1055 1349 1134 perennia
1371 1053 1431 1116 ist·

83 1143 162 1204 haec
186 1162 277 1223 opera
299 1151 330 1205 et
351 1143 428 1206 hanc
448 1143 605 1204 scientiam
620 1143 668 1205 vel
689 1142 808 1205 rideant
823 1142 872 1205 vel
890 1142 996 1223 probro
1015 1141 1149 1205 habeant
1172 1150 1203 1205 et
1226 1142 1311 1224 qnasi
1335 1144 1431 1224 quod-

85 1232 159 1294 dam
183 1233 313 1296 dedecus
337 1241 390 1296 ant
412 1239 515 1313 aperte
539 1232 655 1311 fugiant
676 1239 730 1293 aot
750 1231 891 1311 privatim
906 1233 1074 1294 occultent:
1100 1232 1268 1312 hujusmodi
1286 1231 1432 1313 objicien-

85 1322 170 1383 tibus
194 1321 329 1408 equidem
353 1321 436 1384 alind
458 1321 536 1401 quod
559 1321 756 1401 respondeam
778 1339 837 1388 non
860 1321 967 1397 habeo,
992 1339 1080 1402 quam
1103 1323 1181 1403 quod
1196 1322 1267 1384 olim
1280 1321 1433 1403 Diogenes
1508 1331 1512 1340 '

86 1409 202 1473 dolium
234 1431 319 1476 sunm
351 1430 477 1473 versans
508 1409 649 1473 deteriori
681 1409 797 1490 quidem
826 1410 893 1490 jure
925 1409 1098 1489 rospondit:
1138 1411 1255 1473 scilicet
1285 1411 1317 1472 in
1348 1417 1434 1472 tanto

86 1498 293 1582 universorum
317 1501 447 1574 fervore,
470 1507 558 1560 tanta
580 1500 875 1561 suarum'actionum
897 1498 1019 1574 fiducia,
1049 1517 1096 1561 me
1119 1517 1235 1583 quoque
1259 1500 1436 1581 apartibus

89 1589 306 1652 instaurandae
330 1588 531 1652 astronomiae
554 1596 685 1651 stantem
709 1597 761 1649 ant
783 1607 841 1650 uon
864 1588 996 1668 oportuit
1018 1588 1106 1652 aliter
1135 1589 1251 1665 lacere,
1280 1597 1334 1651 aut
1365 1588 1436 1670 quid

89 1697 139 1740 me
163 1679 244 1742 aliud
268 1677 434 1760 oportuerit
463 1677 581 1750 facere,
612 1695 707 1760 nequo
736 1695 791 1758 ego
818 1697 913 1758 ncqne
937 1677 1122 1740 consultores
1144 1677 1202 1741 mei
1224 1677 1434 1740 intelleximus.

89 1767 223 1832 Veniam
245 1769 347 1850 itaque
376 1767 489 1829 dabunt
517 1765 715 1829 imbecillitati
746 1772 877 1829 nostrae.
924 1767 1035 1830 Valete
1060 1773 1091 1828 et
1112 1786 1150 1830 ne
1172 1766 1245 1830 mihi
1268 1774 1383 1830 sumtus
1406 1776 1438 1828 at

91 1875 186 1938 opera
208 1857 322 1920 frustra
344 1855 474 1937 perierit,
499 1855 612 1918 crebris
635 1873 844 1936 responsorum
866 1855 975 1919 nimbis
998 1855 1113 1920 efficite.
1149 1857 1266 1939 Pragae
1284 1857 1437 1920 Bohenro·

91 1965 172 2021 rom,
195 1945 406 2012 Marticolibus
428 1943 498 2008 anni
524 1940 618 2008 1605.
1050 1963 1056 1976 ·

497 2299 698 2378 Obseruotic
726 2299 901 2402 Desectcm
926 2297 1036 2386 Solio,
1219 2397 1221 2404 y

333 2429 389 2512 r·
515 2515 1013 2600 ,ιι

183 2658 253 2724 Nox
274 2657 459 2741 praecedens
482 2658 584 2737 pluvia
606 2657 664 2719 luit
685 2665 717 2720 ot
738 2675 824 2722 mane
849 2655 1007 2720 turbidum.
1052 2656 1138 2719 Hora
1161 2663 1262 2719 tamen
1284 2657 1443 2722 undecima

93 2749 202 2830 pulsae
225 2748 318 2811 nubes
342 2754 374 2808 et
389 2746 444 2810 Sol
461 2763 514 2826 per
530 2765 617 2808 unam
637 2754 726 2828 atque
750 2746 877 2808 alteram
899 2745 1004 2808 horam
1026 2765 1116 2828 purus
1139 2745 1225 2808 luxit.
1261 2746 1443 2830 Principium

93 2839 124 2901 h.
145 2837 172 2900 1.
188 2831 220 2902 00
243 2856 280 2898 ex
303 2835 452 2898 azimuthc
476 2843 507 2896 et
529 2834 685 2913 horologio
704 2834 854 2916 Tychonis
877 2834 1039 2914 primorum
1062 2843 1093 2896 et
1116 2834 1312 2898 secundorum
1334 2838 1442 2901 indies.

95 2928 133 2990 Id
156 2926 272 2990 initium
294 2925 492 2989 animadverti
516 2924 545 2986 in
568 2923 684 2986 tabella
712 2925 810 2998 clare,
839 2941 906 2985 cum
933 2943 1020 2984 nemo
1052 2923 1103 3004 qui
1124 2921 1228 2986 Solem
1251 2925 1443 3007 adspexisset

97 3015 255 3098 quicquam
277 3016 538 3078 animadverteret
585 3013 651 3074 Hoc
674 3013 751 3074 adeo
773 3019 964 3092 perpetuum,
988 3011 1090 3073 oculos
1113 3011 1198 3074 clara
1220 3013 1284 3075 luce
1308 3013 1389 3078 Solis
1413 3015 1443 3078 in

97 3105 289 3187 agnoscendo
311 3104 433 3167 minimo
457 3103 577 3164 delectu
599 3101 750 3183 impediri,
772 3106 806 3163 ut
828 3100 858 3162 in
883 3099 1001 3180 Optiois
1025 3101 1239 3163 demonstravi.

186 3194 345 3258 Inclinatio
368 3194 565 3256 instrumento
589 3190 804 3254 ostendebatur
827 3189 1030 3278 paulonsnpra
1058 3189 1188 3252 medinm
1210 3191 1331 3254 rotundi
1353 3191 1442 3256 radii.

98 3285 149 3347 Sit
171 3303 243 3364 ergo
265 3279 393 3363 ¹angulus
415 3283 493 3343 inter
516 3273 685 3362 eclipticam
708 3287 739 3342 ot
762 3279 904 3341 circulum
933 3295 987 3358 per
1009 3282 1113 3341 centra
1135 3274 1197 3342 850
1219 3287 1272 3342 ant
1293 3280 1378 3361 plns,
1412 3281 1442 3343 in

98 3374 184 3437 coelo
207 3371 300 3453 igitur
322 3371 409 3433 Luna
431 3371 488 3433 luit
510 3368 582 3433 Sole
606 3369 739 3444 inferior,
762 3377 796 3429 nt
818 3367 848 3429 in
872 3365 990 3448 Optiois
1014 3367 1155 3442 docetur,
1179 3375 1211 3430 et
1233 3368 1359 3449 angulus
1383 3365 1444 3434 950

99 3471 154 3525 aut
175 3462 265 3544 paulo
288 3462 393 3524 midos.
438 3459 576 3540 Angnlns
597 3477 668 3520 vero
695 3459 773 3519 inter
805 3456 974 3536 eclipticam
1005 3464 1036 3518 et
1061 3457 1235 3520 versicolore
1263 3475 1318 3537 per
1341 3452 1442 3522 Solem

100 3554 158 3616 luit
180 3571 216 3614 eo
239 3557 387 3614 momento
412 3546 472 3612 790
494 3547 548 3612 550
572 3567 609 3610 ex
632 3547 769 3612 doctrina
791 3545 878 3626 primi
901 3545 1037 3622 mobilia,
1068 3545 1117 3626 qui
1145 3547 1317 3611 subtractus
1341 3569 1360 3610 a
1383 3543 1444 3612 950

99 3641 243 3722 relinquit
267 3637 325 3704 150
339 3637 379 3712 50,
405 3639 545 3719 angulum
567 3637 645 3700 inter
668 3636 809 3698 circulum
831 3654 884 3715 per
907 3641 1010 3696 centra
1033 3641 1065 3696 et
1087 3635 1256 3714 eclipticam
1279 3645 1332 3699 ant
1353 3637 1443 3719 paulo
1538 3679 1545 3694 .

99 3731 207 3794 minus.
254 3729 435 3792 Aesomatur
457 3727 602 3790 diameter
625 3724 706 3790 Solis
730 3723 783 3789 300
808 3721 882 3794 3700,
905 3724 1009 3786 Lunae
1032 3741 1102 3786 vero
1127 3722 1180 3787 320
1203 3721 1277 3789 5900.
1320 3723 1444 3790 Summa

100 3819 409 3894 semidiametrorum,
442 3835 518 3900 quae
547 3817 609 3896 jam
640 3815 762 3878 metitur
791 3813 965 3876 distantiam
998 3821 1185 3889 ceutronum,
1219 3821 1267 3877 est
1289 3811 1343 3879 310
1365 3808 1441 3878 4700.

100 3912 190 3974 Luna
211 3927 283 3989 ergo
304 3908 465 3970 secundom
479 3905 585 3985 praxin
600 3904 630 3966 in
645 3903 764 3984 Optiois
778 3903 962 3965 declaratam
981 3901 1037 3964 luit
1055 3910 1125 3965 anto
1140 3901 1242 3966 Solem
1256 3900 1310 3967 300
1324 3899 1390 3968 4000
1406 3923 1444 3980 c,

100 3997 217 4063 habens
239 3999 294 4060 lat.
310 4005 404 4060 austr.
424 3993 456 4060 80
474 3991 536 4058 1600
551 4013 576 4055 c.
605 3993 682 4074 Illud
706 3992 913 4066 certissimum,
938 3991 1078 4070 angulum
1099 3993 1242 4073 majorem
1262 3993 1355 4056 luisse
1373 3989 1444 4070 900,

100 4088 174 4170 qnia
193 4087 281 4150 Luna
302 4087 369 4149 visa
391 4093 440 4149 est
461 4083 583 4147 inferior
599 4081 681 4159 Sole,
706 4089 737 4144 st
759 4079 949 4144 latitudinem
972 4087 1166 4162 apparentem
1189 4081 1333 4162 majorem
1356 4101 1444 4164 qnam

101 4177 135 4244 58
159 4173 235 4242 aaa·
1425 4209 1427 4221 Ι

193 4265 275 4328 tunc
298 4272 383 4328 ortae
406 4265 502 4326 denno
525 4261 618 4323 nubes
641 4257 803 4320 identidem
819 4257 1018 4334 dehiscentes,
1041 4258 1096 4320 aad
1113 4275 1262 4340 nunquam
1284 4259 1443 4344 tantisper,

103 4357 176 4422 dnm
198 4353 369 4418 observatio
392 4354 487 4434 repeti
510 4356 633 4432 posset,
665 4365 758 4429 usque
782 4348 821 4408 ad
844 4347 948 4411 horam
974 4349 1002 4410 1.
1026 4345 1080 4412 400
1103 4344 1177 4422 3000,
1211 4367 1267 4429 quo
1295 4355 1444 4412 momento

103 4445 232 4527 angulus
255 4441 408 4507 verticalis
431 4449 463 4506 et
492 4437 648 4519 ecliptieac
671 4445 721 4499 est
741 4431 803 4500 850
824 4431 888 4500 «160.
934 4437 1016 4499 Tunc
1039 4435 1191 4498 observati
1214 4443 1284 4499 sunt
1306 4437 1337 4500 in
1359 4437 1444 4502 radio

103 4534 235 4600 rotundo
258 4550 348 4615 super
369 4530 512 4594 tabellam
534 4546 631 4590 meam
655 4525 741 4606 digiti
759 4519 834 4606 ⁴²1³·
870 4524 913 4588 Et
934 4526 1004 4608 qnia
1025 4524 1112 4604 digiti
1138 4523 1178 4588 12
1199 4524 1350 4590 habebant
1371 4545 1443 4612 par-
1554 4551 1559 4558 ·

103 4625 215 4689 ticulas
241 4620 303 4688 109
311 4619 362 4706 'hs
392 4639 462 4700 ergo
486 4616 573 4698 digiti
594 4611 652 4787 47,
683 4613 835 4678 habebant
856 4615 1019 4694 particulas
1041 4607 1139 4692 42¹l2.
1183 4613 1350 4678 ibraminis
1372 4633 1444 4678 vero

105 4704 660 4796 amplitudoeepitparticulas17¹„
684 4721 756 4784 crgo
778 4703 880 4768 radius
904 4705 1075 4766 enucleatus
1098 4701 1203 4765 habuit
1221 4700 1263 4768 92
1287 4705 1334 4777 (et
1347 4703 1446 4770 obiter

105 4801 266 4878 addendo,
287 4807 322 4864 ut
345 4793 469 4874 10308,
493 4795 638 4862 distantia
659 4791 847 4869 tabellarum,
871 4793 910 4857 ad
932 4787 993 4868 92,
1023 4791 1073 4854 vel
1095 4789 1347 4858 semidiametrurn
1367 4791 1445 4858 radii

106 4889 259 4970 conelesti
279 4884 335 4966 10,
356 4889 401 4954 sio
423 4889 506 4955 sinus
528 4893 610 4951 totus
633 4882 673 4946 ad
689 4877 807 4958 4436,
830 4882 880 4963 qni
902 4881 1000 4961 tangit
1021 4897 1124 4945 arcum
1149 4877 1294 4960 1501600,
1316 4881 1444 4948 utSolia
