3666 5532
767 264 931 338 munuum

709 473 710 478 Ἰ
748 503 867 606 Caput
903 505 952 580 H.
1022 593 1032 602 ι

502 661 559 726 De
581 669 667 726 nuotu
689 661 804 729 Lunae
825 665 992 729 horario
977 685 1014 730 en
1035 667 1184 752 syzygiis.

262 801 339 866 Cum
365 802 501 866 horarius
526 804 629 867 Lunae
653 825 690 867 ex
715 805 977 871 observationibus
999 808 1056 872 lide
1080 807 1179 889 dignis
1201 809 1306 873 haberi
1328 811 1434 890 possit,
1453 812 1520 894 jure

174 895 252 957 inter
274 893 421 974 principia
444 884 615 956 assumitur.

266 983 408 1064 Sequitur
438 982 556 1064 quidem
593 1003 630 1044 ex
662 981 879 1064 hypothesibus
904 984 1048 1047 artificum
1072 986 1181 1066 aliquis
1205 995 1305 1050 cemus
1327 987 1497 1050 horarius
1488 1007 1519 1050 ru

132 1144 134 1152 .
177 1071 304 1151 singulis
328 1071 496 1132 anomaliae
519 1072 623 1134 Lunae
647 1070 795 1152 partibus.
837 1073 882 1133 At
904 1091 1014 1134 causae
1038 1081 1125 1149 sunt,
1150 1093 1201 1137 cur
1224 1075 1262 1137 iis
1285 1076 1387 1138 solis
1410 1076 1467 1139 hac
1490 1077 1520 1138 in

179 1159 383 1241 speculatione
406 1179 464 1222 non
488 1161 639 1230 utendum,
663 1179 757 1241 neque
776 1160 951 1223 testimonia
974 1163 1216 1228 observationum
1233 1165 1270 1227 de
1288 1165 1326 1226 iis
1340 1165 1522 1247 negligenda

175 1251 356 1312 existimem.
403 1250 482 1312 Nam
513 1249 598 1330 cupio
625 1250 702 1310 hanc
725 1249 897 1325 materiam,
931 1252 1027 1330 quoad
1050 1252 1113 1314 fieri
1137 1261 1254 1333 potest,
1288 1271 1344 1333 per
1365 1273 1399 1315 se
1427 1263 1519 1330 stare,

176 1348 210 1401 ut
233 1339 273 1400 sit
296 1347 327 1400 et
350 1340 566 1419 comprehensu
590 1337 705 1399 facilior
729 1347 759 1398 et
783 1338 839 1399 fide
863 1339 988 1418 dignior.
1036 1339 1142 1403 Latuit
1165 1342 1242 1404 enim
1264 1350 1385 1404 veteres
1408 1343 1522 1424 aliquid

175 1428 257 1488 circa
289 1427 439 1489 horarium
463 1426 599 1490 Lunae
591 1447 621 1488 m
645 1426 903 1507 conjunctionibus
928 1437 960 1489 et
983 1429 1240 1510 oppositionibus.
1271 1430 1351 1512 qnod
1372 1431 1522 1512 posterior
1615 1511 1619 1519 ι

174 1516 286 1578 Brahei
310 1516 520 1595 diligentiam
543 1518 639 1578 locem
662 1515 779 1582 extulit.
827 1515 1082 1581 Satislaciendum
1104 1520 1205 1618 itaque
1224 1520 1419 1582 sollicitudini
1445 1539 1520 1601 geo·

175 1605 364 1666 metricorum
388 1607 589 1686 ingeniorum,
620 1623 696 1684 quae
719 1612 850 1706 propter·
864 1605 941 1669 hauc
966 1596 1159 1670 leviusculam
1187 1608 1384 1672 differentiam
1407 1629 1520 1672 caven-

175 1693 340 1845 geffntgbi
373 1695 523 1790 putabant
555 1693 593 1756 ab
627 1693 769 1767 horariis,
803 1692 852 1774 qui
884 1695 969 1757 nobis
993 1715 1032 1757 ex
1055 1707 1207 1760 anctorum
1229 1697 1447 1780 hypothesibus
1470 1698 1520 1761 of-

261 1889 430 1946 Masstlin
438 1904 475 1944 us
498 1879 587 1960 (spici
599 1895 710 1946 Astron.
725 1906 751 1960 p.
767 1884 839 1958 tlt)
854 1907 892 1945 ex
904 1891 1106 1962 hypothesibus
1120 1891 1295 1950 Ptolemaiois
1306 1895 1406 1964 prodit,
1421 1895 1450 1948 in
1462 1909 1519 1950 una

172 1971 242 2026 hora
262 1971 387 2042 superari
400 1970 491 2025 Solem
505 1987 523 2025 a
536 1973 617 2026 Luna
632 1984 761 2042 apogeea
780 1965 829 2024 27¹
843 1966 912 2036 52⁰,
931 1973 1059 2027 mediocri
1075 1969 1121 2028 ³0¹
1137 1969 1205 2041 29⁴2
1233 1973 1369 2046 perigaea
1390 1971 1437 2029 33⁶
1461 1968 1519 2030 35”
1617 1987 1622 1998 ·

6 2061 8 2094 l
260 2051 507 2106 Rhainholdus
537 2052 565 2106 iu
593 2051 671 2108 Prut.
692 2051 760 2106 Tab.

173 2129 212 2202 (p.
234 2128 280 2188 96.
303 2127 356 2200 97)
377 2149 414 2186 ex
435 2129 585 2201 (lopernino
607 2131 661 2188 sict
785 2124 830 2188 26.
847 2127 882 2185 33
965 2160 1001 2172 -
1078 2128 1124 2189 30.
1159 2128 1177 2187 9
1272 2163 1308 2174 -
1391 2128 1438 2191 35.
1478 2131 1498 2190 7

89 2213 95 2228 ’
259 2212 378 2286 Tycha
399 2212 586 2266 Braheus
578 2230 607 2266 ru
621 2211 690 2266 Tab.
705 2211 761 2266 Lu-

173 2293 286 2348 narihus
309 2291 468 2364 (Progymn.
489 2309 516 2362 p.
541 2285 629 2362 128):
783 2280 882 2367 2712
963 2319 1003 2328 -
1078 2288 1124 2348 30.
1139 2285 1177 2350 42
1271 2323 1310 2332 -
1392 2287 1438 2351 35.
1461 2289 1508 2350 37.

259 2389 319 2450 Sed
353 2407 477 2450 necesse
509 2396 573 2462 est,
596 2387 802 2450 Ptolemaeum
826 2395 857 2448 et
881 2385 1077 2467 (lopernicum
1099 2387 1131 2451 in
1153 2388 1322 2468 quantitate
1346 2389 1516 2468 convenire,

65 2474 68 2480 '
169 2497 237 2539 cum
270 2477 487 2560 hypothesibus
519 2486 642 2539 utantur
672 2477 752 2538 cirea
784 2477 860 2537 hano
884 2493 946 2538 rem
968 2477 1247 2558 aequipollentibus.
1293 2477 1415 2542 Etenim
1439 2480 1516 2561 quod

170 2565 338 2647 Cupernico
360 2573 500 2646 praestat
522 2565 711 2648 epicyclinm,
736 2564 893 2628 retrahens
917 2565 1034 2628 Lunam
1057 2584 1224 2646 apogaeum
1246 2567 1302 2628 sub
1317 2566 1389 2629 Sole
1413 2575 1517 2630 trans-

169 2665 289 2718 euntem
312 2656 341 2716 in
358 2655 586 2728 antecedentia,
611 2664 642 2716 et
665 2654 835 2735 perigaeam
859 2671 1037 2732 promovens
1053 2653 1322 2738 inconsequentia,
1346 2656 1517 2740 plusquam

172 2747 233 2808 lert
264 2744 342 2807 ratio
375 2743 498 2823 majoris
531 2744 675 2826 epicycli:
713 2743 792 2804 idem
820 2743 992 2804 Ptolemaeo
1024 2752 1163 2824 praestat
1192 2763 1358 2825 apogaeum
1388 2746 1516 2829 epicycli

167 2834 318 2909 medium,
346 2851 463 2913 semper
495 2834 621 2896 vicinius
644 2833 740 2894 lineae
764 2850 818 2912 per
841 2829 942 2892 Solem
966 2841 997 2892 et
1020 2833 1143 2894 Terram
1166 2833 1293 2909 ductae,
1326 2853 1414 2915 quam
1438 2854 1515 2915 apo-

166 2942 275 3004 gaeum
311 2921 444 3002 ejusdem
475 2922 601 3004 epicycli
633 2939 734 2982 verum
765 2920 815 2981 vel
845 2930 987 3000 puuctum
1010 2922 1218 2996 concavitatis,
1250 2928 1281 2983 et
1302 2923 1515 3003 perigaenme
1547 2967 1554 2974 -
1624 2987 1626 2994 ,
1707 2911 1709 2920 ’

166 3021 276 3076 contra
297 3013 449 3075 remotius.
481 3013 588 3094 Itaque
610 3008 724 3072 horarii
737 3007 894 3070 Maestlini
916 3008 1051 3070 nituntur
1073 3010 1278 3072 tantummodo
1293 3010 1426 3090 simplici
1436 3031 1510 3074 eon-

60 3175 62 3180 ,
167 3101 351 3164 sideratione
374 3099 510 3181 epicycli.
558 3097 686 3169 Qualem
710 3098 855 3159 rationem
879 3103 911 3156 et
933 3097 1070 3159 Braheus
1093 3098 1122 3158 in
1145 3117 1200 3158 suo
1224 3098 1342 3160 horario
1363 3107 1394 3160 et
1408 3099 1513 3161 diurno

166 3192 237 3254 licto
262 3189 395 3270 seqnitur
418 3195 477 3258 (loc.
497 3198 537 3272 cit.
565 3213 590 3261 p.
611 3191 698 3262 tte),
730 3205 787 3266 quo
811 3185 955 3247 articulos
979 3185 1217 3265 conjunctionum
1236 3193 1268 3248 et
1289 3187 1513 3267 oppositionum

166 3278 324 3359 inquirit,
346 3277 416 3358 quia
447 3279 476 3340 in
509 3277 570 3341 illis
600 3275 735 3339 articulis
769 3275 920 3355 epicyclus
951 3283 983 3336 et
1015 3274 1142 3337 variatio
1170 3275 1260 3356 plane
1293 3276 1367 3339 nihil
1397 3274 1510 3342 turbat.

166 3391 322 3458 spogasae
343 3385 415 3440 enim
434 3386 530 3441 Lunae
551 3385 690 3440 horarium
714 3383 830 3438 exhibet
850 3375 898 3438 27‘
919 3377 987 3448 43⁰,
1017 3381 1170 3454 perigaeae
1191 3378 1238 3440 33‘
1261 3377 1339 3447 2r“;

645 3463 824 3520 Messalinus:
848 3457 894 3517 27.
916 3455 953 3518 52
1075 3490 1110 3501 -
1192 3461 1237 3520 33.
1260 3459 1305 3518 35.

255 3561 320 3624 Nee
350 3561 425 3623 alios
455 3580 543 3643 qnam
568 3558 752 3642 Oopernicns
775 3559 909 3621 horarios
931 3577 1020 3641 verps
1043 3565 1212 3621 exstrueret
1233 3559 1371 3622 Brahens
1395 3577 1433 3622 ex
1456 3579 1512 3626 sua

164 3651 326 3735 hypothesi
358 3651 479 3727 Lunae,
512 3649 620 3732 quippe
649 3650 698 3731 qui
722 3649 899 3730 epicyclium
922 3646 1160 3729 Copemicanum
1181 3647 1271 3728 plane
1293 3648 1423 3725 retinet,
1451 3650 1512 3714 situ

165 3743 264 3802 solum
294 3748 438 3816 emotum,
476 3749 508 3802 et
539 3741 578 3800 ad
601 3740 724 3802 Terram
752 3740 935 3800 detractum:
970 3737 1028 3800 nisi
1059 3738 1268 3817 superveniret
1299 3738 1377 3820 apud
1411 3739 1511 3820 ipsum

164 3839 276 3902 motus,
302 3847 388 3909 quem
411 3830 476 3909 ipse
500 3828 767 3891 variationem
791 3827 882 3902 dixit,
915 3845 1017 3890 omues
1046 3825 1183 3888 horarios
1206 3827 1311 3890 Lunae
1341 3827 1371 3890 in
1394 3829 1509 3910 copulis

165 3918 316 3982 auctiores
340 3917 482 3982 efficiens.
527 3919 633 3999 ltaque
656 3916 898 3980 observationum
920 3915 1123 3978 testimonium
1146 3915 1296 3998 interponi
1311 3934 1435 3980 neeesse
1450 3926 1508 3995 est,

167 4018 201 4072 ut
224 4017 382 4087 appareat,
408 4007 605 4069 differentiam
629 4006 811 4070 horariarum
836 4003 1095 4085 hypothetieomm
1118 4005 1197 4086 apud
1218 4005 1353 4068 diversos
1370 4015 1508 4071 auctores

169 4105 202 4158 ut
224 4096 384 4177 plurimum
406 4097 550 4158 minorem
574 4115 655 4170 esse,
679 4115 766 4176 qnam
790 4092 988 4155 differentiam
1010 4093 1142 4174 ipsarum
1164 4093 1244 4157 inter
1266 4113 1299 4157 ss
1318 4094 1508 4158 observatio-

168 4205 254 4257 num,
294 4193 348 4246 aut
370 4184 462 4247 munbi
485 4185 651 4264 majuscula
673 4193 722 4248 est
746 4184 823 4264 apud
848 4189 1000 4257 auctores,
1025 4182 1142 4246 cuinam
1163 4182 1256 4265 igitur
1279 4201 1316 4246 ex
1336 4185 1507 4250 auctoribus

168 4275 250 4338 cirea
272 4273 423 4336 horarium
445 4274 520 4336 fides
542 4274 584 4337 sit
605 4273 785 4336 adhibenda.

259 4360 401 4425 Ceterum
428 4365 521 4427 variis
545 4362 642 4424 modis
666 4381 704 4424 ex
728 4358 985 4424 observationibus
993 4353 1126 4424 'elicitur
1148 4359 1295 4426 horarius.
1340 4363 1371 4437 I)
1394 4364 1508 4428 Exstat

168 4451 247 4515 iuter
268 4452 455 4533 problemata
484 4452 559 4533 (lap.
583 4451 641 4514 xl.
672 4449 744 4532 Opt.
768 4447 862 4529 probl.
887 4445 939 4512 26.
964 4449 1030 4512 huic
1053 4449 1191 4512 instituto
1214 4450 1364 4512 idoneum.
1409 4453 1506 4513 Prae-

102 4555 108 4568 ’
169 4541 312 4623 supponit
335 4547 435 4602 autem
457 4541 553 4620 probl.
578 4536 630 4615 24,
654 4541 684 4602 in
707 4557 765 4620 qno
781 4539 914 4612 docetur,
938 4539 1085 4618 quomodo
1099 4555 1136 4599 ex
1160 4538 1368 4601 observatione
1384 4540 1505 4620 eclipsis

169 4627 251 4692 Solis
287 4635 408 4691 eruatur
440 4629 594 4711 longitudo
616 4636 649 4690 et
671 4627 797 4691 latitudo
820 4624 948 4688 visibilis
970 4625 1075 4690 Lunae
1097 4647 1117 4687 a
1139 4623 1220 4689 Sole.
1267 4625 1404 4700 Quatuor
1427 4629 1507 4692 enim

169 4719 246 4781 haec
267 4725 410 4780 accurate
428 4719 576 4780 nomadas
603 4716 636 4792 l)
661 4714 784 4779 (lartum
797 4714 889 4777 borae
906 4724 1102 4784 momentum.
1127 4712 1162 4786 2)
1185 4715 1339 4797 quantitas
1359 4719 1506 4794 desectus,

170 4805 207 4881 3)
245 4808 459 4870 diametrorum
495 4807 576 4870 Solis
614 4815 647 4867 et
681 4805 787 4868 Lunae
827 4821 974 4884 apparens
992 4883 996 4892 .
1011 4803 1204 4886 magnitudo,
1261 4800 1297 4878 l)
1325 4807 1420 4870 lineae
1451 4827 1505 4898 per
