3640 5538
709 338 871 394 motasse.
1397 329 1462 411 515

124 535 174 576 res.
215 512 247 585 t)
268 517 439 588 Impossibile
469 512 575 575 omnino
596 525 656 586 est,
682 535 778 578 reram
797 520 868 576 Solis
890 537 908 577 a
927 523 1014 578 'l'erra
1034 523 1194 580 distantiam
1213 523 1268 577 hac
1286 523 1394 580 ratione
1415 525 1461 580 de·

124 605 281 656 monstrare.
1331 655 1333 664 ,

206 687 272 748 sam,
297 678 502 744 „illustraturus
515 681 583 736 illud
598 681 768 756 diagramma
787 681 864 737 brevi
878 684 1079 748 commentario,
1101 684 1172 754 qnod
1192 684 1325 740 neminem
1345 684 1460 750 noverit,

123 763 166 838 qui
185 759 428 816 demonstrationes
448 761 533 818 haece
558 765 592 816 ad
613 763 767 818 umbilicum
794 763 941 832 perduxit“
964 771 1028 823 haec
1046 773 1198 836 praemittit:
1228 765 1462 835 Hipparchum

122 841 272 914 Kepleri,
293 841 392 896 librum
406 839 451 896 diu
471 841 663 910 desideratum,
684 845 802 899 nondum
821 843 887 898 mihi
908 845 1024 918 contigit
1043 846 1144 908 ridere,
1166 845 1238 900 forse
1258 845 1323 916 quia
1342 847 1461 904 nondum

122 925 227 980 editum.
269 923 350 978 Certo
375 927 466 976 tamen
496 939 671 992 praesumere
692 924 785 987 ausim,
807 931 896 978 totam
915 925 987 979 hanc
1008 933 1095 980 artem
1116 925 1212 980 inille
1233 925 1303 980 libro
1317 925 1461 996 perfectis·

121 1007 184 1060 sime
204 1003 287 1058 tradi.
328 1001 417 1054 Valde
436 1009 527 1057 metuo
553 1005 673 1058 auctoris
701 1011 815 1060 mertem
844 1019 981 1075 nunquam
1005 1019 1068 1060 non·
1080 1011 1283 1075 praematuram
1310 1021 1360 1059 nos
1381 1013 1461 1061 tanto

121 1087 248 1140 thesauro
268 1081 400 1153 privasse.
436 1082 504 1137 Utut
524 1085 568 1147 sit,
590 1085 715 1138 edentum
737 1084 836 1154 operis,
857 1091 889 1138 nt
909 1085 968 1155 ipse
989 1091 1123 1150 testatur,
1145 1085 1172 1139 in
1193 1085 1349 1156 praeseptis
1370 1087 1462 1140 Tahu·
1555 1075 1561 1088 ’

120 1169 205 1222 larum
228 1161 463 1232 Rudclphinarum
476 1164 577 1234 prodiit
598 1183 635 1219 ex
649 1165 808 1236 Hipparcho
829 1181 878 1218 sno
900 1165 1030 1230 deductis,
1053 1172 1208 1238 quaesunt
1229 1165 1336 1221 omnino
1350 1165 1463 1221 veritati

120 1252 318 1305 nomentanam
348 1242 517 1314 hypotheses
548 1243 608 1314 ejus
638 1245 699 1299 inde
730 1251 890 1299 exstructae
921 1247 1037 1301 omnium
1064 1247 1140 1301 solae
1165 1245 1335 1320 geometriae
1362 1254 1392 1301 et
1411 1245 1465 1302 sibi

120 1327 290 1398 undiquaque
311 1323 500 1387 consentiunt,
531 1327 601 1380 unde
622 1324 691 1380 satis
721 1325 889 1397 intelligenti
919 1334 963 1381 est
981 1327 1164 1393 manifestum,
1185 1327 1336 1398 Kepierum
1356 1327 1465 1382 unicum

119 1405 323 1480 diagrammatis
343 1403 425 1472 hujus
447 1405 561 1460 solidam
580 1406 711 1462 hahuisse
732 1405 867 1461 notitiam.
897 1406 989 1462 Facile
1010 1414 1062 1472 est,
1085 1423 1103 1462 a
1121 1407 1279 1478 praeceptis
1299 1407 1355 1462 suis
1377 1415 1465 1464 totam
1533 1425 1537 1436 ·

119 1495 204 1543 artem
218 1485 371 1546 addiscere:
391 1485 460 1538 nihil
480 1486 534 1540 hac
553 1503 590 1540 ex
604 1492 685 1557 parte
706 1495 758 1548 est.
780 1489 851 1557 quod
872 1487 900 1541 in
919 1489 1042 1560 Keplero
1063 1487 1202 1544 desideres
1222 1495 1336 1560 praeter
1356 1491 1464 1544 demon·

119 1567 277 1623 strationes.
318 1565 378 1618 Has
399 1571 490 1619 autem
507 1565 568 1633 jam
588 1567 638 1620 tibi
660 1567 780 1621 exhibeo
801 1573 853 1620 eto.
1404 1565 1407 1576 '

194 1646 378 1718 Diagramma
397 1644 563 1715 Hipparchi.
584 1654 665 1718 pergis
682 1654 837 1712 Horroectns,
868 1653 912 1701 eet
940 1647 1080 1703 inventum
1100 1647 1365 1722 ingeniosissimum,
1387 1646 1465 1715 cuius

118 1728 230 1784 artificio
252 1726 341 1788 Solis,
371 1726 466 1780 Lunae
494 1731 523 1780 et
543 1729 656 1781 umbrae
677 1728 826 1782 Terrestris
847 1727 1040 1782 semidiametri
1061 1733 1090 1784 et
1114 1730 1278 1798 parallaaes
1298 1729 1466 1802 geometrice

116 1810 187 1864 inter
216 1824 248 1862 se
278 1813 484 1861 connectuntur.
525 1807 634 1862 Dicitur
653 1808 823 1878 Hipparchi,
855 1809 982 1878 quoniam
1002 1807 1025 1862 is
1048 1805 1131 1870 (teste
1153 1804 1277 1875 Theona)
1299 1809 1466 1880 peculiarem

116 1895 269 1945 tractatum
300 1887 334 1952 de
362 1903 413 1940 usu
443 1885 503 1954 ejus
525 1888 701 1957 conscripsit,
733 1894 762 1942 et
791 1907 828 1943 ex
848 1888 896 1943 illo
924 1888 1126 1960 magnitudines
1148 1895 1178 1944 ει
1204 1890 1355 1945 intervalla
1383 1889 1464 1954 Solis,

115 1971 210 2026 Lunae
231 1975 263 2023 et
284 1969 386 2022 Terrae
407 1967 613 2022 demonstravit.
635 1969 749 2032 Primus,
781 1971 852 2040 quod
873 1969 966 2032 scitur,
987 1969 1195 2043 diagrammatis
1215 1970 1298 2040 hujus
1319 1975 1466 2026 auctorat

115 2051 243 2106 inventor
264 2048 318 2102 init
337 2046 564 2104 Aristarchus
587 2048 707 2106 Samius.
736 2049 945 2106 mathematicus
966 2048 1081 2104 eximius
1103 2057 1133 2104 et
1153 2051 1338 2106 astronomiae
1358 2051 1465 2121 Pytha·

116 2130 228 2204 gerione
250 2131 285 2184 de
306 2129 409 2182 Terrae
429 2134 505 2181 motu
527 2134 661 2192 sectator,
688 2129 767 2183 annis
791 2124 847 2184 160
867 2147 893 2184 a.
915 2147 942 2184 n.
965 2129 1014 2185 ch.
1035 2129 1061 2183 in
1084 2129 1203 2185 Graecia
1222 2133 1331 2186 florens.
1374 2131 1465 2200 Hujus

114 2227 182 2282 opus
204 2213 239 2264 de
261 2207 495 2279 magnitudinibus
517 2214 546 2263 et
566 2208 721 2264 intervallis
735 2209 806 2265 Solis
827 2221 856 2264 ει
870 2211 966 2264 Lunae
986 2209 1133 2265 etiarmmm
1155 2219 1268 2266 exstare
1283 2211 1389 2276 dicitnr.
1411 2228 1465 2282 ego

112 2307 179 2346 raro
200 2291 322 2345 nondum
340 2288 411 2342 illud
424 2287 487 2342 ridi.
515 2293 601 2356 (Errat
617 2294 659 2346 hio
677 2295 702 2346 in
720 2303 909 2361 temporaque
928 2297 1038 2346 domitae
1055 2298 1116 2346 dicit
1134 2298 1301 2348 Arietmhnm
1320 2297 1466 2350 Homoccias

112 2383 156 2436 per
176 2365 228 2418 tot
248 2381 345 2424 annos.
372 2367 420 2416 nisi
443 2381 516 2430 quem
543 2369 611 2432 ponit
637 2383 752 2418 numerus
773 2365 840 2425 tto.
867 2361 1025 2432 corrigendas
1043 2370 1068 2418 in
1088 2365 1155 2424 260,
1174 2370 1318 2420 tribuendae
1337 2375 1375 2419 est
1393 2369 1467 2418 errori

114 2448 303 2514 mpographioo.
341 2444 408 2510 Opas
427 2447 562 2497 Aristarchi
587 2447 665 2498 edidit
682 2448 759 2497 iamne
776 2463 872 2498 versum
891 2449 921 2499 G.
942 2447 1025 2498 Valla.
1044 2447 1108 2499 Vsu.
1131 2446 1219 2504 ttae.)
1247 2442 1465 2513 Diagrammate's

112 2523 219 2594 proprii
236 2537 317 2576 uanm
331 2519 509 2574 Aristarchus
523 2521 666 2593 ignorasse
680 2521 788 2576 videtur
800 2520 983 2592 Lanshergio‚
1005 2521 1123 2576 tortasse
1144 2524 1214 2593 quod
1236 2539 1288 2576 nec
1308 2522 1366 2592 ipse
1387 2538 1466 2577 usum

112 2603 173 2672 ejus
195 2602 327 2673 perfecte
349 2599 492 2672 inteiligit.
535 2601 634 2656 Paucis
656 2606 778 2667 (centnm)
800 2613 865 2671 post
884 2602 1074 2656 Aristarchum
1095 2603 1371 2672 annisHipparchus
1392 2601 1466 2657 Rho·

113 2683 172 2738 dius
195 2685 306 2751 (serium
325 2673 458 2750 Bithynus)
482 2684 595 2737 eandem
626 2681 883 2736 demonstratidnem
912 2681 1046 2752 peculiari
1066 2688 1189 2738 tractatu
1217 2683 1364 2753 exposuit,
1394 2684 1466 2736 unde

110 2764 206 2818 vocari
228 2762 308 2816 solet
326 2761 479 2831 Hipparchi
499 2762 687 2833 Diagramma
713 2763 798 2817 Liber
818 2761 877 2832 ipse
898 2761 989 2833 periit,
1011 2770 1043 2816 at
1063 2763 1257 2818 demonstratio
1279 2764 1352 2834 apud
1372 2761 1465 2817 Ptole-

109 2861 218 2900 maeum
242 2847 352 2898 exstat.
956 2895 958 2902 ,

188 2925 502 2993 Longomontanus
522 2929 691 2985 (Aenonomia
708 2925 807 2978 Dentes
823 2944 847 2992 p.
868 2923 927 2978 stt.
949 2924 1011 2987 sest
1033 2921 1105 2976 hanc
1117 2928 1241 2976 veterum
1256 2920 1464 2976 demonstratio·
1550 2945 1555 2956 ·

107 3023 170 3062 nem
192 3007 229 3060 ad
252 3019 322 3058 suas
342 3001 520 3072 hypotheses,
542 3000 799 3072 'lychonimaxima
818 3009 949 3071 exparte
964 3009 1101 3070 acceptas,
1124 3002 1257 3070 applicat.
1285 3005 1325 3055 At
1338 3001 1466 3070 quoniam

107 3103 162 3141 non
185 3085 321 3157 quadrat.
343 3097 405 3136 eam
418 3080 517 3149 rejicit,
539 3082 649 3151 culpam
669 3081 815 3150 conjiciens
836 3081 864 3135 in
877 3081 1057 3136 retractiones
1078 3081 1213 3136 radiorum
1227 3079 1371 3143 Solarium.
1393 3080 1467 3136 hans

105 3183 311 3242 superparem
331 3161 436 3218 irritam
457 3161 602 3216 iacientes.

188 3241 438 3314 Lanehergins
459 3247 518 3296 toto
542 3239 748 3296 Urancrnetriae
769 3240 838 3296 libro
858 3245 937 3296 nsutn
958 3247 988 3295 et
1002 3239 1203 3310 praestantiam
1224 3239 1464 3294 demonstrationis

105 3327 303 3398 depraedicat
325 3324 373 3377 ubi
394 3321 484 3376 nescio
505 3337 576 3394 quae
597 3322 776 3393 magniloqua
796 3324 829 3375 de
850 3337 901 3375 sua
921 3321 1006 3391 ipsius
1028 3323 1101 3374 nuda
1121 3327 1150 3373 et
1170 3321 1284 3390 simplici
1299 3319 1359 3386 eius
1373 3320 1464 3389 expli·

105 3409 238 3471 catione,
273 3407 310 3460 de
338 3403 530 3474 hypothesium
560 3403 730 3474 propriarum
752 3402 933 3457 consonantia
952 3401 1083 3463 mirabili,
1107 3400 1220 3453 aliorum
1242 3399 1414 3455 absurditate
1434 3407 1465 3474 et

104 3491 180 3544 inter
212 3505 244 3541 ae
278 3484 465 3553 discrepantia
494 3483 563 3538 omni
591 3485 647 3538 fere
669 3481 774 3554 pagina
798 3483 932 3539 inculcet.
962 3483 1060 3536 librum
1090 3497 1167 3534 suurn
1197 3489 1327 3553 tanquam
1348 3479 1463 3550 Lydium

102 3571 231 3642 lapidem
264 3569 302 3622 ad
333 3566 488 3636 probandae
517 3565 630 3619 aliorum
661 3564 829 3634 hypotheses
850 3564 1037 3617 commendans
1066 3561 1191 3631 posteris.
1232 3566 1272 3615 At
1292 3575 1381 3632 panca
1401 3561 1463 3624 iste,

102 3660 224 3724 praeter
247 3646 391 3719 speciosos
413 3645 517 3708 titulos,
538 3647 573 3698 ad
593 3661 687 3700 reram
707 3643 912 3714 diagrammetie
933 3643 1014 3708 hujus
1037 3650 1162 3696 naturam
1184 3644 1374 3712 exponendam
1388 3651 1463 3697 attu·

101 3731 144 3796 lit,
168 3729 256 3786 simul
282 3743 344 3782 cum
364 3725 594 3780 demonstratione
616 3741 634 3780 a
653 3725 792 3779 veteribus
820 3732 936 3794 accepta
960 3725 1078 3794 ipsorum
1099 3722 1183 3776 etiam
1204 3739 1309 3778 errores
1331 3722 1461 3798 retinens.

99 3815 162 3870 Nec
183 3811 343 3883 quidquam
363 3805 426 3861 novi
446 3805 474 3860 in
495 3813 574 3860 tanta
594 3806 736 3860 verborum
758 3805 837 3874 copia
857 3821 905 3858 nos
925 3804 1031 3867 docuit,
1063 3812 1174 3873 praeter
1194 3804 1300 3858 unicum
1321 3803 1464 3858 meorema

100 3893 191 3965 paulo
218 3887 345 3944 faciliori
365 3888 443 3942 modo
463 3885 640 3955 propositum.
662 3892 693 3940 et
712 3892 798 3938 totam
818 3885 884 3938 illud
906 3901 925 3938 a
944 3885 1066 3953 Keplero
1087 3884 1250 3946 audimus.
1271 3881 1350 3952 cnjus
1370 3883 1461 3938 divine

100 3975 188 4044 plane
211 3968 335 4042 ingenio
356 3965 529 4038 ignorantiae
559 3973 588 4020 et
617 3965 796 4021 absurditatis
826 3973 918 4019 notam
946 3962 1112 4034 iniquissime
1133 3963 1233 4028 inurit,
1262 3962 1410 4032 suiipsius
1429 3979 1461 4018 re

100 4069 170 4108 sera
192 4048 361 4126 ignorantis
383 4046 581 4102 absurditatem
601 4045 666 4100 mihi
686 4045 867 4118 detegendam
887 4045 1052 4115 relinquens.

184 4131 335 4198 Quocirca
366 4126 546 4200 diagramma,
563 4127 630 4182 illud
660 4125 872 4196 Hipparchicum
898 4124 1025 4196 sequenti¹
1052 4123 1244 4179 commentario
1269 4121 1461 4177 illustrandum

100 4231 220 4276 censeo,
245 4209 377 4268 collectis
398 4208 526 4262 inunum
546 4223 645 4277 corpus
666 4204 881 4261 theorematibus
902 4204 1058 4276 praecipuis
1088 4206 1124 4259 ab
1145 4205 1192 4259 iilo
1213 4203 1318 4264 enatie;
1349 4219 1403 4257 non
1424 4203 1460 4258 ad
1514 4192 1521 4256 ,³

100 4292 358 4352 demonstrandam
372 4275 443 4344 Solis
464 4287 629 4351 distantiam,
651 4303 731 4358 quam
753 4301 889 4356 nunquam
910 4285 963 4340 hac
982 4284 1087 4340 ratione
1108 4284 1238 4346 inre'nies.
1259 4285 1307 4338 sed
1328 4285 1362 4336 ad
1383 4284 1459 4338 dete·
1519 4341 1521 4350 ,

98 4380 212 4451 gendos
235 4387 353 4428 errores
374 4368 532 4430 nonnullos,
555 4384 622 4438 qnos
642 4369 679 4422 ab
699 4366 865 4436 antiquitate
887 4367 1001 4420 traditos
1023 4365 1199 4436 amplectitur
1218 4364 1306 4418 adhuc
1327 4361 1461 4434 religiosa
1518 4351 1524 4396 ¹·

98 4459 182 4514 nimis
198 4451 363 4512 recentium
378 4449 537 4510 credulitaa;
559 4450 593 4502 ad
608 4448 785 4504 cohibendam
799 4447 963 4518 lantbergii
977 4445 1149 4502 vanissimam
1163 4444 1358 4517 arrogantiam,
1381 4442 1459 4510 cujus

97 4538 240 4610 imperita
263 4531 436 4588 tractatione
457 4528 603 4583 miserrime
617 4531 785 4599 depravatur
801 4527 970 4598 ingeniosum
983 4527 1200 4586 hocinventum:
1221 4525 1257 4578 ad
1271 4523 1460 4578 vindicandam

97 4617 223 4692 Kepiesi
249 4615 367 4676 minam,
388 4609 520 4664 immerito
542 4625 560 4662 a
581 4607 932 4680 Lanehergioiaceratam.
991 4651 997 4656 .

178 4695 231 4748 His
243 4689 395 4759 praemissis
407 4688 552 4738 Horroceins
565 4687 667 4736 absolsit
678 4685 825 4750 propositam
839 4685 1069 4736 demonstrationem
1079 4681 1150 4733 simili
1161 4695 1212 4746 qna
1222 4679 1345 4744 Raptatus
1356 4681 1459 4742 attone,

99 4767 315 4821 theorematibus
334 4760 466 4817 tredecim.
486 4759 575 4809 additis
592 4757 781 4822 problematibus
799 4764 905 4822 semem.
924 4771 1021 4821 semper
1036 4755 1169 4818 respiciens
1188 4751 1219 4803 sd
1239 4751 1414 4817 Lanstsrgtam
1434 4759 1461 4803 st

97 4841 217 4894 Tabales
237 4833 427 4896 Rndclphlnes.
463 4831 534 4882 Haec
552 4839 685 4896 sequnntur
698 4831 786 4893 'capita
803 4825 872 4886 t‚'in
891 4829 976 4894 quihus
996 4823 1138 4892 Lenshe'rgll
1156 4823 1303 4888 hypotheses
1321 4823 1460 4876 samnius

97 4915 253 4971 mm,
284 4915 436 4970 comptem
456 4903 514 4956 illas
531 4917 588 4954 casn
604 4899 772 4967 Keplsrlsnls.
797 4899 884 4967 quites
898 4901 988 4966 nisique
1009 4897 1233 4965 palmam-tribuit.
1270 4895 1461 4950 mesas

23 5013 24 5017 ¹
1190 4980 1250 5038 dd*
