3604 5534
638 941 676 993 nr
693 939 827 992 neurus
846 941 980 994 norrun.

569 1083 1058 1200 COMMENTARIORUM

183 1237 282 1337 on
330 1237 682 1342 rrorrnns
726 1239 1073 1370 erentes
1122 1221 1459 1347 uenere.

669 1417 780 1486 PARS
802 1419 947 1484 PRIMA.

300 1561 306 1579 ’
364 1571 455 1708 ¹DE
489 1571 852 1668 contemuitur
889 1571 1229 1667 HYPOTHESIUM.

718 1757 838 1857 Caput
868 1755 898 1832 1.

131 1919 184 1982 De
197 1917 385 2002 de'ffercrrtin
406 1923 510 1981 moure
526 1916 628 1998 pomi
649 1917 899 1981 etsemurdorecn
911 1918 975 1980 eive
992 1919 1207 2000 proprior-ron,
1232 1929 1262 1984 et
1284 1923 1321 1984 ire
1337 1923 1484 2006 propriis

278 2041 283 2048 ·
496 2005 735 2088 inaequalitatis
758 2006 886 2090 primos
908 2014 939 2070 et
958 2007 1122 2070 secundae.

219 2150 415 2230 Pinneternrn
447 2151 552 2212 motns'
581 2147 766 2212 orbiculares
799 2165 867 2210 eese
899 2149 1072 2227 perennitas
1109 2157 1249 2214 testetur.
1295 2149 1332 2214 Id
1360 2151 1399 2212 sb
1427 2170 1484 2214 ex-

130 2240 281 2322 perientis
303 2247 444 2302 mutuate
466 2238 544 2300 ratio
567 2237 672 2300 stetim
686 2237 862 2318 proesumit,
886 2255 978 2318 gyros
1000 2238 1132 2318 ipsorum
1155 2241 1306 2320 perlectos
1329 2257 1397 2302 esec
1421 2241 1483 2303 cir·

132 2331 232 2405 cnloe;
256 2347 327 2392 nem
351 2347 391 2390 ex
412 2327 515 2408 figuris
529 2327 667 2402 circulus,
691 2346 729 2388 ex
744 2326 918 2408 corporibus
934 2326 1058 2404 coelom,
1077 2337 1238 2392 censentur
1250 2327 1480 2408 perfectissime.
1568 2329 1574 2344 ’

131 2419 192 2482 Ubi
221 2437 295 2480 vero
326 2417 487 2497 diligenter
517 2417 710 2480 attendentes
734 2414 921 2498 experientis
943 2414 1093 2480 diversum
1116 2417 1224 2482 docere
1246 2417 1380 2489 videtur,
1404 2420 1482 2499 quod

130 2509 274 2589 planetes
299 2506 433 2570 scircnli
457 2505 584 2586 simplici
607 2505 718 2568 semite
740 2506 921 2580 exorbitent,
944 2505 1073 2585 plurime
1096 2507 1201 2570 existit
1215 2505 1383 2584 edmiretio,
1407 2527 1484 2590 quse

133 2597 256 2660 tandem
278 2597 310 2684 in
333 2611 445 2658 omens
467 2593 659 2675 inquirendae
684 2595 819 2658 homines
842 2593 970 2674 impulit.
1237 2607 1244 2624 ·

218 2686 300 2748 Hinc
332 2683 408 2747 odeo
441 2693 515 2748 nate
537 2694 586 2748 est
607 2685 687 2764 inter
709 2685 844 2747 homines
867 2683 1069 2757 astronomia,
1092 2683 1177 2764 cujus
1201 2702 1311 2764 scopus
1334 2703 1402 2748 esse
1424 2705 1482 2767 pn-

129 2783 212 2840 tntnr
245 2775 360 2840 docere
386 2793 513 2850 censes,
551 2793 603 2838 cnr
624 2773 780 2838 stellarum
803 2782 902 2836 rootne
925 2773 1105 2854 irregulares
1128 2775 1158 2836 in
1182 2768 1284 2836 Terris
1307 2785 1484 2854 eppereent.
1613 2811 1615 2816 ·

129 2885 196 2928 cnm
220 2864 284 2926 sint
306 2863 523 2928 ordinatissimi
546 2863 576 2926 in
599 2864 698 2939 coelo,
727 2864 792 2926 eti
834 2863 982 2942 seligere,
1015 2862 1194 2944 quibusnam
1225 2861 1346 2926 cuculle
1373 2864 1482 2928 stellse

128 2955 281 3029 deantur,
312 2961 348 3016 nt
376 2951 481 3016 horum
511 2953 656 3020 beneficio
680 2953 748 3016 loce
771 2883 1031 3034 eibnpperitioues
1053 2951 1173 3014 illsmm
1195 2949 1234 3017 ed
1257 2951 1381 3032 quosvis
1403 2961 1482 3016 mm-

127 3061 201 3124 porn
223 3042 360 3124 praedici
382 3042 510 3122 possint.
1134 3087 1135 3098 .
1235 3105 1239 3116 ,

218 3130 298 3196 Cum
319 3133 455 3195 nondum
486 3138 642 3195 constaret
663 3131 700 3194 de
724 3129 896 3192 discrimine
1150 3128 1156 3140 '

129 3221 209 3286 inter
232 3231 347 3285 neotnm
368 3220 495 3303 primun
518 3229 549 3284 et
570 3221 733 3296 secundos,
761 3219 896 3282 homines

129 3309 231 3374 intuiti
256 3309 378 3386 Solem,
400 3310 518 3374 Lnnem
545 3319 578 3374 et
608 3311 715 3374 stelles
744 3316 896 3383 notemnt,

129 3401 243 3464 itinere
271 3399 404 3481 ipsorum
437 3401 543 3463 diurne
583 3399 774 3481 aequiperari
810 3417 898 3480 quem
937 3431 962 3471 s

129 3490 269 3571 proximo
298 3488 417 3552 circulis
441 3490 479 3553 ed
510 3508 644 3559 sensum,
675 3490 719 3552 sio
741 3496 843 3552 temen
866 3494 955 3571 ntr
975 3558 998 3585 N

127 3581 207 3642 alter
231 3597 272 3640 ex
295 3578 392 3642 eltero
422 3587 592 3642 necteretur
615 3579 644 3640 in
671 3578 714 3640 fili
742 3575 900 3658 glomerati
998 3586 1016 3607 ‘s

127 3669 268 3743 modum,
303 3667 489 3750 circulosqne
519 3675 555 3731 ut
582 3667 741 3750 plurimum
769 3667 898 3729 minores

126 3759 315 3839 inspicerem,
338 3757 490 3820 rarissime
503 3759 660 3820 ‚maximoe
675 3775 744 3820 esee
765 3757 815 3830 (ut
831 3756 898 3836 jem
948 3784 976 3815 a

128 3846 257 3922 ΔΒΟΕ,
281 3845 414 3922 FMNG,
447 3855 585 3911 senentes
614 3847 672 3910 AB
704 3855 898 3927 eequstorem

127 3936 156 3998 in
175 3935 213 4014 G,
238 3937 286 4010 N)
319 3945 436 4016 perteue
460 3955 562 4000 eornm
584 3936 614 3998 in
636 3943 756 4011 enetro,
780 3942 898 4016 partem

126 4023 323 4100 inhores')
346 4024 496 4088 Videmnt
510 4025 613 4099 etiem.
633 4024 775 4105 distingui
791 4023 898 4087 stelles

127 4115 287 4178 celeritate
310 4113 341 4176 in
361 4115 418 4176 hoc
442 4115 545 4178 diurno
570 4123 602 4178 et
616 4112 772 4196 apparenti
795 4121 896 4176 motu:

128 4205 204 4266 lines
227 4203 360 4268 omnium
383 4223 452 4266 cese
481 4205 673 4280 celerrimss3
707 4204 777 4285 qnia
800 4199 917 4283 pridie·

129 4294 217 4358 elicui
244 4293 434 4376 planetarum
457 4293 583 4373 junctee
607 4295 654 4368 [ut
674 4293 705 4354 Η
729 4291 790 4374 ipsi
812 4292 842 4354 A
864 4298 896 4354 et

213 4451 242 4524 ·)
263 4455 358 4512 lictus
387 4455 490 4526 primns
519 4463 565 4512 est
592 4456 677 4512 totius
707 4453 778 4509 coeli
805 4460 836 4508 et
859 4456 977 4522 omnium
997 4457 1026 4514 in
1045 4476 1079 4513 eo
1104 4461 1249 4519 stellarum
1269 4466 1305 4522 eb
1325 4460 1399 4526 'omn
1426 4487 1479 4541 per

98 4575 100 4578 .
130 4535 264 4592 meridiem
289 4537 318 4592 in
338 4551 466 4591 nemum
485 4542 516 4591 et
536 4537 573 4592 sb
600 4553 700 4592 oecssu
718 4553 770 4606 per
797 4535 880 4590 imum
907 4539 978 4592 coeli
997 4538 1026 4593 in
1046 4545 1150 4604 ortum,
1180 4551 1303 4614 ternpore
1328 4548 1367 4604 24
1396 4550 1477 4608 hore-

130 4633 198 4682 rerer
226 4619 257 4673 in
278 4617 422 4673 schemate
448 4617 589 4688 praesenti
609 4617 717 4672 ABCD.
758 4616 850 4671 Motus
878 4617 989 4672 secundi
1016 4625 1081 4674 eunt
1106 4620 1276 4693 singulorum
1299 4629 1476 4699 planeterrnn

130 4697 163 4751 eb
183 4715 282 4755 oseem
300 4713 402 4754 verene
423 4704 520 4764 ortum,
541 4699 578 4753 eo
597 4701 624 4754 Δ
644 4699 673 4753 in
691 4697 725 4763 E,
746 4698 783 4752 eb
802 4697 825 4750 F
844 4696 873 4752 in
893 4699 927 4763 G,
948 4700 1116 4770 temporibus
1137 4701 1316 4775 longioribus.
1351 4709 1475 4768 Circulos

130 4778 257 4836 mim
277 4779 423 4852 fphoem
442 4784 495 4843 est,
515 4777 562 4850 qni
576 4779 730 4850 sequnlitsr
750 4777 836 4832 dielst
855 4779 892 4833 nb
911 4784 1028 4851 utroque
1048 4796 1157 4836 sucrum
1178 4783 1323 4853 polorum:
1343 4789 1472 4862 Minores,

129 4860 169 4930 qni
188 4871 253 4917 sunt
271 4859 359 4918 elteri
379 4858 506 4930 pclonrru
527 4859 683 4930 propiores;
704 4865 737 4912 nt
756 4857 836 4912 ΗΒΚ
855 4859 921 4929 polo
942 4859 966 4923 Q
985 4859 1098 4931 propior
1117 4869 1162 4918 eet
1181 4879 1262 4936 quem
1281 4869 1347 4940 polo
1367 4871 1401 4930 B.
1454 4888 1457 4896 ·
