<?xml version="1.0" encoding="UTF-8"?>
<!DOCTYPE html PUBLIC "-//W3C//DTD XHTML 1.0 Transitional//EN"
    "http://www.w3.org/TR/xhtml1/DTD/xhtml1-transitional.dtd">
<html xmlns="http://www.w3.org/1999/xhtml" xml:lang="en" lang="en">
 <head>
  <title>
</title>
<meta http-equiv="Content-Type" content="text/html;charset=utf-8" />
  <meta name='ocr-system' content='tesseract 3.04.00' />
  <meta name='ocr-capabilities' content='ocr_page ocr_carea ocr_par ocr_line ocrx_word'/>
</head>
<body>
  <div class='ocr_page' id='page_1' title='image "./joanniskepleria28frisgoog_0282.png"; bbox 0 0 3538 5534; ppageno 0'>
   <div class='ocr_carea' id='block_1_1' title="bbox 607 339 1484 420">
    <p class='ocr_par' dir='ltr' id='par_1_1' title="bbox 607 339 1484 420">
     <span class='ocr_line' id='line_1_1' title="bbox 607 339 1484 420; baseline 0.03 -28"><span class='ocrx_word' id='word_1_1' title='bbox 607 340 668 392; x_wconf 87' lang='lat' dir='ltr'><strong>Pars</strong></span> <span class='ocrx_word' id='word_1_2' title='bbox 686 339 808 396; x_wconf 83' lang='lat' dir='ltr'><strong>Secunda.</strong></span> <span class='ocrx_word' id='word_1_3' title='bbox 847 343 930 412; x_wconf 76' lang='lat' dir='ltr'><strong>Caput</strong></span> <span class='ocrx_word' id='word_1_4' title='bbox 946 347 1012 400; x_wconf 81' lang='lat' dir='ltr'><strong>xxl.</strong></span> <span class='ocrx_word' id='word_1_5' title='bbox 1419 349 1484 420; x_wconf 77' lang='lat'><strong>263</strong></span> 
     </span>
    </p>
   </div>
   <div class='ocr_carea' id='block_1_2' title="bbox 139 501 1484 764">
    <p class='ocr_par' dir='ltr' id='par_1_2' title="bbox 139 501 1484 764">
     <span class='ocr_line' id='line_1_2' title="bbox 202 501 1484 610; baseline 0.02 -40"><span class='ocrx_word' id='word_1_6' title='bbox 202 501 204 508; x_wconf 53' lang='lat'><strong>⁴</strong></span> <span class='ocrx_word' id='word_1_7' title='bbox 226 504 412 575; x_wconf 86' lang='lat' dir='ltr'><strong>Occasiones</strong></span> <span class='ocrx_word' id='word_1_8' title='bbox 436 520 545 592; x_wconf 87' lang='lat' dir='ltr'><strong>autern,</strong></span> <span class='ocrx_word' id='word_1_9' title='bbox 569 518 677 601; x_wconf 92' lang='lat' dir='ltr'><strong>quibus</strong></span> <span class='ocrx_word' id='word_1_10' title='bbox 694 520 759 583; x_wconf 91' lang='lat' dir='ltr'><strong>fieri</strong></span> <span class='ocrx_word' id='word_1_11' title='bbox 780 529 892 606; x_wconf 85' lang='lat' dir='ltr'><strong>potest,</strong></span> <span class='ocrx_word' id='word_1_12' title='bbox 915 533 949 587; x_wconf 88' lang='lat' dir='ltr'><strong>nt</strong></span> <span class='ocrx_word' id='word_1_13' title='bbox 963 526 1042 588; x_wconf 88' lang='lat' dir='ltr'><strong>lalsa</strong></span> <span class='ocrx_word' id='word_1_14' title='bbox 1063 526 1241 610; x_wconf 79' lang='lat' dir='ltr'><strong>hypothesis</strong></span> <span class='ocrx_word' id='word_1_15' title='bbox 1264 549 1365 592; x_wconf 87' lang='lat' dir='ltr'><strong>veram</strong></span> <span class='ocrx_word' id='word_1_16' title='bbox 1380 551 1484 595; x_wconf 90' lang='lat' dir='ltr'><strong>aemu-</strong></span> 
     </span>
     <span class='ocr_line' id='line_1_3' title="bbox 139 593 1354 698; baseline 0.021 -42"><span class='ocrx_word' id='word_1_17' title='bbox 139 593 218 658; x_wconf 89' lang='lat' dir='ltr'><strong>letur</strong></span> <span class='ocrx_word' id='word_1_18' title='bbox 240 599 321 663; x_wconf 85' lang='lat' dir='ltr'><strong>intra</strong></span> <span class='ocrx_word' id='word_1_19' title='bbox 343 621 450 680; x_wconf 88' lang='lat' dir='ltr'><strong>sensus</strong></span> <span class='ocrx_word' id='word_1_20' title='bbox 473 605 671 672; x_wconf 78' lang='lat' dir='ltr'><strong>subtilitatem</strong></span> <span class='ocrx_word' id='word_1_21' title='bbox 695 609 776 673; x_wconf 85' lang='lat' dir='ltr'><strong>cirea</strong></span> <span class='ocrx_word' id='word_1_22' title='bbox 798 613 1025 694; x_wconf 82' lang='lat' dir='ltr'>longitudinem,</span> <span class='ocrx_word' id='word_1_23' title='bbox 1046 617 1108 698; x_wconf 87' lang='lat' dir='ltr'><strong>jam</strong></span> <span class='ocrx_word' id='word_1_24' title='bbox 1131 617 1354 683; x_wconf 82' lang='lat' dir='ltr'><strong>demonstrabo.</strong></span> 
     </span>
     <span class='ocr_line' id='line_1_4' title="bbox 225 687 967 764; baseline 0.016 -14"><span class='ocrx_word' id='word_1_25' title='bbox 225 687 286 752; x_wconf 89' lang='lat' dir='ltr'><strong>Per</strong></span> <span class='ocrx_word' id='word_1_26' title='bbox 307 691 336 754; x_wconf 93' lang='lat' dir='ltr'><strong>A</strong></span> <span class='ocrx_word' id='word_1_27' title='bbox 365 701 497 757; x_wconf 90' lang='lat' dir='ltr'><strong>centrum</strong></span> <span class='ocrx_word' id='word_1_28' title='bbox 529 697 631 761; x_wconf 86' lang='lat' dir='ltr'><strong>muudi</strong></span> <span class='ocrx_word' id='word_1_29' title='bbox 660 707 745 762; x_wconf 90' lang='lat' dir='ltr'><strong>recta</strong></span> <span class='ocrx_word' id='word_1_30' title='bbox 766 699 827 764; x_wconf 89' lang='lat' dir='ltr'><strong>MP</strong></span> <span class='ocrx_word' id='word_1_31' title='bbox 962 750 967 762; x_wconf 91' lang='lat'><strong>.</strong></span> 
     </span>
    </p>
   </div>
   <div class='ocr_carea' id='block_1_3' title="bbox 137 773 1212 871">
    <p class='ocr_par' dir='ltr' id='par_1_3' title="bbox 137 773 1212 877">
     <span class='ocr_line' id='line_1_5' title="bbox 137 773 1212 871; baseline 0.029 -37"><span class='ocrx_word' id='word_1_32' title='bbox 137 773 276 854; x_wconf 80' lang='lat' dir='ltr'><strong>ejiciatur</strong></span> <span class='ocrx_word' id='word_1_33' title='bbox 311 779 342 843; x_wconf 90' lang='lat' dir='ltr'><strong>in</strong></span> <span class='ocrx_word' id='word_1_34' title='bbox 375 778 530 863; x_wconf 82' lang='lat' dir='ltr'><strong>oppositas</strong></span> <span class='ocrx_word' id='word_1_35' title='bbox 561 788 678 851; x_wconf 81' lang='lat' dir='ltr'><strong>zodiaci</strong></span> <span class='ocrx_word' id='word_1_36' title='bbox 709 797 825 871; x_wconf 87' lang='lat' dir='ltr'><strong>partes,</strong></span> <span class='ocrx_word' id='word_1_37' title='bbox 1098 778 1151 843; x_wconf 49' lang='grc' dir='ltr'><strong>ΡΨ·</strong></span> <span class='ocrx_word' id='word_1_38' title='bbox 1171 773 1212 828; x_wconf 72' lang='lat'><strong>⁷³·</strong></span> 
     </span>
    </p>
   </div>
   <div class='ocr_carea' id='block_1_4' title="bbox 137 865 1466 1259">
    <p class='ocr_par' dir='ltr' id='par_1_4' title="bbox 137 865 1466 1259">
     <span class='ocr_line' id='line_1_6' title="bbox 137 865 1309 960; baseline -0.015 -16"><span class='ocrx_word' id='word_1_39' title='bbox 137 865 394 948; x_wconf 60' lang='lat' dir='ltr'><strong>lmifl129⁰tl</strong></span> <span class='ocrx_word' id='word_1_40' title='bbox 418 879 526 937; x_wconf 66' lang='lat' dir='ltr'><strong>eree.</strong></span> <span class='ocrx_word' id='word_1_41' title='bbox 563 877 605 940; x_wconf 88' lang='lat' dir='ltr'><strong>Et</strong></span> <span class='ocrx_word' id='word_1_42' title='bbox 629 885 694 942; x_wconf 88' lang='lat' dir='ltr'><strong>esto</strong></span> <span class='ocrx_word' id='word_1_43' title='bbox 717 887 752 942; x_wconf 92' lang='lat' dir='ltr'><strong>ut</strong></span> <span class='ocrx_word' id='word_1_44' title='bbox 773 899 828 960; x_wconf 89' lang='lat' dir='ltr'><strong>per</strong></span> <span class='ocrx_word' id='word_1_45' title='bbox 1174 894 1182 901; x_wconf 37' lang='grc' dir='ltr'>ι</span> <span class='ocrx_word' id='word_1_46' title='bbox 1304 899 1309 906; x_wconf 87' lang='lat'><strong>·</strong></span> 
     </span>
     <span class='ocr_line' id='line_1_7' title="bbox 137 957 1410 1055; baseline -0.007 -40"><span class='ocrx_word' id='word_1_47' title='bbox 137 972 238 1019; x_wconf 82' lang='lat' dir='ltr'><strong>veram</strong></span> <span class='ocrx_word' id='word_1_48' title='bbox 252 957 384 1041; x_wconf 81' lang='lat' dir='ltr'><strong>aliquam</strong></span> <span class='ocrx_word' id='word_1_49' title='bbox 399 961 580 1046; x_wconf 79' lang='lat' dir='ltr'><strong>hypothesin</strong></span> <span class='ocrx_word' id='word_1_50' title='bbox 598 967 721 1048; x_wconf 87' lang='lat' dir='ltr'><strong>planeta</strong></span> <span class='ocrx_word' id='word_1_51' title='bbox 734 968 826 1031; x_wconf 89' lang='lat' dir='ltr'><strong>dimi-</strong></span> <span class='ocrx_word' id='word_1_52' title='bbox 970 1015 975 1043; x_wconf 87' lang='lat'><strong>,</strong></span> <span class='ocrx_word' id='word_1_53' title='bbox 1177 1016 1189 1049; x_wconf 48' lang='grc' dir='ltr'>Η</span> <span class='ocrx_word' id='word_1_54' title='bbox 1372 1026 1374 1055; x_wconf 73' lang='lat'><strong>,</strong></span> <span class='ocrx_word' id='word_1_55' title='bbox 1407 989 1410 1006; x_wconf 90' lang='lat'><em>.</em></span> 
     </span>
     <span class='ocr_line' id='line_1_8' title="bbox 138 907 1466 1259; baseline -0.005 -152"><span class='ocrx_word' id='word_1_56' title='bbox 138 1044 187 1106; x_wconf 90' lang='lat' dir='ltr'><strong>dio</strong></span> <span class='ocrx_word' id='word_1_57' title='bbox 220 1047 267 1110; x_wconf 90' lang='lat' dir='ltr'><strong>sui</strong></span> <span class='ocrx_word' id='word_1_58' title='bbox 297 1049 443 1131; x_wconf 90' lang='lat' dir='ltr'><strong>temporis</strong></span> <span class='ocrx_word' id='word_1_59' title='bbox 475 1053 554 1117; x_wconf 89' lang='lat' dir='ltr'><strong>inter</strong></span> <span class='ocrx_word' id='word_1_60' title='bbox 582 1057 678 1120; x_wconf 87' lang='lat' dir='ltr'><strong>lineas</strong></span> <span class='ocrx_word' id='word_1_61' title='bbox 707 1057 773 1120; x_wconf 92' lang='lat' dir='ltr'><strong>AM</strong></span> <span class='ocrx_word' id='word_1_62' title='bbox 796 1065 827 1120; x_wconf 91' lang='lat' dir='ltr'><strong>et</strong></span> <span class='ocrx_word' id='word_1_63' title='bbox 983 907 1355 1259; x_wconf 39' lang='grc' dir='ltr'><strong>ᾖ,</strong></span> <span class='ocrx_word' id='word_1_64' title='bbox 1463 1051 1466 1072; x_wconf 84' lang='lat'><strong>¹</strong></span> 
     </span>
    </p>
   </div>
   <div class='ocr_carea' id='block_1_5' title="bbox 136 1064 1414 1689">
    <p class='ocr_par' dir='ltr' id='par_1_5' title="bbox 136 1064 1404 1517">
     <span class='ocr_line' id='line_1_9' title="bbox 136 1064 1338 1269; baseline 0.021 -72"><span class='ocrx_word' id='word_1_65' title='bbox 136 1133 193 1197; x_wconf 86' lang='grc' dir='ltr'><strong>ΑΡ</strong></span> <span class='ocrx_word' id='word_1_66' title='bbox 235 1147 373 1202; x_wconf 80' lang='lat' dir='ltr'><strong>versetur</strong></span> <span class='ocrx_word' id='word_1_67' title='bbox 409 1141 449 1216; x_wconf 87' lang='lat' dir='ltr'><strong>ad</strong></span> <span class='ocrx_word' id='word_1_68' title='bbox 485 1145 660 1222; x_wconf 89' lang='lat' dir='ltr'><strong>sinistram,</strong></span> <span class='ocrx_word' id='word_1_69' title='bbox 702 1147 826 1214; x_wconf 84' lang='lat' dir='ltr'><strong>dimidio</strong></span> <span class='ocrx_word' id='word_1_70' title='bbox 1037 1182 1062 1241; x_wconf 53' lang='grc' dir='ltr'>χ</span> <span class='ocrx_word' id='word_1_71' title='bbox 1177 1064 1338 1269; x_wconf 55' lang='grc' dir='ltr'><strong>,Ι</strong></span> 
     </span>
     <span class='ocr_line' id='line_1_10' title="bbox 136 1221 1306 1318; baseline 0.02 -33"><span class='ocrx_word' id='word_1_72' title='bbox 136 1221 252 1305; x_wconf 87' lang='lat' dir='ltr'><strong>reliquo</strong></span> <span class='ocrx_word' id='word_1_73' title='bbox 274 1228 312 1290; x_wconf 82' lang='lat' dir='ltr'><strong>ed</strong></span> <span class='ocrx_word' id='word_1_74' title='bbox 327 1229 484 1307; x_wconf 75' lang='lat' dir='ltr'><strong>dextram,</strong></span> <span class='ocrx_word' id='word_1_75' title='bbox 499 1233 543 1295; x_wconf 90' lang='lat' dir='ltr'><strong>sic</strong></span> <span class='ocrx_word' id='word_1_76' title='bbox 558 1241 593 1297; x_wconf 92' lang='lat' dir='ltr'><strong>ut</strong></span> <span class='ocrx_word' id='word_1_77' title='bbox 616 1253 733 1316; x_wconf 83' lang='lat' dir='ltr'><strong>semper</strong></span> <span class='ocrx_word' id='word_1_78' title='bbox 755 1244 827 1318; x_wconf 89' lang='lat' dir='ltr'><strong>post</strong></span> <span class='ocrx_word' id='word_1_79' title='bbox 934 1289 937 1300; x_wconf 93' lang='lat'>.</span> <span class='ocrx_word' id='word_1_80' title='bbox 1300 1234 1306 1255; x_wconf 76' lang='lat'><strong><em>‘</em></strong></span> 
     </span>
     <span class='ocr_line' id='line_1_11' title="bbox 137 1243 1404 1464; baseline 0.021 -91"><span class='ocrx_word' id='word_1_81' title='bbox 137 1312 292 1378; x_wconf 90' lang='lat' dir='ltr'><strong>dimidium</strong></span> <span class='ocrx_word' id='word_1_82' title='bbox 328 1319 473 1400; x_wconf 87' lang='lat' dir='ltr'><strong>temporis</strong></span> <span class='ocrx_word' id='word_1_83' title='bbox 511 1323 690 1387; x_wconf 83' lang='lat' dir='ltr'><strong>restitutorii</strong></span> <span class='ocrx_word' id='word_1_84' title='bbox 724 1325 766 1388; x_wconf 93' lang='lat' dir='ltr'><strong>sit</strong></span> <span class='ocrx_word' id='word_1_85' title='bbox 796 1325 826 1386; x_wconf 93' lang='lat' dir='ltr'><strong>in</strong></span> <span class='ocrx_word' id='word_1_86' title='bbox 942 1243 1404 1464; x_wconf 39' lang='grc' dir='ltr'><strong>ΔΧΧΧΙᾸΔ</strong></span> 
     </span>
     <span class='ocr_line' id='line_1_12' title="bbox 137 1402 1221 1517; baseline 0.022 -54"><span class='ocrx_word' id='word_1_87' title='bbox 137 1402 226 1465; x_wconf 91' lang='lat' dir='ltr'><strong>lineis</strong></span> <span class='ocrx_word' id='word_1_88' title='bbox 244 1405 333 1482; x_wconf 88' lang='lat' dir='ltr'><strong>(AM,</strong></span> <span class='ocrx_word' id='word_1_89' title='bbox 350 1403 421 1490; x_wconf 87' lang='grc' dir='ltr'><strong>ΑΡ)</strong></span> <span class='ocrx_word' id='word_1_90' title='bbox 445 1410 591 1475; x_wconf 89' lang='lat' dir='ltr'><strong>alternis:</strong></span> <span class='ocrx_word' id='word_1_91' title='bbox 616 1421 648 1476; x_wconf 92' lang='lat' dir='ltr'><strong>et</strong></span> <span class='ocrx_word' id='word_1_92' title='bbox 661 1414 710 1476; x_wconf 90' lang='lat' dir='ltr'><strong>hic</strong></span> <span class='ocrx_word' id='word_1_93' title='bbox 728 1415 827 1496; x_wconf 91' lang='lat' dir='ltr'><strong>parti-</strong></span> <span class='ocrx_word' id='word_1_94' title='bbox 871 1423 935 1485; x_wconf 57' lang='grc' dir='ltr'><strong>[η</strong></span> <span class='ocrx_word' id='word_1_95' title='bbox 1127 1420 1221 1517; x_wconf 54' lang='grc' dir='ltr'><strong>γ’,</strong></span> 
     </span>
    </p>

    <p class='ocr_par' dir='ltr' id='par_1_6' title="bbox 136 1456 1414 1689">
     <span class='ocr_line' id='line_1_13' title="bbox 138 1456 1414 1652; baseline 0.023 -99"><span class='ocrx_word' id='word_1_96' title='bbox 138 1493 249 1556; x_wconf 89' lang='lat' dir='ltr'><strong>cularis</strong></span> <span class='ocrx_word' id='word_1_97' title='bbox 265 1495 390 1559; x_wconf 84' lang='lat' dir='ltr'><strong>effeetus</strong></span> <span class='ocrx_word' id='word_1_98' title='bbox 400 1517 489 1562; x_wconf 82' lang='lat' dir='ltr'><strong>verae</strong></span> <span class='ocrx_word' id='word_1_99' title='bbox 504 1501 708 1585; x_wconf 85' lang='lat' dir='ltr'><strong>hypotheseos</strong></span> <span class='ocrx_word' id='word_1_100' title='bbox 724 1523 827 1568; x_wconf 88' lang='lat' dir='ltr'><strong>surna-</strong></span> <span class='ocrx_word' id='word_1_101' title='bbox 899 1456 1202 1646; x_wconf 45' lang='lat' dir='ltr'><strong>&#39;VM&#39;</strong></span> <span class='ocrx_word' id='word_1_102' title='bbox 1209 1466 1414 1652; x_wconf 49' lang='lat' dir='ltr'><strong>‘V</strong></span> 
     </span>
     <span class='ocr_line' id='line_1_14' title="bbox 136 1530 1244 1689; baseline 0.025 -47"><span class='ocrx_word' id='word_1_103' title='bbox 136 1589 185 1643; x_wconf 87' lang='lat' dir='ltr'><strong>tur</strong></span> <span class='ocrx_word' id='word_1_104' title='bbox 228 1584 441 1663; x_wconf 82' lang='lat' dir='ltr'><strong>exprimendus</strong></span> <span class='ocrx_word' id='word_1_105' title='bbox 477 1608 532 1670; x_wconf 89' lang='lat' dir='ltr'><strong>per</strong></span> <span class='ocrx_word' id='word_1_106' title='bbox 568 1591 659 1664; x_wconf 87' lang='lat' dir='ltr'><strong>aliam</strong></span> <span class='ocrx_word' id='word_1_107' title='bbox 696 1593 828 1675; x_wconf 86' lang='lat' dir='ltr'><strong>aliquam</strong></span> <span class='ocrx_word' id='word_1_108' title='bbox 867 1668 868 1676; x_wconf 42' lang='lat'><strong>,</strong></span> <span class='ocrx_word' id='word_1_109' title='bbox 1081 1530 1244 1689; x_wconf 27' lang='grc' dir='ltr'><strong>δι’)</strong></span> 
     </span>
    </p>
   </div>
   <div class='ocr_carea' id='block_1_6' title="bbox 137 1574 1448 1853">
    <p class='ocr_par' dir='ltr' id='par_1_7' title="bbox 137 1574 1448 1853">
     <span class='ocr_line' id='line_1_15' title="bbox 137 1574 1448 1853; baseline 0.021 -120"><span class='ocrx_word' id='word_1_110' title='bbox 137 1671 290 1736; x_wconf 84' lang='lat' dir='ltr'><strong>inventam</strong></span> <span class='ocrx_word' id='word_1_111' title='bbox 313 1675 504 1759; x_wconf 73' lang='lat' dir='ltr'><strong>hypothesin.</strong></span> <span class='ocrx_word' id='word_1_112' title='bbox 552 1681 679 1763; x_wconf 71' lang='lat' dir='ltr'><strong>reque,</strong></span> <span class='ocrx_word' id='word_1_113' title='bbox 710 1682 827 1765; x_wconf 71' lang='lat' dir='ltr'><strong>quars-</strong></span> <span class='ocrx_word' id='word_1_114' title='bbox 884 1574 931 1745; x_wconf 47' lang='lat' dir='ltr'><strong>*A</strong></span> <span class='ocrx_word' id='word_1_115' title='bbox 1033 1630 1361 1853; x_wconf 43' lang='lat' dir='ltr'><strong>‘Allkxx</strong></span> <span class='ocrx_word' id='word_1_116' title='bbox 1413 1586 1448 1759; x_wconf 51' lang='lat' dir='ltr'><strong>A</strong></span> 
     </span>
    </p>
   </div>
   <div class='ocr_carea' id='block_1_7' title="bbox 133 1750 1574 2225">
    <p class='ocr_par' dir='ltr' id='par_1_8' title="bbox 134 1750 1574 2021">
     <span class='ocr_line' id='line_1_16' title="bbox 134 1750 1405 2021; baseline 0.014 -198"><span class='ocrx_word' id='word_1_117' title='bbox 134 1781 249 1843; x_wconf 86' lang='lat' dir='ltr'><strong>cunque</strong></span> <span class='ocrx_word' id='word_1_118' title='bbox 281 1763 410 1830; x_wconf 88' lang='lat' dir='ltr'><strong>circulus</strong></span> <span class='ocrx_word' id='word_1_119' title='bbox 438 1777 491 1834; x_wconf 86' lang='lat' dir='ltr'><strong>aut</strong></span> <span class='ocrx_word' id='word_1_120' title='bbox 517 1769 568 1832; x_wconf 85' lang='lat' dir='ltr'><strong>via</strong></span> <span class='ocrx_word' id='word_1_121' title='bbox 595 1770 658 1833; x_wconf 91' lang='lat' dir='ltr'><strong>alia</strong></span> <span class='ocrx_word' id='word_1_122' title='bbox 675 1778 829 1864; x_wconf 38' lang='lat' dir='ltr'><strong>&#39;tortuosa</strong></span> <span class='ocrx_word' id='word_1_123' title='bbox 904 1750 1405 2021; x_wconf 46' lang='lat' dir='ltr'><strong>WZ5V</strong></span> 
     </span>
     <span class='ocr_line' id='line_1_17' title="bbox 137 1853 1574 1951; baseline 0.015 -38"><span class='ocrx_word' id='word_1_124' title='bbox 137 1853 288 1916; x_wconf 89' lang='lat' dir='ltr'><strong>scribatur</strong></span> <span class='ocrx_word' id='word_1_125' title='bbox 310 1862 414 1918; x_wconf 90' lang='lat' dir='ltr'><strong>centro</strong></span> <span class='ocrx_word' id='word_1_126' title='bbox 437 1857 468 1920; x_wconf 91' lang='lat' dir='ltr'><strong>in</strong></span> <span class='ocrx_word' id='word_1_127' title='bbox 492 1857 572 1922; x_wconf 90' lang='lat' dir='ltr'><strong>linea</strong></span> <span class='ocrx_word' id='word_1_128' title='bbox 592 1859 651 1922; x_wconf 89' lang='lat' dir='ltr'><strong>MP</strong></span> <span class='ocrx_word' id='word_1_129' title='bbox 675 1865 826 1941; x_wconf 88' lang='lat' dir='ltr'><strong>suscepto,</strong></span> <span class='ocrx_word' id='word_1_130' title='bbox 957 1857 987 1903; x_wconf 62' lang='lat'><strong>²²</strong></span> <span class='ocrx_word' id='word_1_131' title='bbox 1356 1868 1387 1915; x_wconf 44' lang='lat' dir='ltr'><strong>s</strong></span> <span class='ocrx_word' id='word_1_132' title='bbox 1415 1926 1419 1951; x_wconf 75' lang='lat'><strong>,</strong></span> <span class='ocrx_word' id='word_1_133' title='bbox 1568 1896 1574 1907; x_wconf 94' lang='lat'><strong>·</strong></span> 
     </span>
     <span class='ocr_line' id='line_1_18' title="bbox 135 1941 1183 2021; baseline 0.018 -19"><span class='ocrx_word' id='word_1_134' title='bbox 135 1941 296 2006; x_wconf 89' lang='lat' dir='ltr'><strong>dummodo</strong></span> <span class='ocrx_word' id='word_1_135' title='bbox 325 1943 353 2006; x_wconf 88' lang='lat' dir='ltr'><strong>is</strong></span> <span class='ocrx_word' id='word_1_136' title='bbox 380 1945 411 2008; x_wconf 88' lang='lat' dir='ltr'><strong>A</strong></span> <span class='ocrx_word' id='word_1_137' title='bbox 443 1955 578 2010; x_wconf 80' lang='lat' dir='ltr'><strong>centrum</strong></span> <span class='ocrx_word' id='word_1_138' title='bbox 608 1949 711 2012; x_wconf 91' lang='lat' dir='ltr'><strong>mundi</strong></span> <span class='ocrx_word' id='word_1_139' title='bbox 743 1969 827 2013; x_wconf 91' lang='lat' dir='ltr'><strong>com·</strong></span> <span class='ocrx_word' id='word_1_140' title='bbox 1173 1978 1183 2021; x_wconf 77' lang='grc' dir='ltr'>ι</span> 
     </span>
    </p>

    <p class='ocr_par' dir='ltr' id='par_1_9' title="bbox 133 2031 903 2122">
     <span class='ocr_line' id='line_1_19' title="bbox 133 2031 903 2122; baseline 0.012 -30"><span class='ocrx_word' id='word_1_141' title='bbox 133 2031 286 2111; x_wconf 89' lang='lat' dir='ltr'><strong>plectatur</strong></span> <span class='ocrx_word' id='word_1_142' title='bbox 304 2039 335 2095; x_wconf 91' lang='lat' dir='ltr'><strong>et</strong></span> <span class='ocrx_word' id='word_1_143' title='bbox 351 2033 463 2099; x_wconf 87' lang='lat' dir='ltr'><strong>alinea</strong></span> <span class='ocrx_word' id='word_1_144' title='bbox 477 2037 538 2099; x_wconf 87' lang='lat' dir='ltr'><strong>MP</strong></span> <span class='ocrx_word' id='word_1_145' title='bbox 556 2038 588 2100; x_wconf 91' lang='lat' dir='ltr'><strong>in</strong></span> <span class='ocrx_word' id='word_1_146' title='bbox 606 2038 665 2102; x_wconf 93' lang='lat' dir='ltr'><strong>duo</strong></span> <span class='ocrx_word' id='word_1_147' title='bbox 689 2039 828 2122; x_wconf 84' lang='lat' dir='ltr'><strong>aequalia</strong></span> <span class='ocrx_word' id='word_1_148' title='bbox 857 2065 861 2074; x_wconf 52' lang='lat'><strong>⁴</strong></span> <span class='ocrx_word' id='word_1_149' title='bbox 901 2063 903 2068; x_wconf 60' lang='grc'>’</span> 
     </span>
    </p>

    <p class='ocr_par' dir='ltr' id='par_1_10' title="bbox 136 2123 1177 2225">
     <span class='ocr_line' id='line_1_20' title="bbox 136 2123 1177 2225; baseline 0.014 -44"><span class='ocrx_word' id='word_1_150' title='bbox 136 2129 265 2198; x_wconf 84' lang='lat' dir='ltr'><strong>secetur,</strong></span> <span class='ocrx_word' id='word_1_151' title='bbox 288 2123 341 2185; x_wconf 87' lang='lat' dir='ltr'><strong>liet</strong></span> <span class='ocrx_word' id='word_1_152' title='bbox 363 2125 443 2206; x_wconf 89' lang='lat' dir='ltr'><strong>quod</strong></span> <span class='ocrx_word' id='word_1_153' title='bbox 466 2135 514 2189; x_wconf 89' lang='lat' dir='ltr'><strong>est</strong></span> <span class='ocrx_word' id='word_1_154' title='bbox 535 2127 734 2209; x_wconf 90' lang='lat' dir='ltr'><strong>propositum,</strong></span> <span class='ocrx_word' id='word_1_155' title='bbox 757 2128 833 2209; x_wconf 60' lang='lat' dir='ltr'><strong>pla-t</strong></span> <span class='ocrx_word' id='word_1_156' title='bbox 1079 2167 1083 2175; x_wconf 93' lang='lat'><em>·</em></span> <span class='ocrx_word' id='word_1_157' title='bbox 1172 2198 1177 2225; x_wconf 58' lang='grc' dir='ltr'>Ι</span> 
     </span>
    </p>
   </div>
   <div class='ocr_carea' id='block_1_8' title="bbox 133 2211 1576 4978">
    <p class='ocr_par' dir='ltr' id='par_1_11' title="bbox 135 2211 829 2300">
     <span class='ocr_line' id='line_1_21' title="bbox 135 2211 829 2300; baseline 0.012 -28"><span class='ocrx_word' id='word_1_158' title='bbox 135 2217 207 2273; x_wconf 78' lang='lat' dir='ltr'><strong>nete</strong></span> <span class='ocrx_word' id='word_1_159' title='bbox 225 2211 369 2275; x_wconf 90' lang='lat' dir='ltr'><strong>circulum</strong></span> <span class='ocrx_word' id='word_1_160' title='bbox 392 2214 543 2297; x_wconf 77' lang='lat' dir='ltr'><strong>aequabili</strong></span> <span class='ocrx_word' id='word_1_161' title='bbox 562 2223 644 2280; x_wconf 90' lang='lat' dir='ltr'><strong>moto</strong></span> <span class='ocrx_word' id='word_1_162' title='bbox 664 2217 730 2300; x_wconf 90' lang='lat' dir='ltr'><strong>(qui</strong></span> <span class='ocrx_word' id='word_1_163' title='bbox 748 2217 829 2280; x_wconf 87' lang='lat' dir='ltr'><strong>circa</strong></span> 
     </span>
    </p>

    <p class='ocr_par' dir='ltr' id='par_1_12' title="bbox 135 2301 1176 2386">
     <span class='ocr_line' id='line_1_22' title="bbox 135 2301 1176 2386; baseline 0.005 -20"><span class='ocrx_word' id='word_1_164' title='bbox 135 2319 226 2366; x_wconf 88' lang='lat' dir='ltr'><strong>unum</strong></span> <span class='ocrx_word' id='word_1_165' title='bbox 261 2301 383 2385; x_wconf 81' lang='lat' dir='ltr'><strong>aliquod</strong></span> <span class='ocrx_word' id='word_1_166' title='bbox 419 2313 562 2386; x_wconf 88' lang='lat' dir='ltr'><strong>punctum</strong></span> <span class='ocrx_word' id='word_1_167' title='bbox 591 2306 623 2369; x_wconf 90' lang='lat' dir='ltr'><strong>in</strong></span> <span class='ocrx_word' id='word_1_168' title='bbox 654 2306 736 2370; x_wconf 91' lang='lat' dir='ltr'><strong>linea</strong></span> <span class='ocrx_word' id='word_1_169' title='bbox 766 2305 827 2369; x_wconf 87' lang='lat' dir='ltr'><strong>MP</strong></span> <span class='ocrx_word' id='word_1_170' title='bbox 1155 2319 1176 2371; x_wconf 82' lang='lat' dir='ltr'><strong>r</strong></span> 
     </span>
    </p>

    <p class='ocr_par' dir='ltr' id='par_1_13' title="bbox 137 2387 1269 2480">
     <span class='ocr_line' id='line_1_23' title="bbox 137 2387 1269 2480; baseline 0.01 -28"><span class='ocrx_word' id='word_1_171' title='bbox 137 2408 190 2452; x_wconf 90' lang='lat' dir='ltr'><strong>seu</strong></span> <span class='ocrx_word' id='word_1_172' title='bbox 225 2387 318 2455; x_wconf 72' lang='lat' dir='ltr'><strong>fixum</strong></span> <span class='ocrx_word' id='word_1_173' title='bbox 351 2411 406 2456; x_wconf 90' lang='lat' dir='ltr'><strong>seu</strong></span> <span class='ocrx_word' id='word_1_174' title='bbox 441 2413 552 2476; x_wconf 85' lang='lat' dir='ltr'><strong>vagum</strong></span> <span class='ocrx_word' id='word_1_175' title='bbox 586 2397 735 2476; x_wconf 81' lang='lat' dir='ltr'><strong>regularis</strong></span> <span class='ocrx_word' id='word_1_176' title='bbox 770 2396 832 2470; x_wconf 86' lang='lat' dir='ltr'><strong>sit).</strong></span> <span class='ocrx_word' id='word_1_177' title='bbox 1265 2469 1269 2480; x_wconf 47' lang='grc'><strong>,</strong></span> 
     </span>
    </p>

    <p class='ocr_par' dir='ltr' id='par_1_14' title="bbox 134 2479 1489 3190">
     <span class='ocr_line' id='line_1_24' title="bbox 137 2479 1486 2567; baseline 0.004 -27"><span class='ocrx_word' id='word_1_178' title='bbox 137 2479 317 2544; x_wconf 86' lang='lat' dir='ltr'><strong>emetiente:</strong></span> <span class='ocrx_word' id='word_1_179' title='bbox 349 2490 385 2544; x_wconf 93' lang='lat' dir='ltr'><strong>ut</strong></span> <span class='ocrx_word' id='word_1_180' title='bbox 406 2483 433 2545; x_wconf 91' lang='lat' dir='ltr'><strong>si</strong></span> <span class='ocrx_word' id='word_1_181' title='bbox 461 2491 563 2548; x_wconf 89' lang='lat' dir='ltr'><strong>centro</strong></span> <span class='ocrx_word' id='word_1_182' title='bbox 587 2486 617 2549; x_wconf 87' lang='lat' dir='ltr'><strong>A</strong></span> <span class='ocrx_word' id='word_1_183' title='bbox 640 2483 789 2548; x_wconf 86' lang='lat' dir='ltr'><strong>scribatur</strong></span> <span class='ocrx_word' id='word_1_184' title='bbox 821 2492 853 2548; x_wconf 92' lang='lat' dir='ltr'><strong>et</strong></span> <span class='ocrx_word' id='word_1_185' title='bbox 881 2485 1062 2567; x_wconf 88' lang='lat' dir='ltr'><strong>aequaliter·</strong></span> <span class='ocrx_word' id='word_1_186' title='bbox 1080 2491 1236 2548; x_wconf 82' lang='lat' dir='ltr'><strong>moveatur</strong></span> <span class='ocrx_word' id='word_1_187' title='bbox 1260 2481 1315 2547; x_wconf 92' lang='grc' dir='ltr'><strong>ΟΡ</strong></span> <span class='ocrx_word' id='word_1_188' title='bbox 1347 2482 1486 2548; x_wconf 90' lang='lat' dir='ltr'><strong>circulus.</strong></span> 
     </span>
     <span class='ocr_line' id='line_1_25' title="bbox 136 2561 1487 2658; baseline 0.004 -27"><span class='ocrx_word' id='word_1_189' title='bbox 136 2561 197 2631; x_wconf 74' lang='lat' dir='ltr'><strong>sse</strong></span> <span class='ocrx_word' id='word_1_190' title='bbox 215 2569 309 2651; x_wconf 85' lang='lat' dir='ltr'><strong>igitur</strong></span> <span class='ocrx_word' id='word_1_191' title='bbox 339 2571 455 2658; x_wconf 86' lang='lat' dir='ltr'><strong>aliquid</strong></span> <span class='ocrx_word' id='word_1_192' title='bbox 478 2575 614 2637; x_wconf 89' lang='lat' dir='ltr'><strong>omnibus</strong></span> <span class='ocrx_word' id='word_1_193' title='bbox 636 2575 685 2637; x_wconf 91' lang='lat' dir='ltr'><strong>his</strong></span> <span class='ocrx_word' id='word_1_194' title='bbox 709 2573 831 2638; x_wconf 88' lang='lat' dir='ltr'><strong>circulis</strong></span> <span class='ocrx_word' id='word_1_195' title='bbox 854 2574 982 2658; x_wconf 91' lang='lat' dir='ltr'><strong>aliisque</strong></span> <span class='ocrx_word' id='word_1_196' title='bbox 1005 2575 1109 2656; x_wconf 81' lang='lat' dir='ltr'><strong>figuris</strong></span> <span class='ocrx_word' id='word_1_197' title='bbox 1137 2593 1309 2650; x_wconf 88' lang='lat' dir='ltr'><strong>commune,</strong></span> <span class='ocrx_word' id='word_1_198' title='bbox 1331 2593 1386 2656; x_wconf 87' lang='lat' dir='ltr'><strong>per</strong></span> <span class='ocrx_word' id='word_1_199' title='bbox 1408 2574 1487 2656; x_wconf 90' lang='lat' dir='ltr'><strong>quod</strong></span> 
     </span>
     <span class='ocr_line' id='line_1_26' title="bbox 135 2657 1489 2750; baseline 0.004 -30"><span class='ocrx_word' id='word_1_200' title='bbox 135 2657 168 2720; x_wconf 94' lang='lat' dir='ltr'><strong>id</strong></span> <span class='ocrx_word' id='word_1_201' title='bbox 190 2659 352 2738; x_wconf 84' lang='lat' dir='ltr'><strong>obtinetur,</strong></span> <span class='ocrx_word' id='word_1_202' title='bbox 376 2663 455 2744; x_wconf 90' lang='lat' dir='ltr'><strong>quod</strong></span> <span class='ocrx_word' id='word_1_203' title='bbox 477 2669 544 2726; x_wconf 91' lang='lat' dir='ltr'><strong>erat</strong></span> <span class='ocrx_word' id='word_1_204' title='bbox 565 2664 762 2746; x_wconf 87' lang='lat' dir='ltr'><strong>propositum,</strong></span> <span class='ocrx_word' id='word_1_205' title='bbox 785 2682 891 2750; x_wconf 78' lang='lat' dir='ltr'><strong>nempe</strong></span> <span class='ocrx_word' id='word_1_206' title='bbox 913 2664 991 2727; x_wconf 90' lang='lat' dir='ltr'><strong>hoc:</strong></span> <span class='ocrx_word' id='word_1_207' title='bbox 1015 2672 1050 2727; x_wconf 90' lang='lat' dir='ltr'><strong>ut</strong></span> <span class='ocrx_word' id='word_1_208' title='bbox 1071 2671 1206 2728; x_wconf 90' lang='lat' dir='ltr'><strong>centrum</strong></span> <span class='ocrx_word' id='word_1_209' title='bbox 1228 2660 1330 2726; x_wconf 91' lang='lat' dir='ltr'><strong>mundi</strong></span> <span class='ocrx_word' id='word_1_210' title='bbox 1354 2663 1489 2726; x_wconf 87' lang='lat' dir='ltr'><strong>ambiant</strong></span> 
     </span>
     <span class='ocr_line' id='line_1_27' title="bbox 137 2748 1489 2838; baseline 0.004 -29"><span class='ocrx_word' id='word_1_211' title='bbox 137 2755 168 2810; x_wconf 91' lang='lat' dir='ltr'><strong>et</strong></span> <span class='ocrx_word' id='word_1_212' title='bbox 197 2748 281 2811; x_wconf 89' lang='lat' dir='ltr'><strong>eirca</strong></span> <span class='ocrx_word' id='word_1_213' title='bbox 311 2749 433 2833; x_wconf 87' lang='lat' dir='ltr'><strong>aliquod</strong></span> <span class='ocrx_word' id='word_1_214' title='bbox 464 2761 605 2834; x_wconf 88' lang='lat' dir='ltr'><strong>punctum</strong></span> <span class='ocrx_word' id='word_1_215' title='bbox 628 2751 660 2815; x_wconf 92' lang='lat' dir='ltr'><strong>in</strong></span> <span class='ocrx_word' id='word_1_216' title='bbox 689 2752 769 2838; x_wconf 88' lang='lat' dir='ltr'><strong>linea</strong></span> <span class='ocrx_word' id='word_1_217' title='bbox 791 2753 852 2816; x_wconf 87' lang='lat' dir='ltr'><strong>MP</strong></span> <span class='ocrx_word' id='word_1_218' title='bbox 881 2753 1061 2834; x_wconf 80' lang='lat' dir='ltr'><strong>regulariter</strong></span> <span class='ocrx_word' id='word_1_219' title='bbox 1090 2762 1169 2818; x_wconf 84' lang='lat' dir='ltr'><strong>eant</strong></span> <span class='ocrx_word' id='word_1_220' title='bbox 1216 2751 1287 2816; x_wconf 89' lang='lat' dir='ltr'><strong>Jam</strong></span> <span class='ocrx_word' id='word_1_221' title='bbox 1316 2753 1412 2833; x_wconf 84' lang='lat' dir='ltr'><strong>ligura</strong></span> <span class='ocrx_word' id='word_1_222' title='bbox 1438 2753 1489 2814; x_wconf 89' lang='lat' dir='ltr'><strong>vel</strong></span> 
     </span>
     <span class='ocr_line' id='line_1_28' title="bbox 138 2837 1487 2925; baseline 0.004 -26"><span class='ocrx_word' id='word_1_223' title='bbox 138 2837 269 2902; x_wconf 90' lang='lat' dir='ltr'><strong>circulus</strong></span> <span class='ocrx_word' id='word_1_224' title='bbox 291 2837 340 2901; x_wconf 91' lang='lat' dir='ltr'><strong>hic</strong></span> <span class='ocrx_word' id='word_1_225' title='bbox 361 2841 412 2902; x_wconf 82' lang='lat' dir='ltr'><strong>vel</strong></span> <span class='ocrx_word' id='word_1_226' title='bbox 434 2841 507 2918; x_wconf 85' lang='lat' dir='ltr'><strong>ille,</strong></span> <span class='ocrx_word' id='word_1_227' title='bbox 539 2847 681 2923; x_wconf 87' lang='lat' dir='ltr'><strong>punctum</strong></span> <span class='ocrx_word' id='word_1_228' title='bbox 714 2842 909 2925; x_wconf 80' lang='lat' dir='ltr'><strong>aequalitatis</strong></span> <span class='ocrx_word' id='word_1_229' title='bbox 931 2842 989 2905; x_wconf 93' lang='lat' dir='ltr'><strong>boc</strong></span> <span class='ocrx_word' id='word_1_230' title='bbox 1012 2843 1063 2906; x_wconf 92' lang='lat' dir='ltr'><strong>vel</strong></span> <span class='ocrx_word' id='word_1_231' title='bbox 1091 2843 1185 2914; x_wconf 85' lang='lat' dir='ltr'><strong>illud,</strong></span> <span class='ocrx_word' id='word_1_232' title='bbox 1208 2860 1247 2904; x_wconf 87' lang='lat' dir='ltr'><strong>ex</strong></span> <span class='ocrx_word' id='word_1_233' title='bbox 1269 2842 1308 2904; x_wconf 92' lang='lat' dir='ltr'><strong>iis</strong></span> <span class='ocrx_word' id='word_1_234' title='bbox 1332 2861 1408 2925; x_wconf 90' lang='lat' dir='ltr'><strong>quae</strong></span> <span class='ocrx_word' id='word_1_235' title='bbox 1432 2844 1487 2906; x_wconf 91' lang='lat' dir='ltr'><strong>sub</strong></span> 
     </span>
     <span class='ocr_line' id='line_1_29' title="bbox 137 2927 1488 3012; baseline 0.003 -23"><span class='ocrx_word' id='word_1_236' title='bbox 137 2927 242 2990; x_wconf 89' lang='lat' dir='ltr'><strong>eodem</strong></span> <span class='ocrx_word' id='word_1_237' title='bbox 266 2946 374 3009; x_wconf 83' lang='lat' dir='ltr'><strong>genere</strong></span> <span class='ocrx_word' id='word_1_238' title='bbox 398 2930 699 3011; x_wconf 88' lang='lat' dir='ltr'><strong>comprehenduntur,</strong></span> <span class='ocrx_word' id='word_1_239' title='bbox 723 2931 835 3012; x_wconf 79' lang='lat' dir='ltr'><strong>salsum</strong></span> <span class='ocrx_word' id='word_1_240' title='bbox 858 2949 926 2994; x_wconf 90' lang='lat' dir='ltr'><strong>esse</strong></span> <span class='ocrx_word' id='word_1_241' title='bbox 949 2937 1062 3012; x_wconf 90' lang='lat' dir='ltr'><strong>potest.</strong></span> <span class='ocrx_word' id='word_1_242' title='bbox 1108 2932 1153 2995; x_wconf 90' lang='lat' dir='ltr'><strong>At</strong></span> <span class='ocrx_word' id='word_1_243' title='bbox 1175 2929 1385 3007; x_wconf 85' lang='lat' dir='ltr'><strong>efficiebamus,</strong></span> <span class='ocrx_word' id='word_1_244' title='bbox 1409 2933 1488 3012; x_wconf 92' lang='lat' dir='ltr'><strong>quod</strong></span> 
     </span>
     <span class='ocr_line' id='line_1_30' title="bbox 134 3019 1487 3102; baseline 0.004 -24"><span class='ocrx_word' id='word_1_245' title='bbox 134 3024 200 3080; x_wconf 85' lang='lat' dir='ltr'><strong>erat</strong></span> <span class='ocrx_word' id='word_1_246' title='bbox 221 3019 425 3099; x_wconf 90' lang='lat' dir='ltr'><strong>propositum,</strong></span> <span class='ocrx_word' id='word_1_247' title='bbox 457 3039 517 3083; x_wconf 90' lang='lat' dir='ltr'><strong>non</strong></span> <span class='ocrx_word' id='word_1_248' title='bbox 544 3037 600 3101; x_wconf 89' lang='lat' dir='ltr'><strong>per</strong></span> <span class='ocrx_word' id='word_1_249' title='bbox 620 3020 699 3082; x_wconf 84' lang='lat' dir='ltr'><strong>banc</strong></span> <span class='ocrx_word' id='word_1_250' title='bbox 731 3021 841 3083; x_wconf 85' lang='lat' dir='ltr'><strong>falsam</strong></span> <span class='ocrx_word' id='word_1_251' title='bbox 865 3020 1012 3101; x_wconf 88' lang='lat' dir='ltr'><strong>speciem,</strong></span> <span class='ocrx_word' id='word_1_252' title='bbox 1044 3021 1098 3083; x_wconf 92' lang='lat' dir='ltr'><strong>sed</strong></span> <span class='ocrx_word' id='word_1_253' title='bbox 1125 3020 1243 3102; x_wconf 91' lang='lat' dir='ltr'><strong>perid,</strong></span> <span class='ocrx_word' id='word_1_254' title='bbox 1274 3020 1353 3102; x_wconf 91' lang='lat' dir='ltr'><strong>qnod</strong></span> <span class='ocrx_word' id='word_1_255' title='bbox 1377 3019 1407 3082; x_wconf 91' lang='lat' dir='ltr'><strong>in</strong></span> <span class='ocrx_word' id='word_1_256' title='bbox 1429 3020 1487 3086; x_wconf 84' lang='lat' dir='ltr'><strong>hac</strong></span> 
     </span>
     <span class='ocr_line' id='line_1_31' title="bbox 134 3107 928 3190; baseline 0.001 -21"><span class='ocrx_word' id='word_1_257' title='bbox 134 3113 281 3188; x_wconf 82' lang='lat' dir='ltr'><strong>usurpata</strong></span> <span class='ocrx_word' id='word_1_258' title='bbox 304 3107 384 3172; x_wconf 81' lang='lat' dir='ltr'><strong>falsa</strong></span> <span class='ocrx_word' id='word_1_259' title='bbox 407 3108 507 3190; x_wconf 90' lang='lat' dir='ltr'><strong>specie</strong></span> <span class='ocrx_word' id='word_1_260' title='bbox 530 3109 671 3190; x_wconf 86' lang='lat' dir='ltr'><strong>generale</strong></span> <span class='ocrx_word' id='word_1_261' title='bbox 694 3128 799 3173; x_wconf 85' lang='lat' dir='ltr'><strong>verum</strong></span> <span class='ocrx_word' id='word_1_262' title='bbox 821 3107 928 3172; x_wconf 89' lang='lat' dir='ltr'><strong>inerat.</strong></span> 
     </span>
    </p>

    <p class='ocr_par' dir='ltr' id='par_1_15' title="bbox 133 3197 1576 3810">
     <span class='ocr_line' id='line_1_32' title="bbox 220 3197 1576 3286; baseline 0.001 -24"><span class='ocrx_word' id='word_1_263' title='bbox 220 3197 455 3280; x_wconf 79' lang='lat' dir='ltr'><strong>Progrediamur</strong></span> <span class='ocrx_word' id='word_1_264' title='bbox 480 3199 565 3286; x_wconf 66' lang='lat' dir='ltr'><strong>jam,</strong></span> <span class='ocrx_word' id='word_1_265' title='bbox 592 3206 624 3260; x_wconf 90' lang='lat' dir='ltr'><strong>et</strong></span> <span class='ocrx_word' id='word_1_266' title='bbox 651 3197 693 3261; x_wconf 90' lang='lat' dir='ltr'><strong>sit</strong></span> <span class='ocrx_word' id='word_1_267' title='bbox 718 3205 756 3261; x_wconf 89' lang='lat' dir='ltr'><strong>ut·</strong></span> <span class='ocrx_word' id='word_1_268' title='bbox 777 3199 903 3280; x_wconf 84' lang='lat' dir='ltr'><strong>planete</strong></span> <span class='ocrx_word' id='word_1_269' title='bbox 929 3205 1001 3279; x_wconf 89' lang='lat' dir='ltr'><strong>post</strong></span> <span class='ocrx_word' id='word_1_270' title='bbox 1027 3203 1152 3278; x_wconf 89' lang='lat' dir='ltr'><strong>quartas</strong></span> <span class='ocrx_word' id='word_1_271' title='bbox 1173 3199 1320 3280; x_wconf 89' lang='lat' dir='ltr'><strong>temporis</strong></span> <span class='ocrx_word' id='word_1_272' title='bbox 1343 3199 1374 3261; x_wconf 93' lang='lat' dir='ltr'><strong>in</strong></span> <span class='ocrx_word' id='word_1_273' title='bbox 1396 3198 1487 3264; x_wconf 91' lang='lat' dir='ltr'><strong>lineis</strong></span> <span class='ocrx_word' id='word_1_274' title='bbox 1575 3213 1576 3216; x_wconf 75' lang='grc'>’</span> 
     </span>
     <span class='ocr_line' id='line_1_33' title="bbox 133 3279 1486 3370; baseline 0.002 -19"><span class='ocrx_word' id='word_1_275' title='bbox 133 3287 214 3365; x_wconf 84' lang='lat' dir='ltr'><strong>AM,</strong></span> <span class='ocrx_word' id='word_1_276' title='bbox 236 3287 314 3365; x_wconf 76' lang='lat' dir='ltr'><strong>AR,</strong></span> <span class='ocrx_word' id='word_1_277' title='bbox 337 3288 410 3362; x_wconf 79' lang='grc' dir='ltr'><strong>ΑΡ,</strong></span> <span class='ocrx_word' id='word_1_278' title='bbox 433 3287 492 3352; x_wconf 88' lang='lat' dir='ltr'><strong>AL</strong></span> <span class='ocrx_word' id='word_1_279' title='bbox 518 3295 671 3365; x_wconf 85' lang='lat' dir='ltr'><strong>versetur,</strong></span> <span class='ocrx_word' id='word_1_280' title='bbox 699 3279 806 3370; x_wconf 83' lang='lat' dir='ltr'><strong>nempe</strong></span> <span class='ocrx_word' id='word_1_281' title='bbox 834 3285 1034 3349; x_wconf 84' lang='lat' dir='ltr'><strong>existentibus</strong></span> <span class='ocrx_word' id='word_1_282' title='bbox 1057 3287 1169 3362; x_wconf 85' lang='lat' dir='ltr'><strong>MAK,</strong></span> <span class='ocrx_word' id='word_1_283' title='bbox 1206 3287 1301 3351; x_wconf 89' lang='lat' dir='ltr'><strong>MAL</strong></span> <span class='ocrx_word' id='word_1_284' title='bbox 1322 3286 1486 3355; x_wconf 89' lang='lat' dir='ltr'><strong>minoribus</strong></span> 
     </span>
     <span class='ocr_line' id='line_1_34' title="bbox 134 3363 1516 3460; baseline 0.002 -21"><span class='ocrx_word' id='word_1_285' title='bbox 134 3395 223 3460; x_wconf 89' lang='lat' dir='ltr'><strong>quarn</strong></span> <span class='ocrx_word' id='word_1_286' title='bbox 246 3385 317 3440; x_wconf 89' lang='lat' dir='ltr'><strong>sunt</strong></span> <span class='ocrx_word' id='word_1_287' title='bbox 338 3376 415 3440; x_wconf 90' lang='lat' dir='ltr'><strong>recti</strong></span> <span class='ocrx_word' id='word_1_288' title='bbox 438 3377 551 3458; x_wconf 83' lang='lat' dir='ltr'><strong>anguli.</strong></span> <span class='ocrx_word' id='word_1_289' title='bbox 595 3363 661 3440; x_wconf 77' lang='lat' dir='ltr'><strong>Hic&#39;</strong></span> <span class='ocrx_word' id='word_1_290' title='bbox 677 3376 769 3457; x_wconf 81' lang='lat' dir='ltr'><strong>igitur</strong></span> <span class='ocrx_word' id='word_1_291' title='bbox 790 3375 874 3458; x_wconf 91' lang='lat' dir='ltr'><strong>prior</strong></span> <span class='ocrx_word' id='word_1_292' title='bbox 897 3375 1026 3439; x_wconf 89' lang='lat' dir='ltr'><strong>circulus</strong></span> <span class='ocrx_word' id='word_1_293' title='bbox 1045 3373 1100 3439; x_wconf 92' lang='grc' dir='ltr'><strong>ΟΡ</strong></span> <span class='ocrx_word' id='word_1_294' title='bbox 1118 3376 1271 3439; x_wconf 85' lang='lat' dir='ltr'><strong>aberrabit</strong></span> <span class='ocrx_word' id='word_1_295' title='bbox 1284 3379 1365 3458; x_wconf 90' lang='lat' dir='ltr'><strong>apud</strong></span> <span class='ocrx_word' id='word_1_296' title='bbox 1378 3379 1484 3442; x_wconf 90' lang='lat' dir='ltr'><strong>latera.</strong></span> <span class='ocrx_word' id='word_1_297' title='bbox 1509 3401 1516 3418; x_wconf 91' lang='lat'><strong>·</strong></span> 
     </span>
     <span class='ocr_line' id='line_1_35' title="bbox 134 3463 1484 3550; baseline 0.004 -22"><span class='ocrx_word' id='word_1_298' title='bbox 134 3465 216 3539; x_wconf 80' lang='lat' dir='ltr'><strong>Quia</strong></span> <span class='ocrx_word' id='word_1_299' title='bbox 244 3466 324 3529; x_wconf 90' lang='lat' dir='ltr'><strong>enim</strong></span> <span class='ocrx_word' id='word_1_300' title='bbox 351 3466 519 3550; x_wconf 88' lang='lat' dir='ltr'><strong>ponebatur</strong></span> <span class='ocrx_word' id='word_1_301' title='bbox 549 3465 630 3529; x_wconf 88' lang='lat' dir='ltr'><strong>circa</strong></span> <span class='ocrx_word' id='word_1_302' title='bbox 656 3473 791 3529; x_wconf 86' lang='lat' dir='ltr'><strong>centrum</strong></span> <span class='ocrx_word' id='word_1_303' title='bbox 812 3464 843 3527; x_wconf 89' lang='lat' dir='ltr'><strong>A</strong></span> <span class='ocrx_word' id='word_1_304' title='bbox 866 3463 1033 3545; x_wconf 82' lang='lat' dir='ltr'><strong>regularis,</strong></span> <span class='ocrx_word' id='word_1_305' title='bbox 1057 3472 1126 3528; x_wconf 86' lang='lat' dir='ltr'><strong>acta</strong></span> <span class='ocrx_word' id='word_1_306' title='bbox 1148 3465 1240 3546; x_wconf 86' lang='lat' dir='ltr'><strong>igitur</strong></span> <span class='ocrx_word' id='word_1_307' title='bbox 1261 3474 1347 3531; x_wconf 83' lang='lat' dir='ltr'><strong>recta</strong></span> <span class='ocrx_word' id='word_1_308' title='bbox 1368 3487 1422 3550; x_wconf 88' lang='lat' dir='ltr'><strong>per</strong></span> <span class='ocrx_word' id='word_1_309' title='bbox 1444 3471 1484 3548; x_wconf 90' lang='lat' dir='ltr'><strong>A,</strong></span> 
     </span>
     <span class='ocr_line' id='line_1_36' title="bbox 134 3554 1485 3642; baseline 0.004 -24"><span class='ocrx_word' id='word_1_310' title='bbox 134 3575 210 3638; x_wconf 89' lang='lat' dir='ltr'><strong>quae</strong></span> <span class='ocrx_word' id='word_1_311' title='bbox 240 3555 282 3618; x_wconf 90' lang='lat' dir='ltr'><strong>sit</strong></span> <span class='ocrx_word' id='word_1_312' title='bbox 303 3555 560 3638; x_wconf 85' lang='lat' dir='ltr'><strong>perpendicularis</strong></span> <span class='ocrx_word' id='word_1_313' title='bbox 584 3554 623 3616; x_wconf 91' lang='lat' dir='ltr'><strong>ad</strong></span> <span class='ocrx_word' id='word_1_314' title='bbox 645 3555 718 3630; x_wconf 89' lang='lat' dir='ltr'><strong>MP,</strong></span> <span class='ocrx_word' id='word_1_315' title='bbox 749 3572 856 3635; x_wconf 88' lang='lat' dir='ltr'><strong>nempe</strong></span> <span class='ocrx_word' id='word_1_316' title='bbox 879 3555 957 3630; x_wconf 87' lang='lat' dir='ltr'><strong>VX,</strong></span> <span class='ocrx_word' id='word_1_317' title='bbox 984 3555 1057 3617; x_wconf 85' lang='lat' dir='ltr'><strong>fient</strong></span> <span class='ocrx_word' id='word_1_318' title='bbox 1078 3554 1184 3632; x_wconf 79' lang='lat' dir='ltr'><strong>MAV,</strong></span> <span class='ocrx_word' id='word_1_319' title='bbox 1207 3555 1305 3642; x_wconf 79' lang='lat' dir='ltr'><strong>MAX</strong></span> <span class='ocrx_word' id='word_1_320' title='bbox 1326 3577 1485 3624; x_wconf 86' lang='lat' dir='ltr'><strong>mensurae</strong></span> 
     </span>
     <span class='ocr_line' id='line_1_37' title="bbox 134 3641 1484 3728; baseline 0.002 -20"><span class='ocrx_word' id='word_1_321' title='bbox 134 3652 307 3728; x_wconf 82' lang='lat' dir='ltr'><strong>quartarum</strong></span> <span class='ocrx_word' id='word_1_322' title='bbox 329 3645 483 3727; x_wconf 85' lang='lat' dir='ltr'><strong>temporis.</strong></span> <span class='ocrx_word' id='word_1_323' title='bbox 529 3643 578 3708; x_wconf 89' lang='lat' dir='ltr'><strong>Ac</strong></span> <span class='ocrx_word' id='word_1_324' title='bbox 599 3644 724 3726; x_wconf 88' lang='lat' dir='ltr'><strong>proinde</strong></span> <span class='ocrx_word' id='word_1_325' title='bbox 746 3643 823 3706; x_wconf 89' lang='lat' dir='ltr'><strong>haec</strong></span> <span class='ocrx_word' id='word_1_326' title='bbox 844 3641 1022 3726; x_wconf 87' lang='lat' dir='ltr'><strong>hypothesis</strong></span> <span class='ocrx_word' id='word_1_327' title='bbox 1045 3650 1206 3727; x_wconf 89' lang='lat' dir='ltr'><strong>reponeret</strong></span> <span class='ocrx_word' id='word_1_328' title='bbox 1226 3644 1381 3727; x_wconf 82' lang='lat' dir='ltr'><strong>planetam</strong></span> <span class='ocrx_word' id='word_1_329' title='bbox 1396 3647 1428 3712; x_wconf 92' lang='lat' dir='ltr'><strong>in</strong></span> <span class='ocrx_word' id='word_1_330' title='bbox 1443 3649 1484 3711; x_wconf 91' lang='lat' dir='ltr'><strong>li-</strong></span> 
     </span>
     <span class='ocr_line' id='line_1_38' title="bbox 136 3732 775 3810; baseline -0.003 -14"><span class='ocrx_word' id='word_1_331' title='bbox 136 3753 211 3797; x_wconf 87' lang='lat' dir='ltr'><strong>neas</strong></span> <span class='ocrx_word' id='word_1_332' title='bbox 233 3733 307 3810; x_wconf 88' lang='lat' dir='ltr'><strong>AV,</strong></span> <span class='ocrx_word' id='word_1_333' title='bbox 330 3733 414 3798; x_wconf 86' lang='lat' dir='ltr'><strong>AX:</strong></span> <span class='ocrx_word' id='word_1_334' title='bbox 437 3733 540 3798; x_wconf 88' lang='lat' dir='ltr'><strong>debuit</strong></span> <span class='ocrx_word' id='word_1_335' title='bbox 560 3733 592 3796; x_wconf 93' lang='lat' dir='ltr'><strong>iu</strong></span> <span class='ocrx_word' id='word_1_336' title='bbox 615 3734 685 3809; x_wconf 83' lang='grc' dir='ltr'><strong>ΑΚ,</strong></span> <span class='ocrx_word' id='word_1_337' title='bbox 708 3732 775 3796; x_wconf 89' lang='lat' dir='ltr'><strong>AL.</strong></span> 
     </span>
    </p>

    <p class='ocr_par' dir='ltr' id='par_1_16' title="bbox 133 3821 1531 4445">
     <span class='ocr_line' id='line_1_39' title="bbox 221 3821 1483 3904; baseline 0.003 -16"><span class='ocrx_word' id='word_1_338' title='bbox 221 3825 270 3888; x_wconf 90' lang='lat' dir='ltr'><strong>Ac</strong></span> <span class='ocrx_word' id='word_1_339' title='bbox 301 3841 368 3886; x_wconf 89' lang='lat' dir='ltr'><strong>cum</strong></span> <span class='ocrx_word' id='word_1_340' title='bbox 397 3821 583 3904; x_wconf 86' lang='lat' dir='ltr'><strong>experientia</strong></span> <span class='ocrx_word' id='word_1_341' title='bbox 611 3829 761 3898; x_wconf 88' lang='lat' dir='ltr'><strong>testetur,</strong></span> <span class='ocrx_word' id='word_1_342' title='bbox 804 3828 904 3885; x_wconf 87' lang='lat' dir='ltr'><strong>motus</strong></span> <span class='ocrx_word' id='word_1_343' title='bbox 932 3821 1123 3902; x_wconf 88' lang='lat' dir='ltr'><strong>planetarum</strong></span> <span class='ocrx_word' id='word_1_344' title='bbox 1155 3822 1283 3887; x_wconf 89' lang='lat' dir='ltr'><strong>circulos</strong></span> <span class='ocrx_word' id='word_1_345' title='bbox 1315 3826 1483 3892; x_wconf 88' lang='lat' dir='ltr'><strong>certissime</strong></span> 
     </span>
     <span class='ocr_line' id='line_1_40' title="bbox 134 3911 1531 3994; baseline 0.004 -18"><span class='ocrx_word' id='word_1_346' title='bbox 134 3913 277 3977; x_wconf 78' lang='lat' dir='ltr'><strong>affectare</strong></span> <span class='ocrx_word' id='word_1_347' title='bbox 301 3912 376 3988; x_wconf 89' lang='lat' dir='ltr'><strong>(etsi</strong></span> <span class='ocrx_word' id='word_1_348' title='bbox 398 3932 456 3975; x_wconf 93' lang='lat' dir='ltr'><strong>nou</strong></span> <span class='ocrx_word' id='word_1_349' title='bbox 478 3912 567 3994; x_wconf 89' lang='lat' dir='ltr'><strong>plane</strong></span> <span class='ocrx_word' id='word_1_350' title='bbox 591 3929 644 3974; x_wconf 90' lang='lat' dir='ltr'><strong>eos</strong></span> <span class='ocrx_word' id='word_1_351' title='bbox 658 3912 787 3974; x_wconf 82' lang='lat' dir='ltr'><strong>forsitan</strong></span> <span class='ocrx_word' id='word_1_352' title='bbox 801 3914 1026 3993; x_wconf 81' lang='lat' dir='ltr'><strong>assequentur),</strong></span> <span class='ocrx_word' id='word_1_353' title='bbox 1052 3911 1150 3994; x_wconf 86' lang='lat' dir='ltr'><strong>sitque</strong></span> <span class='ocrx_word' id='word_1_354' title='bbox 1163 3912 1333 3994; x_wconf 90' lang='lat' dir='ltr'><strong>hujusmodi</strong></span> <span class='ocrx_word' id='word_1_355' title='bbox 1352 3922 1485 3982; x_wconf 89' lang='lat' dir='ltr'><strong>motuum</strong></span> <span class='ocrx_word' id='word_1_356' title='bbox 1527 3933 1531 3940; x_wconf 84' lang='lat'>·</span> 
     </span>
     <span class='ocr_line' id='line_1_41' title="bbox 134 3998 1484 4084; baseline 0.004 -18"><span class='ocrx_word' id='word_1_357' title='bbox 134 4011 260 4077; x_wconf 86' lang='lat' dir='ltr'><strong>natura,</strong></span> <span class='ocrx_word' id='word_1_358' title='bbox 296 4001 480 4084; x_wconf 89' lang='lat' dir='ltr'><strong>pedetentim</strong></span> <span class='ocrx_word' id='word_1_359' title='bbox 510 4000 626 4063; x_wconf 91' lang='lat' dir='ltr'><strong>intendi</strong></span> <span class='ocrx_word' id='word_1_360' title='bbox 654 3999 846 4082; x_wconf 89' lang='lat' dir='ltr'><strong>remittique,</strong></span> <span class='ocrx_word' id='word_1_361' title='bbox 877 3998 952 4064; x_wconf 90' lang='lat' dir='ltr'><strong>nihil</strong></span> <span class='ocrx_word' id='word_1_362' title='bbox 984 4001 1143 4064; x_wconf 88' lang='lat' dir='ltr'><strong>admittere</strong></span> <span class='ocrx_word' id='word_1_363' title='bbox 1166 4001 1369 4068; x_wconf 86' lang='lat' dir='ltr'><strong>subitaneum:</strong></span> <span class='ocrx_word' id='word_1_364' title='bbox 1400 4025 1484 4071; x_wconf 85' lang='lat' dir='ltr'><strong>error</strong></span> 
     </span>
     <span class='ocr_line' id='line_1_42' title="bbox 133 4087 1483 4196; baseline 0.002 -39"><span class='ocrx_word' id='word_1_365' title='bbox 133 4091 227 4174; x_wconf 82' lang='lat' dir='ltr'><strong>igitur</strong></span> <span class='ocrx_word' id='word_1_366' title='bbox 248 4091 338 4172; x_wconf 83' lang='lat' dir='ltr'><strong>hujus</strong></span> <span class='ocrx_word' id='word_1_367' title='bbox 358 4090 563 4174; x_wconf 89' lang='lat' dir='ltr'><strong>hypotheseos</strong></span> <span class='ocrx_word' id='word_1_368' title='bbox 585 4089 688 4153; x_wconf 88' lang='lat' dir='ltr'><strong>circuli</strong></span> <span class='ocrx_word' id='word_1_369' title='bbox 703 4090 757 4154; x_wconf 92' lang='grc' dir='ltr'><strong>ΟΡ</strong></span> <span class='ocrx_word' id='word_1_370' title='bbox 779 4087 893 4192; x_wconf 81' lang='lat' dir='ltr'><strong>alinea</strong></span> <span class='ocrx_word' id='word_1_371' title='bbox 906 4089 971 4152; x_wconf 87' lang='lat' dir='ltr'><strong>Ahl</strong></span> <span class='ocrx_word' id='word_1_372' title='bbox 983 4090 1129 4172; x_wconf 89' lang='lat' dir='ltr'><strong>paulatim</strong></span> <span class='ocrx_word' id='word_1_373' title='bbox 1141 4091 1274 4196; x_wconf 79' lang='lat' dir='ltr'><strong>incipiet,</strong></span> <span class='ocrx_word' id='word_1_374' title='bbox 1297 4093 1366 4157; x_wconf 90' lang='lat' dir='ltr'><strong>inde</strong></span> <span class='ocrx_word' id='word_1_375' title='bbox 1384 4097 1483 4178; x_wconf 83' lang='lat' dir='ltr'><strong>magis</strong></span> 
     </span>
     <span class='ocr_line' id='line_1_43' title="bbox 134 4180 1485 4356; baseline 0.001 -20"><span class='ocrx_word' id='word_1_376' title='bbox 134 4180 1485 4356; x_wconf 60' lang='lat' dir='ltr'><strong>thrstertuitlittlttttotttfflt„tttttttttf</strong></span> 
     </span>
     <span class='ocr_line' id='line_1_44' title="bbox 134 4355 1393 4445; baseline 0.001 -21"><span class='ocrx_word' id='word_1_377' title='bbox 134 4358 180 4432; x_wconf 87' lang='lat' dir='ltr'><strong>bit</strong></span> <span class='ocrx_word' id='word_1_378' title='bbox 202 4377 292 4444; x_wconf 84' lang='lat' dir='ltr'><strong>quam</strong></span> <span class='ocrx_word' id='word_1_379' title='bbox 313 4357 345 4421; x_wconf 90' lang='lat' dir='ltr'><strong>in</strong></span> <span class='ocrx_word' id='word_1_380' title='bbox 367 4358 437 4435; x_wconf 86' lang='grc' dir='ltr'><strong>ΑΚ,</strong></span> <span class='ocrx_word' id='word_1_381' title='bbox 460 4358 527 4434; x_wconf 88' lang='lat' dir='ltr'><strong>AL,</strong></span> <span class='ocrx_word' id='word_1_382' title='bbox 550 4359 670 4438; x_wconf 83' lang='lat' dir='ltr'><strong>angulis</strong></span> <span class='ocrx_word' id='word_1_383' title='bbox 691 4357 793 4434; x_wconf 87' lang='lat' dir='ltr'><strong>KAV,</strong></span> <span class='ocrx_word' id='word_1_384' title='bbox 816 4357 916 4432; x_wconf 90' lang='lat' dir='ltr'><strong>LAX,</strong></span> <span class='ocrx_word' id='word_1_385' title='bbox 939 4357 990 4440; x_wconf 93' lang='lat' dir='ltr'><strong>qui</strong></span> <span class='ocrx_word' id='word_1_386' title='bbox 1012 4366 1082 4422; x_wconf 90' lang='lat' dir='ltr'><strong>sunt</strong></span> <span class='ocrx_word' id='word_1_387' title='bbox 1104 4359 1134 4422; x_wconf 93' lang='lat' dir='ltr'><strong>in</strong></span> <span class='ocrx_word' id='word_1_388' title='bbox 1157 4361 1256 4423; x_wconf 85' lang='lat' dir='ltr'><strong>Marte</strong></span> <span class='ocrx_word' id='word_1_389' title='bbox 1283 4355 1363 4445; x_wconf 72' lang='lat'><strong>10¹1,</strong></span> <span class='ocrx_word' id='word_1_390' title='bbox 1373 4359 1393 4425; x_wconf 87' lang='lat'><strong>⁰.</strong></span> 
     </span>
    </p>

    <p class='ocr_par' dir='ltr' id='par_1_17' title="bbox 135 4445 1482 4978">
     <span class='ocr_line' id='line_1_45' title="bbox 222 4445 1482 4530; baseline 0.006 -19"><span class='ocrx_word' id='word_1_391' title='bbox 222 4449 274 4514; x_wconf 86' lang='lat' dir='ltr'><strong>Sit</strong></span> <span class='ocrx_word' id='word_1_392' title='bbox 294 4445 387 4528; x_wconf 79' lang='lat' dir='ltr'><strong>igitur</strong></span> <span class='ocrx_word' id='word_1_393' title='bbox 404 4447 470 4529; x_wconf 85' lang='lat' dir='ltr'><strong>jam</strong></span> <span class='ocrx_word' id='word_1_394' title='bbox 484 4447 546 4509; x_wconf 90' lang='lat' dir='ltr'><strong>alia</strong></span> <span class='ocrx_word' id='word_1_395' title='bbox 557 4447 746 4530; x_wconf 88' lang='lat' dir='ltr'><strong>hypothesis,</strong></span> <span class='ocrx_word' id='word_1_396' title='bbox 769 4463 844 4529; x_wconf 90' lang='lat' dir='ltr'><strong>quae</strong></span> <span class='ocrx_word' id='word_1_397' title='bbox 863 4445 950 4518; x_wconf 82' lang='lat' dir='ltr'><strong>nobis</strong></span> <span class='ocrx_word' id='word_1_398' title='bbox 964 4447 1085 4528; x_wconf 90' lang='lat' dir='ltr'><strong>insuper</strong></span> <span class='ocrx_word' id='word_1_399' title='bbox 1101 4449 1192 4511; x_wconf 87' lang='lat' dir='ltr'><strong>etiarn</strong></span> <span class='ocrx_word' id='word_1_400' title='bbox 1211 4448 1309 4512; x_wconf 90' lang='lat' dir='ltr'><strong>lineas</strong></span> <span class='ocrx_word' id='word_1_401' title='bbox 1330 4452 1402 4529; x_wconf 84' lang='grc' dir='ltr'><strong>ΑΚ,</strong></span> <span class='ocrx_word' id='word_1_402' title='bbox 1425 4454 1482 4518; x_wconf 87' lang='lat' dir='ltr'><strong>AL</strong></span> 
     </span>
     <span class='ocr_line' id='line_1_46' title="bbox 136 4535 1482 4621; baseline 0.003 -18"><span class='ocrx_word' id='word_1_403' title='bbox 136 4540 287 4604; x_wconf 85' lang='lat' dir='ltr'><strong>exhibeat</strong></span> <span class='ocrx_word' id='word_1_404' title='bbox 339 4538 473 4602; x_wconf 89' lang='lat' dir='ltr'><strong>Rursum</strong></span> <span class='ocrx_word' id='word_1_405' title='bbox 502 4541 603 4599; x_wconf 88' lang='lat' dir='ltr'><strong>antem</strong></span> <span class='ocrx_word' id='word_1_406' title='bbox 634 4535 736 4598; x_wconf 82' lang='lat' dir='ltr'><strong>variae</strong></span> <span class='ocrx_word' id='word_1_407' title='bbox 768 4551 835 4596; x_wconf 91' lang='lat' dir='ltr'><strong>esse</strong></span> <span class='ocrx_word' id='word_1_408' title='bbox 861 4544 990 4617; x_wconf 90' lang='lat' dir='ltr'><strong>possunt</strong></span> <span class='ocrx_word' id='word_1_409' title='bbox 1020 4536 1217 4620; x_wconf 88' lang='lat' dir='ltr'><strong>hypotheses,</strong></span> <span class='ocrx_word' id='word_1_410' title='bbox 1247 4557 1323 4621; x_wconf 84' lang='lat' dir='ltr'><strong>quae</strong></span> <span class='ocrx_word' id='word_1_411' title='bbox 1353 4541 1385 4603; x_wconf 91' lang='lat' dir='ltr'><strong>id</strong></span> <span class='ocrx_word' id='word_1_412' title='bbox 1413 4543 1482 4607; x_wconf 85' lang='lat' dir='ltr'><strong>effi-</strong></span> 
     </span>
     <span class='ocr_line' id='line_1_47' title="bbox 136 4624 1480 4710; baseline 0.004 -18"><span class='ocrx_word' id='word_1_413' title='bbox 136 4629 225 4694; x_wconf 81' lang='lat' dir='ltr'><strong>ciant</strong></span> <span class='ocrx_word' id='word_1_414' title='bbox 270 4627 352 4692; x_wconf 85' lang='lat' dir='ltr'><strong>Nam</strong></span> <span class='ocrx_word' id='word_1_415' title='bbox 373 4643 531 4708; x_wconf 89' lang='lat' dir='ltr'><strong>possemus</strong></span> <span class='ocrx_word' id='word_1_416' title='bbox 554 4629 729 4688; x_wconf 83' lang='lat' dir='ltr'><strong>connectere</strong></span> <span class='ocrx_word' id='word_1_417' title='bbox 752 4629 872 4705; x_wconf 87' lang='lat' dir='ltr'><strong>puncta,</strong></span> <span class='ocrx_word' id='word_1_418' title='bbox 895 4624 946 4688; x_wconf 90' lang='lat' dir='ltr'><strong>ubi</strong></span> <span class='ocrx_word' id='word_1_419' title='bbox 963 4625 1033 4702; x_wconf 84' lang='lat' dir='ltr'><strong>AR,</strong></span> <span class='ocrx_word' id='word_1_420' title='bbox 1056 4625 1115 4690; x_wconf 90' lang='lat' dir='ltr'><strong>AL</strong></span> <span class='ocrx_word' id='word_1_421' title='bbox 1137 4633 1241 4690; x_wconf 90' lang='lat' dir='ltr'><strong>secant</strong></span> <span class='ocrx_word' id='word_1_422' title='bbox 1255 4627 1397 4694; x_wconf 88' lang='lat' dir='ltr'><strong>circulum</strong></span> <span class='ocrx_word' id='word_1_423' title='bbox 1416 4631 1480 4710; x_wconf 91' lang='grc' dir='ltr'><strong>ΟΡ,</strong></span> 
     </span>
     <span class='ocr_line' id='line_1_48' title="bbox 136 4702 1480 4804; baseline -0.001 -18"><span class='ocrx_word' id='word_1_424' title='bbox 136 4727 168 4786; x_wconf 80' lang='lat' dir='ltr'><strong>et</strong></span> <span class='ocrx_word' id='word_1_425' title='bbox 187 4715 241 4782; x_wconf 82' lang='lat' dir='ltr'><strong>ubi</strong></span> <span class='ocrx_word' id='word_1_426' title='bbox 262 4717 339 4780; x_wconf 84' lang='lat' dir='ltr'><strong>haec</strong></span> <span class='ocrx_word' id='word_1_427' title='bbox 360 4722 446 4780; x_wconf 87' lang='lat' dir='ltr'><strong>recta</strong></span> <span class='ocrx_word' id='word_1_428' title='bbox 468 4720 554 4778; x_wconf 88' lang='lat' dir='ltr'><strong>secat</strong></span> <span class='ocrx_word' id='word_1_429' title='bbox 574 4702 689 4778; x_wconf 81' lang='lat' dir='ltr'><strong>rectam</strong></span> <span class='ocrx_word' id='word_1_430' title='bbox 710 4713 781 4790; x_wconf 82' lang='lat' dir='ltr'><strong>MP,</strong></span> <span class='ocrx_word' id='word_1_431' title='bbox 802 4710 846 4775; x_wconf 91' lang='lat' dir='ltr'><strong>ibi</strong></span> <span class='ocrx_word' id='word_1_432' title='bbox 865 4730 978 4795; x_wconf 91' lang='lat' dir='ltr'><strong>ponere</strong></span> <span class='ocrx_word' id='word_1_433' title='bbox 1000 4733 1157 4796; x_wconf 89' lang='lat' dir='ltr'><strong>possemus</strong></span> <span class='ocrx_word' id='word_1_434' title='bbox 1178 4723 1321 4798; x_wconf 88' lang='lat' dir='ltr'><strong>punctum</strong></span> <span class='ocrx_word' id='word_1_435' title='bbox 1343 4721 1480 4804; x_wconf 83' lang='lat' dir='ltr'><strong>aequali-</strong></span> 
     </span>
     <span class='ocr_line' id='line_1_49' title="bbox 135 4801 1480 4886; baseline 0.001 -14"><span class='ocrx_word' id='word_1_436' title='bbox 135 4807 209 4872; x_wconf 85' lang='lat' dir='ltr'><strong>tatis</strong></span> <span class='ocrx_word' id='word_1_437' title='bbox 240 4811 341 4870; x_wconf 86' lang='lat' dir='ltr'><strong>motus</strong></span> <span class='ocrx_word' id='word_1_438' title='bbox 364 4804 468 4868; x_wconf 88' lang='lat' dir='ltr'><strong>circuli</strong></span> <span class='ocrx_word' id='word_1_439' title='bbox 489 4802 563 4878; x_wconf 89' lang='grc' dir='ltr'><strong>ΟΡ,</strong></span> <span class='ocrx_word' id='word_1_440' title='bbox 590 4801 634 4867; x_wconf 92' lang='lat' dir='ltr'><strong>sio</strong></span> <span class='ocrx_word' id='word_1_441' title='bbox 664 4811 700 4867; x_wconf 90' lang='lat' dir='ltr'><strong>ut</strong></span> <span class='ocrx_word' id='word_1_442' title='bbox 720 4809 819 4866; x_wconf 90' lang='lat' dir='ltr'><strong>motus</strong></span> <span class='ocrx_word' id='word_1_443' title='bbox 842 4801 947 4866; x_wconf 76' lang='lat' dir='ltr'><strong>ohenli</strong></span> <span class='ocrx_word' id='word_1_444' title='bbox 967 4803 1022 4869; x_wconf 91' lang='grc' dir='ltr'><strong>ΟΡ</strong></span> <span class='ocrx_word' id='word_1_445' title='bbox 1044 4804 1098 4866; x_wconf 82' lang='lat' dir='ltr'><strong>flat</strong></span> <span class='ocrx_word' id='word_1_446' title='bbox 1121 4801 1290 4886; x_wconf 88' lang='lat' dir='ltr'><strong>inaequalis</strong></span> <span class='ocrx_word' id='word_1_447' title='bbox 1297 4826 1308 4883; x_wconf 80' lang='lat'><em>3</em></span> <span class='ocrx_word' id='word_1_448' title='bbox 1330 4815 1400 4873; x_wconf 90' lang='lat' dir='ltr'><strong>tunc</strong></span> <span class='ocrx_word' id='word_1_449' title='bbox 1424 4811 1480 4874; x_wconf 91' lang='lat' dir='ltr'><strong>ob·</strong></span> 
     </span>
     <span class='ocr_line' id='line_1_50' title="bbox 136 4889 1478 4978; baseline 0.001 -16"><span class='ocrx_word' id='word_1_450' title='bbox 136 4895 301 4962; x_wconf 86' lang='lat' dir='ltr'><strong>tineremus</strong></span> <span class='ocrx_word' id='word_1_451' title='bbox 323 4892 416 4959; x_wconf 82' lang='lat' dir='ltr'><strong>etiem</strong></span> <span class='ocrx_word' id='word_1_452' title='bbox 436 4891 533 4957; x_wconf 81' lang='lat' dir='ltr'><strong>huces</strong></span> <span class='ocrx_word' id='word_1_453' title='bbox 555 4890 625 4970; x_wconf 77' lang='grc' dir='ltr'><strong>ΔΚ,</strong></span> <span class='ocrx_word' id='word_1_454' title='bbox 648 4891 714 4960; x_wconf 86' lang='lat' dir='ltr'><strong>AL.</strong></span> <span class='ocrx_word' id='word_1_455' title='bbox 760 4889 824 4956; x_wconf 80' lang='lat' dir='ltr'><strong>Sed</strong></span> <span class='ocrx_word' id='word_1_456' title='bbox 845 4889 916 4974; x_wconf 84' lang='lat' dir='ltr'><strong>quia</strong></span> <span class='ocrx_word' id='word_1_457' title='bbox 937 4890 1043 4974; x_wconf 78' lang='lat' dir='ltr'><strong>genius</strong></span> <span class='ocrx_word' id='word_1_458' title='bbox 1065 4889 1185 4975; x_wconf 85' lang='lat' dir='ltr'><strong>quidam</strong></span> <span class='ocrx_word' id='word_1_459' title='bbox 1206 4911 1263 4959; x_wconf 89' lang='lat' dir='ltr'><strong>nos</strong></span> <span class='ocrx_word' id='word_1_460' title='bbox 1278 4895 1381 4978; x_wconf 87' lang='lat' dir='ltr'><strong>jubet,</strong></span> <span class='ocrx_word' id='word_1_461' title='bbox 1404 4900 1478 4964; x_wconf 91' lang='lat' dir='ltr'><strong>sim-</strong></span> 
     </span>
    </p>
   </div>
   <div class='ocr_carea' id='block_1_9' title="bbox 0 0 1774 5534">
    <p class='ocr_par' dir='ltr' id='par_1_18' title="bbox 0 0 1774 5534">
     <span class='ocr_line' id='line_1_51' title="bbox 0 0 1774 5534; baseline 0 0"><span class='ocrx_word' id='word_1_462' title='bbox 0 0 1774 5534; x_wconf 95' lang='lat' dir='ltr'><strong> </strong></span> 
     </span>
    </p>
   </div>
  </div>
 </body>
</html>
