3604 5534
834 271 875 324 De
892 269 1000 324 Metr'ons
1018 266 1111 321 Stellae
1128 263 1215 318 Martis

1281 438 1465 513 tralaturus,
1511 436 1689 518 planetarum

1279 525 1520 594 eccentricitates
1541 531 1689 604 compnta-

1279 620 1324 681 vit
1346 638 1405 680 non
1425 637 1477 678 as
1498 613 1580 690 Sele,
1603 615 1690 676 seda

1280 711 1299 786 β
1328 714 1431 769 centm
1460 705 1620 778 aestimato
1642 721 1689 764 aa·

1281 795 1436 877 qualitatis
1459 813 1562 858 cursus
1578 794 1690 856 Terras.

1280 884 1408 948 Eduotis
1426 883 1503 946 enim
1517 883 1604 946 lineis
1615 900 1654 942 ex
1666 881 1690 960 β,

1279 983 1384 1054 Utpote
1407 976 1455 1054 βγυ
1470 975 1522 1051 ssv,
1545 974 1599 1050 βσυ
1623 989 1690 1051 quo*

1280 1065 1339 1127 ties
1362 1063 1488 1144 planeta
1510 1068 1542 1124 et
1555 1062 1646 1123 Terra
1664 1060 1692 1121 in

1280 1155 1336 1216 has
1378 1151 1530 1226 incident,
1577 1149 1693 1231 plancta

1282 1242 1505 1323 supponebatur
1516 1241 1633 1332 expuisse
1647 1257 1692 1299 se-

1282 1332 1409 1396 cundam
1445 1328 1693 1412 inaequalitatem,

1233 1426 1236 1435 “
1283 1441 1359 1504 quac
1374 1416 1693 1484 eisccidebatratione

1237 1582 1238 1585 ,
1281 1517 1380 1577 motus
1390 1509 1511 1584 Terrae,
1527 1515 1562 1571 ut
1574 1508 1600 1570 si
1611 1508 1695 1569 Terra

1281 1601 1312 1664 in
1344 1622 1362 1662 υ
1397 1605 1540 1662 versante
1582 1597 1696 1677 planeta

1264 1688 1472 1752 inveniretur·
1496 1688 1526 1750 in
1559 1687 1696 1764 linealis

1281 1779 1437 1861 producta.

1371 1869 1465 1930 Porro
1500 1865 1559 1928 hac
1587 1863 1695 1928 ratione

1284 1955 1469 2038 Gopersicns
1509 1954 1607 2016 visum
1649 1971 1697 2032 per

1283 2047 1434 2115 fictionem
1469 2045 1499 2107 in
1539 2048 1648 2125 puncto
1679 2041 1697 2119 β

1192 2189 1194 2210 ,
1284 2135 1453 2198 collocavit.
1538 2130 1696 2196 Dummodo

1283 2243 1411 2306 namque
1446 2224 1574 2305 planeta
1605 2221 1645 2284 sit
1671 2217 1697 2280 in

1284 2315 1365 2378 linea
1386 2316 1446 2392 βυ,
1476 2311 1552 2375 nihil
1580 2311 1698 2374 interest

1283 2405 1323 2466 ad
1373 2401 1590 2484 designandum
1639 2399 1696 2478 ejus

1281 2493 1384 2564 locum
1400 2495 1456 2558 sub
1478 2495 1556 2572 fixis,
1580 2497 1642 2560 sive
1664 2513 1697 2558 ex

1281 2608 1301 2646 σ
1323 2584 1509 2666 adspiciatnr
1524 2587 1591 2649 sive
1613 2603 1649 2647 ex
1668 2587 1694 2660 β.

494 2758 527 2774 ..
1252 2699 1254 2712 ·
1281 2675 1396 2736 Eadem
1420 2676 1456 2736 de
1476 2674 1565 2739 lineis
1589 2677 1633 2756 βγ,
1654 2676 1696 2753 βσ

358 2768 390 2823 et
421 2761 545 2823 infinitis
575 2761 643 2824 aliis
671 2763 702 2824 in
734 2765 1020 2840 &concurrentibus
1044 2785 1113 2827 vere
1138 2766 1197 2829 dici
1221 2769 1357 2846 possunt.
1407 2763 1488 2844 Ergo
1512 2772 1653 2845 punctum
1679 2765 1696 2840 β

359 2857 409 2914 est
431 2869 593 2918 concursus
616 2851 762 2914 linearum
786 2853 961 2916 visoriarum
986 2856 1116 2918 omnium
1140 2857 1237 2918 etsie
1261 2865 1415 2917 commune
1436 2863 1581 2934 punctnm
1605 2855 1697 2916 fictum

358 2938 507 3002 visionum
532 2940 678 3003 omnium:
703 2961 735 3004 re
751 2961 824 3004 vera
846 2951 946 3009 autem
960 2945 1048 3019 visio,
1073 2945 1130 3006 hoc
1147 2954 1195 3006 est
1209 2945 1311 3006 Tellus
1327 2943 1504 3005 domicilium
1524 2952 1658 3006 nostrum
1671 2943 1695 3002 in

360 3029 460 3092 circuli
489 3051 551 3109 cyo
583 3031 654 3093 aliis
691 3039 781 3112 atque
811 3033 879 3095 aliis
908 3034 1028 3113 punctis
1058 3034 1209 3098 invenitur
1239 3033 1366 3096 diversis
1389 3032 1584 3112 temporibus.
1631 3029 1695 3095 Gum

358 3119 452 3201 igitur
475 3119 680 3182 existimasset
691 3120 884 3210 Cepern'icns,
910 3121 1194 3204 liberariplanetam
1213 3122 1429 3204 inaequalitate
1446 3123 1580 3185 secunda
1590 3121 1695 3204 quoties

359 3211 453 3271 Terra
484 3217 527 3270 et·
547 3210 672 3290 planeta
701 3211 904 3273 invenirentur
926 3212 956 3274 in
989 3233 1048 3274 una
1072 3214 1173 3293 aliqua
1196 3213 1275 3276 linea
1299 3232 1336 3274 ex
1359 3213 1378 3288 β
1401 3217 1540 3287 exeunte,
1566 3213 1695 3292 planetae

328 3346 332 3356 .
359 3298 427 3360 loca
449 3299 517 3360 visa
541 3287 596 3359 sub
625 3299 692 3362 fixis
721 3301 759 3361 ad
784 3319 821 3360 ea
844 3310 995 3363 momenta
1020 3303 1238 3382 oppositionum
1261 3303 1492 3381 planetae.cum
1515 3301 1616 3362 medio
1639 3301 1695 3362 loco

327 3436 328 3439 η
361 3387 442 3450 Solis
474 3388 679 3450 instrumentis
712 3389 936 3453 mathematicis
959 3391 1127 3480 indagavit.
1173 3391 1298 3452 Invento
1323 3391 1402 3451 enim
1425 3391 1490 3454 loco
1513 3390 1653 3470 planetae
1673 3389 1698 3447 in

361 3475 463 3557 aliqua
499 3478 631 3538 noctium
667 3477 748 3540 circa
781 3479 999 3559 oppositionem
1032 3479 1174 3559 planetae
1210 3499 1276 3542 cum
1309 3479 1395 3551 Sole,
1433 3479 1458 3540 si
1491 3486 1563 3542 tunc
1595 3479 1699 3541 medius

362 3563 444 3628 Solis
476 3563 559 3626 locos
591 3585 646 3646 per
674 3568 820 3630 calculum
853 3569 910 3630 fuit
942 3570 1080 3631 inventus
1111 3570 1140 3630 in
1174 3577 1284 3650 puncto
1315 3555 1450 3648 praecise
1482 3569 1637 3649 opposito,
1676 3565 1698 3626 is

361 3654 419 3716 suit
452 3655 593 3738 articulus
618 3659 777 3737 temporis:
812 3658 857 3720 sin
882 3679 919 3718 ea
942 3667 1029 3720 nocte
1054 3649 1157 3721 adhuc'
1183 3659 1333 3720 distarent
1364 3657 1514 3731 nonnihil,
1549 3658 1699 3720 collatione

364 3746 489 3806 duarum
529 3744 578 3806 vel
614 3747 741 3828 plurium
782 3748 914 3809 noctium
954 3756 1143 3830 motuumque
1176 3748 1285 3811 Martis
1326 3754 1358 3809 et
1397 3746 1508 3809 Terrae
1540 3749 1700 3809 diurnorum

362 3833 612 3896 intercedentium
651 3846 778 3899 venatus
815 3845 864 3898 est
901 3837 979 3898 hunc
1015 3836 1112 3922 ipsum
1150 3838 1308 3900 articulum
1334 3836 1479 3916 temporis
1509 3843 1542 3898 et
1568 3843 1702 3916 punctum

363 3943 417 3988 seu
448 3924 563 3993 locum,
605 3943 691 4005 quem
719 3933 838 3988 teneret
865 3946 900 3988 eo
931 3926 1056 3988 articulo
1093 3929 1226 4006 planeta.
1290 3927 1350 3990 Ubi
1385 3925 1441 3987 hoc
1473 3925 1587 3988 factum
1618 3924 1701 3987 toties

364 4023 397 4075 et
425 4013 455 4076 in
487 4020 536 4074 tot
567 4014 640 4076 locis
672 4015 805 4089 zodiaci,
844 4025 915 4098 quot
944 4017 1001 4077 sibi
1036 4017 1157 4095 putavit
1190 4035 1257 4078 esse
1286 4015 1442 4078 necesaria
1471 4017 1520 4088 (nt
1548 4015 1575 4075 si
1598 4015 1702 4076 factum

365 4104 476 4166 fuisset
497 4101 526 4163 in
551 4104 597 4184 βγ,
622 4105 673 4182 βυ,
697 4107 766 4182 βυ),
789 4106 851 4186 jam
874 4125 929 4186 per
950 4106 1026 4167 haec
1049 4107 1171 4168 inventa
1192 4107 1334 4186 planetae
1359 4105 1425 4167 loca
1443 4105 1489 4184 βγ,
1513 4105 1565 4182 βυ,
1589 4105 1633 4182 βσ
1653 4099 1702 4164 sub

364 4193 433 4255 fixis
457 4212 510 4255 seu
534 4193 568 4254 in
586 4194 709 4256 zodiaco
733 4195 833 4276 coepit
860 4198 972 4258 artilex
1000 4195 1183 4276 investigare
1215 4193 1442 4276 inaequalitatis
1469 4193 1583 4274 primae
1611 4195 1701 4274 hypo-

367 4284 482 4358 thesin,
521 4292 634 4362 quanta
668 4285 805 4346 nimirum
840 4296 923 4349 esset
956 4286 1165 4348 eccentricitas
1195 4285 1355 4366 planetarii
1388 4283 1490 4346 circuli
1520 4305 1539 4346 a
1570 4285 1701 4361 suscepto

367 4380 476 4453 puncto
500 4373 521 4450 β
544 4380 575 4434 et
597 4373 626 4433 in
652 4391 725 4453 quas
749 4373 864 4436 zodiaci
887 4384 990 4456 partes
1013 4383 1152 4455 vergeret
1176 4391 1351 4456 apogaeum,
1377 4373 1559 4453 comparatis
1582 4372 1628 4434 his
1650 4389 1701 4430 an-

368 4462 456 4542 gulis,
481 4479 554 4541 qnos
578 4461 644 4523 loca
659 4461 845 4541 deprehensa
868 4466 1088 4528 conformarent
1112 4465 1140 4527 in
1164 4466 1185 4543 β
1207 4473 1309 4526 centro
1333 4463 1415 4524 visus
1438 4481 1504 4526 cum
1527 4460 1703 4544 temporibus

368 4551 630 4614 intercedentibus.
677 4546 853 4614 Methodum
878 4561 978 4616 antem
1001 4553 1085 4635 hujus
1110 4554 1222 4633 negotii
1249 4554 1329 4616 inira
1351 4571 1406 4615 sno
1429 4552 1494 4614 loco
1517 4551 1701 4632 patefaciam.

456 4641 532 4742 Esto
561 4641 638 4721 jam·
658 4641 795 4703 confecta
823 4645 993 4722 pragmatia
1017 4653 1048 4705 et
1070 4645 1199 4724 prodeat
1230 4643 1310 4706 linea
1341 4642 1478 4724 apsidum
1502 4641 1631 4718 eccentri
1652 4629 1702 4717 p'e,

372 4730 585 4794 ecceutrrcitas
607 4731 710 4810 puncti
734 4732 901 4811 aequatcrii
924 4735 980 4812 ββ,
1014 4744 1148 4797 centrum
1173 4733 1331 4798 eccentrici
1354 4734 1385 4795 in
1408 4731 1464 4794 hac
1487 4731 1566 4795 linea
1588 4731 1703 4811 ejusque
