3582 5558
329 273 373 344 82
746 275 846 328 literae
864 273 964 341 Keplerr'
983 274 1132 341 aliorumque
1150 279 1251 326 mutuae

330 473 421 540 super
443 475 544 521 arcum
566 451 610 519 10
623 473 687 532 ,seu
710 453 776 534 ejnr
799 454 939 536 angulum
966 454 1126 535 genuinum
1148 451 1218 516 11³0
1242 471 1295 516 seu
1317 453 1439 535 planum
1461 449 1549 523 11³0.
1574 451 1618 516 sic
1639 457 1674 516 ut

331 547 498 612 anomaliae
521 544 658 626 simplici,
682 563 758 624 quae
776 550 1021 624 repraesentatur
1037 544 1127 626 plano
1142 541 1225 618 IHO,
1250 543 1432 624 respondeat
1448 543 1484 606 de
1505 543 1674 606 eecentrico

330 636 376 701 10
399 655 486 699 mons
509 654 562 698 seu
583 631 653 697 IPO
677 633 819 712 angulus,
851 635 889 695 de
913 640 1039 713 aspectu
1065 651 1136 695 vero
1160 631 1234 695 ΙΗΟ
1268 632 1404 712 angulus.
1449 635 1534 696 Haec
1558 631 1585 694 si
1609 631 1675 712 quis

333 725 493 804 diligenter
515 725 554 786 ad
577 722 723 786 calculum
745 729 877 796 revocat,
902 722 929 784 is
947 723 1088 796 inveniet,
1114 723 1192 785 sicut
1214 742 1247 785 se
1269 721 1363 784 babet
1385 723 1512 804 angulus
1526 719 1612 783 POH
1637 719 1677 782 ad

332 809 414 879 360⁰
436 815 478 876 sic
502 833 535 875 se
558 813 669 876 habere
690 831 779 892 quam
801 813 935 893 proxime
958 831 1060 874 aream
1074 809 1144 875 1Ρο
1164 810 1204 873 ad
1226 811 1378 883 circulum,
1402 813 1452 892 qni
1467 817 1678 892 repraesentat

331 905 437 966 iterum
468 903 646 965 anomaliam
679 896 769 964 360⁰.
817 900 918 973 Quare
947 901 975 963 in
1008 900 1065 964 hae
1096 901 1258 984 hypothesi
1286 901 1413 982 physion
1443 919 1508 963 cum
1540 900 1677 982 perlecto

333 991 442 1057 circulo
467 992 593 1072 angulus
617 990 805 1071 aequatiouis
828 1000 860 1052 et
874 1009 946 1052 area
968 989 1110 1070 trianguli
1135 991 1180 1052 sui
1199 990 1229 1052 in
1248 991 1305 1076 bac
1329 990 1426 1052 forma
1447 989 1572 1073 physica
1587 1007 1676 1070 quam

330 1081 464 1164 proxime
496 1081 611 1143 faciunt
640 1080 778 1161 aequalia
808 1081 942 1160 adeoque
973 1080 1168 1155 tantundem,
1201 1086 1330 1161 quantus
1360 1087 1421 1142 est·
1438 1080 1564 1160 angulus
1587 1076 1678 1140 BDA

332 1177 400 1246 (rig.
419 1177 465 1242 2¹)
494 1171 565 1244 lere,
589 1169 640 1232 ubi
662 1170 720 1233 BA
742 1169 864 1250 duplum
887 1177 935 1231 est
958 1169 998 1232 ad
1020 1169 1085 1232 ΡΗ.
1129 1169 1212 1248 Ergo
1235 1168 1303 1230 hinc
1331 1169 1365 1232 lit
1388 1169 1558 1250 argumenti
1580 1167 1679 1230 forma

332 1259 422 1322 talis:
452 1257 660 1322 ecceutricitas
687 1259 818 1322 maxima
845 1259 979 1320 serviens
1007 1257 1242 1338 longitudinibus
1271 1259 1431 1322 mediisin
1455 1257 1563 1320 sitibus
1587 1275 1677 1319 acro-

331 1348 447 1452 nychiis
470 1356 519 1410 est
541 1347 725 1410 dimidianda
741 1347 808 1429 (pro
824 1347 930 1410 annuis
948 1347 1162 1429 parallaxibus,
1188 1347 1317 1409 testibus
1332 1347 1520 1438 artificibus).
1557 1347 1677 1409 Eccen-

331 1437 450 1500 tricitas
472 1436 612 1513 maxima,
637 1437 663 1500 si
686 1439 739 1501 fiat
761 1457 869 1500 eausa
866 1437 1069 1518 aequationis
1103 1435 1261 1518 physicae,
1294 1437 1386 1500 etiam
1403 1415 1602 1499 dimidianda
1630 1441 1680 1497 est

333 1527 401 1608 (pro
424 1525 584 1589 reddendis
607 1525 842 1606 longitudinibus
866 1525 972 1589 mediis
996 1527 1135 1606 aequatis
1158 1525 1188 1587 iu
1203 1525 1309 1588 sitibus
1333 1525 1549 1609 aeronychiis).
1594 1524 1679 1604 Ergo

330 1615 458 1698 physica
479 1616 612 1678 serviens
636 1614 823 1698 aoronychiis
851 1616 946 1678 servit
975 1615 1067 1678 etiam
1088 1613 1294 1695 parallaxibus
1318 1623 1349 1679 et
1371 1615 1495 1698 proinde
1519 1633 1595 1678 vera
1618 1619 1678 1676 est.

329 1705 411 1767 Nam
434 1704 589 1768 dimidiata
612 1705 784 1779 (dimidiata
805 1705 836 1767 id
859 1711 908 1768 est
930 1705 1069 1768 bilariam
1093 1703 1252 1785 dispertita
1274 1705 1352 1766 inter
1379 1715 1493 1784 puncta
1515 1703 1679 1786 aequantia

330 1793 461 1857 eccentri
485 1801 515 1858 et
537 1794 632 1856 centri
664 1795 778 1870 mundi)
802 1795 881 1858 sieut
903 1795 934 1857 iu
960 1794 1060 1875 priore
1091 1792 1261 1875 praemissa
1282 1811 1342 1856 non
1365 1793 1459 1857 servit
1488 1792 1680 1877 acronyohiis

332 1881 476 1960 omnibus,
503 1883 642 1967 l'ychone
668 1885 847 1948 observante
870 1884 900 1946 in
923 1885 1024 1946 Marte
1045 1883 1215 1964 praecipue.

418 1972 520 2055 Atque
549 1973 625 2036 haec
652 1974 771 2056 quidem
802 1991 910 2054 magno
933 1992 1000 2035 cum
1023 1973 1132 2054 gaudio
1156 1972 1200 2034 sic
1223 1972 1404 2048 inveneram,
1428 1969 1681 2053 persuasissimus

331 2060 404 2125 nihil
426 2061 531 2125 deesse
555 2062 622 2125 huic
646 2063 887 2128 considerationi.
924 2063 970 2124 Ae
991 2081 1048 2124 non
1065 2069 1202 2143 poteram
1216 2061 1396 2143 acronychia
1415 2061 1484 2124 loca
1505 2060 1536 2122 in
1560 2060 1681 2124 oetavis

332 2150 434 2213 circuli
456 2151 536 2215 intra
560 2149 579 2213 7
603 2150 706 2216 velss‘
729 2151 906 2225 conciliare,
929 2151 956 2213 si
987 2150 1036 2214 vel
1060 2152 1173 2214 centies
1196 2158 1372 2232 repeterem.
1419 2150 1564 2232 Adeoque
1588 2148 1681 2254 plane

332 2239 435 2302 destiti
468 2241 658 2317 existimans,
691 2241 797 2304 vitium
829 2259 896 2303 esse
927 2231 1178 2304 observationum.
1224 2239 1390 2302 Duodecim
1412 2247 1513 2303 mmen
1538 2238 1658 2300 erant
1649 2259 1681 2301 m

328 2336 448 2409 promtu
471 2331 537 2392 loca
560 2331 736 2406 observata3
770 2348 860 2410 saepe
884 2331 923 2392 ad
946 2329 1091 2392 vicariam
1118 2327 1208 2404 redii,
1239 2328 1308 2390 dum
1331 2329 1514 2409 cogitarem,
1538 2327 1622 2390 illam
1642 2347 1683 2389 ex

330 2427 457 2498 quatuor
480 2419 738 2483 observationibus
762 2426 946 2482 exstructam
970 2419 1106 2483 omnibus
1140 2417 1295 2481 duodecim
1325 2425 1464 2481 accurate
1489 2417 1682 2481 satisfacere.

328 2507 453 2570 Interim
472 2508 640 2571 obstabant
662 2509 705 2571 illi
729 2509 901 2590 parallaxes
925 2527 1050 2572 annuae.
1089 2508 1261 2589 Desperata
1282 2526 1332 2570 res
1356 2517 1431 2572 erat.
1470 2510 1543 2589 Ipsa
1564 2507 1681 2587 despe-

330 2598 409 2658 ratio
441 2615 525 2678 spem
557 2598 699 2661 ostendit.
736 2600 858 2661 Manum
874 2596 952 2659 enim
966 2598 1003 2660 de
1016 2597 1122 2661 tabula
1136 2599 1246 2660 tollens
1262 2596 1358 2677 adque
1374 2597 1547 2678 parallaxes
1561 2613 1681 2658 annuas

330 2685 533 2756 transferens,
567 2687 636 2750 dum
667 2687 881 2768 investigarem
913 2687 1135 2768 proportionem
1166 2686 1316 2749 radiorum
1349 2695 1375 2757 d
1410 2695 1443 2749 et
1471 2683 1511 2764 Θ
1545 2685 1610 2760 (vel
1636 2687 1680 2762 ὃ)

332 2775 520 2856 deprehendi,
546 2775 679 2840 mirabile
704 2777 796 2850 dictu,
821 2775 867 2838 IK
890 2781 954 2852 (rig.
975 2781 1021 2846 22)
1044 2783 1107 2838 tam
1131 2776 1251 2856 longam
1270 2795 1347 2850 esse,
1371 2785 1405 2838 ut
1420 2775 1572 2856 descripto
1589 2793 1684 2856 super

331 2864 378 2927 ΙΚ
405 2864 592 2928 semicirculo
621 2865 697 2929 INK
729 2866 815 2928 nimis
847 2865 948 2928 brevis
981 2872 1063 2928 esset
1090 2866 1147 2928 hoo
1179 2865 1249 2928 situ.
1302 2865 1454 2930 Inciderat
1482 2871 1600 2938 autem,
1632 2881 1681 2926 me

330 2953 376 3042 lK
405 2971 461 3034 per
492 2973 599 3036 corpus
624 2951 663 3032 Θ
689 2955 870 3018 descendere
903 2953 1028 3028 iecisse,
1062 2973 1121 3016 nou
1143 2973 1198 3036 per
1220 2955 1349 3018 medium
1381 2955 1479 3016 locum
1503 2950 1561 3032 Θ;
1585 2971 1681 3034 quare

332 3042 462 3122 suspicio
485 3043 598 3120 incidit,
623 3052 734 3125 quanto
757 3043 830 3107 lLK
852 3044 973 3107 deficiat·
996 3065 1015 3106 a
1037 3043 1222 3107 semicirculo
1245 3051 1364 3106 tantum
1378 3043 1455 3107 ΙΟΚ
1471 3061 1681 3106 excessurum:

329 3132 432 3213 itaque
460 3133 566 3212 pedem
598 3133 798 3197 revocandum
822 3153 876 3196 neo
898 3129 1085 3215 alligandum
1107 3140 1263 3203 motum&
1286 3133 1324 3195 ad
1347 3151 1449 3195 verum
1474 3130 1524 3210 Θ.
1566 3131 1685 3198 Statim

331 3221 433 3303 itaque
455 3222 580 3302 probavi
603 3223 759 3305 iuvenique
783 3223 888 3286 eadem
912 3230 943 3286 et
974 3223 1005 3285 in
1032 3223 1128 3286 altero
1159 3223 1359 3298 semicirculo,
1387 3231 1421 3285 ut
1450 3239 1547 3284 vanus
1579 3229 1684 3283 metus

334 3309 423 3372 fuerit
445 3330 573 3392 vereque
596 3314 747 3392 patuerit,
777 3321 802 3384 d
835 3314 874 3374 ad
906 3313 1004 3376 latera
1033 3312 1149 3392 ingredi
1172 3312 1318 3392 utrinque.
1365 3311 1475 3374 lnoidit
1506 3311 1608 3391 itaque
1645 3311 1683 3372 de

333 3398 484 3460 anomalia
497 3401 559 3462 alia
572 3401 750 3483 longitudini
760 3403 817 3465 LH
831 3403 1028 3477 concilianda,
1052 3402 1167 3482 fecique
1181 3399 1256 3463 RHI
1269 3401 1411 3482 angulum
1424 3409 1551 3470 mutum,
1568 3407 1688 3480 quanta

335 3492 402 3549 erat
424 3489 573 3551 anomalia
596 3492 703 3566 media,
728 3509 799 3566 usus
822 3492 879 3554 hac
901 3493 1036 3555 fictione.
1067 3491 1093 3553 si
1115 3488 1190 3561 LQI
1213 3497 1295 3552 esset
1317 3489 1551 3571 transpositus
1542 3509 1574 3552 ru
1597 3488 1687 3562 LHI,

333 3581 396 3637 tum
419 3571 479 3637 RH
502 3584 534 3638 et
552 3578 609 3640 LH
632 3579 693 3640 sint
716 3579 807 3642 futuri
830 3581 971 3661 aequales
995 3582 1125 3661 (fingens
1139 3579 1286 3664 Martem,
1303 3579 1468 3642 numeratis
1492 3578 1577 3660 quasi
1599 3579 1689 3641 circa

332 3663 364 3724 Η
386 3661 487 3726 Solem
511 3666 653 3744 gradibus
676 3667 851 3748 aequalibus
875 3669 1043 3732 anomaliae
1066 3667 1228 3750 simplicis,
1259 3669 1435 3746 tantundem
1458 3667 1583 3771 epicycli
1613 3669 1687 3770 lege

310 3751 391 3824 ,ΕΗ
423 3751 532 3814 lineam
560 3763 677 3818 curtare
706 3776 759 3818 seu
787 3757 826 3818 ad
858 3757 888 3819 Η
918 3759 1126 3832 descendere).
1172 3757 1238 3821 Hoc
1262 3758 1343 3820 lacto
1366 3765 1491 3861 utroque
1522 3757 1553 3819 iu
1585 3759 1687 3820 semi-

335 3840 461 3911 circulo,
494 3835 606 3924 plane
612 3851 715 3908 tantus
740 3845 805 3926 jam
835 3847 976 3928 apparuit
999 3866 1154 3923 excessus,
1187 3855 1314 3928 quantus
1337 3847 1419 3927 prius
1443 3856 1509 3910 erat
1532 3846 1687 3911 delectus.

333 3929 382 3992 Ex
405 3945 462 4012 quo
485 3931 593 4012 patuit,
616 3953 675 3995 nou
697 3934 757 3998 HR
780 3935 834 3998 sed
851 3934 906 3998 HS
929 3943 961 3998 et
975 3935 1032 3999 HL
1055 3955 1122 3998 esse
1147 3932 1305 4019 aequales,¹
1327 3937 1383 3999 hoo
1407 3943 1455 4000 est
1468 3937 1599 3999 Martem
1622 3955 1689 3999 nou

335 4021 496 4084 secuudum
509 4021 582 4085 RHl
600 4023 718 4087 variare
742 4025 916 4088 distantiam
939 4044 1023 4088 suam
1038 4024 1105 4099 ΒΗ,
1128 4027 1182 4088 aed
1206 4027 1368 4090 secundum
1382 4023 1469 4089 SHI.
1493 4025 1537 4088 sie
1561 4031 1688 4088 curtare

334 4109 401 4184 LH,
426 4128 462 4172 ae
482 4109 509 4172 si
530 4111 631 4174 adhue
659 4112 782 4176 dimidia
812 4114 988 4195 aequatione
1011 4115 1133 4178 inferior
1146 4123 1334 4218 spectaretur
1357 4135 1396 4177 ex
1409 4113 1481 4178 Sole
1503 4131 1558 4195 per
1571 4114 1689 4178 lineam

335 4196 399 4270 HS,
422 4198 495 4260 item
510 4219 546 4262 ae
560 4221 587 4262 ιι
578 4201 726 4265 'iecisset
742 4203 810 4284 plus
827 4222 914 4284 quam
929 4205 998 4267 LPI
1012 4203 1181 4306 angulum
1172 4225 1202 4268 m
1225 4203 1402 4280 eccentrioo,
1425 4222 1533 4285 nempe
1557 4203 1690 4268 dimidia

335 4287 514 4390 aequatione
537 4288 615 4352 LPS
638 4292 793 4372 majorem,
827 4313 870 4355 sc.
895 4291 974 4370 SPI,
999 4293 1048 4374 qui
1072 4302 1119 4356 est
1143 4295 1277 4376 aequalis
1300 4292 1391 4368 LQI,
1424 4311 1512 4373 quern
1532 4294 1688 4357 hacteuus

331 4375 478 4455 jussimus
511 4378 689 4442 anomaliam
721 4381 855 4444 mediam·
880 4389 1120 4487 repraesentare.
1171 4383 1223 4446 Sic
1255 4401 1326 4462 ergo
1359 4389 1386 4452 d
1419 4383 1578 4463 dispensat
1608 4403 1688 4446 suas

335 4464 497 4530 distantias
515 4467 569 4544 ffl,
588 4469 654 4546 LH,
668 4469 772 4532 KH'
747 4489 826 4533 circa
842 4468 881 4548 Θ
897 4491 933 4534 ae
956 4471 983 4534 si
1007 4473 1156 4553 aequabili
1179 4480 1260 4535 motu
1274 4471 1394 4535 ciroaP
1411 4481 1547 4534 centrum
1570 4491 1688 4535 scoen-

334 4554 404 4616 trici
428 4556 568 4620 terretur:
594 4567 625 4622 et
638 4577 692 4638 per
706 4559 1051 4641 aequipollentiamdiu
1066 4561 1209 4644 epicyelio
1226 4562 1334 4643 aliquo,
1359 4559 1444 4640 cujus
1458 4562 1689 4627 semidiameter

336 4639 400 4718 ΡΗ,
427 4645 600 4728 aequalibus
623 4649 805 4730 temporibus
825 4650 966 4730 aequales
980 4652 1132 4756 portiones
1147 4649 1284 4725 condeit;
1309 4650 1371 4712 et
1358 4670 1422 4731 Jam
1445 4649 1551 4713 statim
1575 4661 1690 4734 aperta

334 4730 447 4794 mihi
419 4749 469 4795 vra
483 4735 540 4797 fuit
554 4736 593 4797 ad
607 4757 643 4800 ea
657 4757 733 4819 quae
749 4756 840 4818 supra
853 4739 994 4819 praemisi
1009 4746 1042 4803 et
1055 4760 1157 4804 career
1171 4739 1390 4803 dubitationum
1404 4741 1557 4803 reclusus·
1576 4741 1687 4822 itaque

337 4820 553 4884 continuabo
540 4844 619 4907 Jam,
648 4829 724 4914 quod
755 4847 846 4910 supra
872 4846 1049 4909 suspensum
1079 4837 1154 4894 erat.
1202 4827 1235 4895 Si
1264 4830 1415 4912 perfectus
1445 4838 1529 4892 esset
1551 4830 1688 4896 circulus
