3674 5532
287 303 352 372 348
772 306 812 358 De
830 305 939 359 Motibus
958 303 1158 382 statuminis

284 483 343 548 boc
365 501 433 546 esse
461 481 650 558 constiterit,
681 483 854 548 methodum
886 485 993 548 deiude
1024 486 1191 562 docebitis,
1222 505 1283 569 qua
1309 505 1367 548 nou
1399 491 1518 550 tantum
1547 485 1642 550 totius

286 573 407 636 areolae
427 571 505 635 inter
519 579 633 634 rectam
649 570 731 635 CED
747 581 778 634 et
796 593 915 637 curvam
933 575 1017 638 OoD
1033 576 1199 658 quantitas,
1219 595 1306 656 quam
1320 577 1469 640 hacteuus
1484 576 1642 658 aequalem

286 661 350 726 dixi
373 661 494 726 circello
518 660 752 724 ecceutriditatis
777 661 869 736 (duae
893 664 971 727 enim
1004 665 1124 728 lunulae
1155 673 1321 748 aequantur
1343 664 1485 742 circatio,
1511 666 1644 728 ethaeo

287 750 390 814 areola
408 751 474 831 jam
494 751 615 832 ponitur
639 751 730 831 dupla
753 752 791 814 ad
811 772 900 816 uuam
925 754 1081 828 lunulam),
1108 755 1269 816 sedetiam
1294 755 1447 834 quaelibet
1470 756 1535 835 ejus
1558 771 1643 836 pars,

286 839 326 902 ad
358 858 561 921 quamcunque
592 840 695 902 datam
725 840 942 920 longitudinem
974 845 1105 923 partium
1129 841 1197 919 OG,
1223 844 1279 907 CH
1310 853 1511 924 cognoscatur
1539 854 1571 908 et
1602 844 1642 906 ad

286 930 408 1010 planum
431 930 511 992 iuter
535 927 590 992 OD
612 937 644 989 et
666 929 720 991 BB
744 938 942 1009 comparetur.

375 1018 508 1080 Rursum
531 1026 641 1090 autem,
666 1025 699 1078 ut
720 1018 805 1099 prius
837 1039 903 1100 cap.
927 1021 1047 1096 XLVI,
1072 1020 1142 1099 quia
1174 1019 1262 1082 nobis
1284 1039 1340 1101 per
1362 1020 1559 1102 geometriam
1583 1039 1643 1083 oon

285 1115 373 1187 patet
404 1107 481 1170 liber
512 1107 628 1182 exitus,
660 1107 849 1187 paciscamur
878 1128 945 1171 cum
978 1108 1112 1191 despire:
1148 1116 1179 1171 et
1208 1109 1279 1192 quid
1314 1111 1444 1173 mirum?
1476 1129 1542 1173 oum
1574 1110 1645 1190 ipsa

287 1215 353 1278 cap.
376 1196 478 1260 XLV.
503 1204 576 1258 nata
599 1195 709 1275 opinio,
734 1215 810 1276 quae
835 1216 890 1260 uos
914 1198 944 1260 in
967 1199 1025 1261 has
1049 1198 1244 1260 difficultates
1268 1200 1407 1279 conjecit,
1432 1200 1513 1262 falsa
1536 1199 1588 1262 sit.

308 1305 317 1324 ·
374 1287 569 1352 Resamatar
590 1285 697 1368 itaque
718 1286 843 1348 sabana
857 1283 916 1349 98.
962 1289 1088 1366 Quodsi
1105 1286 1241 1371 panum
1259 1291 1329 1362 aot,
1353 1290 1438 1372 quod
1455 1295 1502 1352 est
1523 1287 1642 1365 ooi'des,

281 1375 426 1460 perfecto
448 1382 527 1438 esset
555 1372 694 1456 ellipsis,
728 1375 889 1458 descripta
918 1376 1024 1459 ellipsi
1046 1379 1109 1438 dol
1137 1387 1166 1441 et
1188 1377 1288 1461 plano
1316 1378 1431 1442 circali
1453 1379 1523 1441 ddi
1545 1399 1644 1460 reaper

287 1465 444 1528 commaai
474 1461 613 1546 loapiori
641 1464 797 1527 diametro
827 1467 881 1540 dl,
913 1474 943 1528 et
966 1463 1080 1549 panse
1116 1469 1280 1549 ascopa
1306 1469 1436 1550 piparas
1472 1487 1512 1531 ea
1542 1466 1643 1530 altem

285 1553 384 1618 latere
412 1551 566 1635 loapiorie
594 1552 745 1616 diametri
776 1553 889 1617 divisis
911 1575 972 1636 per
994 1552 1047 1617 ΒΟ
1079 1557 1254 1620 ordinatim
1282 1555 1462 1640 applicatas
1492 1550 1569 1638 (tec
1598 1563 1645 1620 est

283 1640 565 1726 perpaodioalares
587 1642 633 1706 ad
659 1640 833 1725 loapiorem
864 1642 1055 1707 diametrum
1077 1638 1145 1724 dl),
1178 1665 1301 1730 semper
1325 1647 1490 1731 portiones
1521 1644 1646 1728 ellipsis

286 1732 359 1795 rdG
390 1732 435 1794 ad
462 1733 625 1814 portiones
654 1731 768 1794 airardi
798 1731 880 1795 Boc
910 1735 947 1797 ia
973 1735 1084 1796 eadem
1112 1743 1277 1798 manerem
1300 1735 1526 1819 proportione,
1559 1736 1646 1817 qood

286 1821 502 1886 mamaea
530 1821 633 1884 corici
662 1829 823 1896 castores,
855 1829 885 1884 et
905 1822 1112 1889 Archimedes
1134 1825 1174 1886 de
1202 1822 1457 1907 Spbaeroidibas
1480 1844 1575 1912 prop3
1606 1825 1643 1890 V.

285 1918 432 1992 aoarpat.
481 1901 572 1990 litae
593 1911 694 1992 ipitar
714 1930 754 1972 ae
776 1911 902 1990 quidem
925 1932 1005 1993 opas
1031 1919 1111 1974 esset
1139 1914 1313 1996 coproiticae
1338 1912 1437 1997 plaai
1469 1914 1643 1997 om‘sormie.

287 2001 358 2064 Pro
378 1999 476 2082 plaao
500 2001 583 2062 eaim
606 1998 728 2081 ellipsis
748 1997 883 2080 planam
906 1999 1034 2075 circuli,
1065 2009 1096 2064 et
1112 2023 1174 2086 pro
1194 2005 1343 2082 partibas
1372 2001 1496 2086 ellipsis
1526 2000 1648 2066 similes

285 2097 396 2171 partes
419 2087 534 2154 airardi
556 2087 784 2154 adhiberemus.

376 2177 457 2242 Esto
482 2178 545 2239 dci
567 2175 689 2260 ellipsis
704 2181 869 2261 perfecta:
887 2198 1008 2261 param
1030 2181 1113 2242 asim
1136 2181 1175 2241 ab
1198 2197 1238 2244 ea
1265 2181 1393 2262 difform·
1423 2187 1515 2252 elea
1536 2175 1646 2262 clipeo

285 2276 476 2350 punctorum
497 2265 628 2348 ellipsis,
646 2274 730 2348 pata
751 2289 775 2340 r,
800 2267 970 2330 descendat
987 2267 1268 2350 perpendicularis
1288 2271 1326 2333 ia
1343 2273 1392 2346 di,
1417 2290 1498 2351 qaae
1520 2271 1563 2333 sit
1583 2268 1644 2344 rO,

288 2365 320 2420 et
341 2355 555 2430 omstiaaelar,
579 2355 683 2418 donec
710 2364 793 2418 secet
821 2355 977 2419 circadam
997 2358 1034 2420 ia
1055 2357 1091 2430 B,
1116 2365 1146 2420 et
1175 2366 1398 2429 consectaretur
1420 2359 1457 2430 B,
1480 2381 1497 2420 r
1519 2377 1591 2422 cam
1613 2379 1644 2419 a.

291 2447 380 2524 Quia
402 2464 486 2527 erpo,
509 2451 545 2506 at
566 2444 616 2522 βφ
638 2443 684 2505 ad
706 2441 748 2520 βξ
769 2446 816 2507 εἰε
839 2443 892 2506 ΟΒ
916 2444 966 2508 ad·
985 2443 1041 2519 Or,
1066 2464 1106 2508 ea
1127 2450 1345 2530 suppositione
1365 2449 1527 2531 perfectae
1549 2445 1645 2530 ellip-

288 2553 359 2597 seos
387 2541 419 2596 et
441 2551 535 2615 prop.
568 2529 602 2596 V.
628 2531 885 2614 Sphaeroideoa:
915 2541 945 2596 et
973 2553 1044 2595 cem
1073 2542 1109 2598 at
1137 2534 1192 2600 Bo
1223 2538 1268 2600 ad
1291 2534 1348 2611 Or,
1377 2539 1425 2600 sic
1455 2555 1534 2599 area
1559 2535 1643 2600 Boc

127 2589 131 2596 ι
168 2661 174 2672 -
289 2622 335 2685 ad
357 2641 467 2686 aream
488 2617 575 2684 rdG:
610 2627 644 2683 at
671 2621 768 2685 etiam
798 2629 833 2684 at
854 2619 909 2684 Bc
932 2622 977 2684 ad
1001 2619 1047 2684 Cr
1068 2625 1115 2686 sic
1136 2623 1223 2688 Bac
1247 2645 1326 2689 area
1348 2626 1393 2688 ad
1414 2624 1489 2689 raG
1512 2645 1645 2688 arecon:

288 2718 325 2776 at
354 2711 455 2796 ipitar
483 2709 530 2786 βψ
562 2710 607 2772 ad
636 2707 677 2786 βξ
708 2711 754 2774 sic
783 2711 859 2773 aBd
890 2730 969 2774 area
1001 2711 1046 2773 ad
1075 2719 1142 2775 aed
1168 2733 1287 2779 aream
1346 2715 1456 2794 Quare
1481 2712 1645 2798 proposito

288 2807 427 2884 tmpore
450 2799 607 2864 diocesem
628 2797 775 2879 planetae
797 2801 836 2864 ab
859 2802 929 2882 ipso
953 2805 981 2876 d,
1000 2801 1065 2882 flat
1083 2803 1205 2884 primo,
1239 2813 1275 2868 at
1295 2812 1418 2888 tempas
1446 2804 1647 2886 periodicems

289 2890 334 2952 ad
355 2885 380 2950 4
401 2895 516 2961 rectos,
548 2889 595 2950 sic
621 2891 822 2971 propositam
852 2897 975 2971 tempas
997 2891 1043 2953 ad
1071 2890 1224 2974 arpalum
1247 2895 1334 2956 circa
1356 2895 1391 2972 β,
1414 2901 1498 2977 posta
1520 2889 1592 2970 δβζ,
1616 2899 1648 2956 et

290 2985 485 3062 computetur
506 2976 661 3054 distantia
684 2975 734 3053 αζ,
759 2980 812 3042 cai
833 2977 978 3060 aeqrsalis
1000 2987 1047 3043 est
1069 3003 1119 3043 ar.

378 3069 522 3133 Rarsam
536 3067 609 3147 flat,
632 3075 668 3130 at
690 3068 862 3132 dimidiam
883 3077 1006 3150 ternpus
1025 3070 1226 3150 periodicam
1247 3071 1292 3132 ad
1318 3090 1428 3134 aream
1454 3069 1647 3134 senaarodi

290 3160 361 3220 ddi
381 3165 499 3225 aotam
524 3156 571 3218 sio
592 3163 715 3239 tempas
731 3160 933 3240 propositum
959 3158 1066 3246 (cajus
1091 3179 1273 3223 camaram
1297 3161 1366 3242 iarn
1386 3160 1480 3223 modo
1503 3160 1646 3223 dicim
1721 3209 1727 3219 .

290 3267 356 3311 esse
388 3246 497 3320 aliam,
529 3240 582 3319 ὄζ,
614 3265 686 3308 cam
714 3247 870 3310 distantia
892 3244 940 3320 αζ
963 3243 1228 3330 computaretis),
1258 3249 1303 3313 ad
1325 3269 1435 3312 meam
1457 3251 1541 3312 aBd.
1589 3247 1647 3312 Sic

290 3336 387 3400 dalea·
409 3355 496 3398 area.
543 3334 755 3398 Iaoeaieadas
767 3338 841 3422 jam
864 3344 910 3399 est
932 3335 1068 3420 aapalas
1090 3338 1165 3416 de
1186 3345 1307 3410 matres,
1330 3348 1365 3403 at
1387 3341 1478 3403 εἰηειε
1497 3339 1568 3422 ejas
1589 3338 1644 3403 ΒΟ

290 3423 580 3507 multiplicatorem
609 3423 779 3491 dimidiam
808 3427 868 3502 αβ,
898 3426 955 3489 boc
984 3432 1031 3489 est
1061 3434 1098 3490 at
1130 3445 1209 3488 area
1243 3425 1399 3510 loimipali
1428 3428 1508 3506 αΒβ
1534 3427 1646 3511 inacta

214 3517 216 3529 '
291 3515 406 3576 sectori
427 3513 504 3588 de
524 3513 629 3588 saciat
650 3533 806 3576 mmmmm
828 3535 932 3590 areae,
948 3517 1021 3599 pam
1038 3518 1134 3598 prius
1157 3535 1196 3577 ea
1218 3523 1356 3598 tempore
1378 3514 1525 3580 oblatam.
1583 3517 1645 3580 Ubi

290 3602 511 3686 conjectatione
532 3607 561 3663 et
583 3601 695 3682 repala
709 3602 796 3685 falsi
818 3624 898 3685 opas
919 3600 1019 3677 eslii)
1069 3606 1132 3668 Ubi
1153 3604 1228 3682 Ββᾱ
1250 3605 1403 3688 capolim
1422 3605 1531 3689 sicoris
1552 3625 1644 3669 asse-

291 3695 400 3764 cutas,
423 3697 536 3771 postea
562 3689 598 3752 ire
625 3692 788 3773 triaapalo
810 3693 889 3769 Ββα
915 3714 956 3756 ea
983 3691 1099 3775 capelo
1122 3694 1142 3770 β
1165 3701 1195 3756 et
1220 3692 1372 3758 lateribus
1397 3697 1482 3759 noas
1503 3696 1557 3774 ad,
1581 3696 1643 3773 βΒ,

240 3837 243 3846 ,
290 3779 460 3863 insolescet
482 3775 619 3860 mepalae
633 3780 716 3842 Bao.
755 3781 801 3845 Et
823 3782 899 3861 moia
920 3781 1022 3845 scitur
1040 3784 1204 3865 proportio
1219 3784 1268 3845 Br
1282 3783 1327 3845 ad
1341 3782 1406 3859 BC,
1430 3803 1527 3866 quare
1549 3784 1646 3848 etiarn

290 3860 365 3932 Bar
385 3869 537 3940 scibilem·
561 3887 655 3948 eoqae
676 3871 834 3934 asbaaoto
856 3871 987 3934 restabit
1008 3875 1074 3933 rad
1090 3873 1200 3958 jtostas
1226 3871 1362 3956 aepulas
1388 3881 1579 3961 acceptabis
1599 3874 1646 3936 ad

170 4047 171 4050 Ἴ
290 3963 468 4040 sareptam
488 3964 618 4042 tarpeis.

380 4044 531 4130 Eeaapli
560 4065 675 4121 caasa,
705 4047 747 4111 sit
777 4056 813 4111 at
839 4049 936 4132 prius
962 4067 1031 4131 cap.
1060 4047 1201 4112 XLIII.
1236 4047 1400 4114 manate
1428 4051 1553 4126 acedia,
1585 4051 1645 4116 boo

296 4143 343 4200 est
365 4136 542 4218 artificiosa
563 4157 620 4198 sea
641 4138 854 4200 adroaoadca
875 4139 1053 4201 aameratio
1076 4138 1225 4220 temporis
1248 4135 1308 4202 95⁰
1327 4137 1377 4203 18³
1392 4137 1466 4204 idn.
1497 4142 1545 4205 Iit
1566 4142 1646 4223 qaia
1724 4167 1729 4174 ·

294 4221 378 4289 360⁰
390 4223 472 4289 octa
487 4245 597 4289 aream
613 4225 750 4330 perfecti
763 4225 877 4292 cireesli
893 4221 1146 4330 31415926536,
1169 4225 1427 4334 ralelradipilsa·
1441 4224 1644 4350 95018‘28J

295 4311 1646 4492 maestitiamfollere-maoteossttmlttz

295 4487 358 4558 90⁰
378 4494 469 4558 daus
490 4495 540 4570 dd
570 4499 615 4556 est
645 4488 782 4568 100000,
814 4493 870 4574 pai
901 4494 1013 4558 daoass
1041 4495 1077 4558 ia
1108 4493 1278 4559 dimidiam
1306 4497 1566 4562 ecceatrioitaiaa
1587 4499 1644 4576 αβ,

383 4695 409 4764 *)
429 4697 550 4757 Nomius
569 4697 614 4752 hic
634 4700 727 4754 modus
756 4659 901 4769 aequabili.
941 4699 1011 4754 Eum
1032 4699 1103 4754 euim
1129 4701 1225 4755 ultimo
1251 4701 1363 4754 tandem
1388 4701 1510 4756 secuturi
1530 4719 1642 4768 cuman

295 4776 343 4834 ubi
363 4776 525 4841 constiterit,
548 4778 602 4832 iter
623 4781 756 4850 planetae
770 4795 832 4832 esse
852 4779 1003 4848 perfectam
1028 4780 1151 4850 ellipsis,
1173 4779 1281 4837 dimidio
1302 4787 1395 4838 tamea
1413 4781 1570 4853 propiorem
1591 4783 1643 4839 ca»

296 4855 367 4915 calo.
408 4857 475 4913 Solo
495 4857 627 4914 cismatis
646 4858 705 4915 slis
723 4858 850 4916 metbodo
871 4859 1029 4930 quaerendo
1048 4859 1109 4916 crit.
