3604 5534
308 287 374 358 242
792 287 835 345 lle
852 287 960 346 armna
981 291 1075 347 Stellae
1090 287 1181 345 ldutla

306 474 375 552 dine
398 468 499 535 media
514 465 602 560 illius
624 471 683 536 loci
706 471 776 547 (11·
803 469 842 537 9⁰
863 471 932 550 55¹)
960 474 998 538 ab
1020 473 1110 554 hujus
1137 471 1323 553 longitndine
1347 467 1396 547 (5⁸
1426 469 1485 537 14υ
1504 467 1583 548 ὅθ’).
1602 472 1661 534 de-

305 562 501 648 prehenditur
528 564 676 626 interesse
706 559 739 628 6·
765 559 803 626 5⁰
826 559 871 640 δ’,
902 566 972 646 plus
1002 583 1107 644 nempe
1136 563 1276 640 dimidio;
1315 582 1370 644 per
1402 559 1440 627 5⁰
1472 559 1504 626 5¹
1535 563 1663 645 planeta

306 655 399 735 igitur
426 674 445 714 a
471 662 505 740 tp
527 671 581 735 per
607 669 654 712 m
681 651 712 715 in
739 658 877 726 §etanto
899 655 1021 716 brevius
1053 661 1263 716 commoratur.
1317 653 1434 725 Quodsi
1463 653 1532 714 loca
1562 653 1664 714 vicina

307 741 481 824 singulatim
514 743 666 824 expendas
693 749 725 804 et
752 761 840 804 arcus
871 743 1047 825 interjectos
1072 762 1137 805 cum
1159 741 1344 825 temporibus
1368 761 1422 804 seu
1445 743 1573 804 arcubus
1596 736 1681 803 me-'
1724 795 1727 800 r

307 833 376 895 diae
399 832 596 912 longitudinis
618 849 789 913 compares,
813 832 1019 913 deprehendes
1040 833 1196 914 planetam
1218 833 1249 894 in
1272 839 1355 894 certo
1378 839 1410 894 et
1431 851 1490 894 uno
1514 832 1581 895 loeo
1607 832 1662 894 sub

307 923 432 986 zodiaco
474 920 696 996 tardissimum,
747 921 777 983 iu
823 923 963 1004 opposito
999 921 1239 996 velocissimum,
1293 921 1325 984 in
1375 921 1541 1002 interjectis
1592 921 1663 1001 (pro

305 1012 425 1077 ratione
452 1010 686 1096 propinquitatis
718 1009 757 1074 ad
787 1012 979 1088 altemtmm)
1015 1011 1162 1094 paulatim
1194 1030 1312 1074 cursum
1343 1010 1498 1074 intendere
1529 1010 1579 1076 vel
1610 1029 1662 1072 re-

306 1102 436 1167 mittere.
505 1110 510 1118 '

298 1193 303 1208 ¹
395 1191 481 1253 Haec
514 1199 644 1271 arguunt
673 1190 770 1273 primo
789 1199 917 1255 -motum
943 1190 1086 1272 planetae
1124 1189 1276 1272 (quamvis
1304 1187 1472 1270 inaequalis
1500 1192 1663 1270 appareat)

307 1279 552 1344 circulationibns
579 1287 681 1342 tamen
710 1281 928 1356 administrari,
962 1299 1084 1363 quarum
1115 1279 1191 1341 haec
1214 1286 1263 1341 est
1285 1278 1473 1340 successoria
1494 1277 1668 1344 moderatio

306 1378 397 1456 atque
420 1370 452 1432 in
474 1369 554 1431 idem
575 1369 694 1433 reditio.
739 1371 820 1434 Nam
843 1371 870 1433 si
891 1371 1015 1452 planeta
1037 1369 1129 1432 rectis
1152 1369 1241 1431 lineis
1260 1367 1388 1449 angulos
1407 1367 1663 1430 conformantibus

306 1460 463 1527 incederet
495 1458 544 1531 (ut
573 1460 600 1521 si
628 1457 725 1522 latera
748 1459 963 1542 quinquaugnli
985 1455 1219 1541 perambularet,
1243 1457 1274 1520 in
1297 1456 1405 1540 quibus
1427 1456 1663 1537 cogitationibus

307 1550 380 1612 olim
411 1547 479 1623 fui),
517 1566 571 1628 pro
603 1549 721 1611 ratione
753 1549 913 1614 linearum.
929 1549 1090 1632 aliqnando
1115 1547 1216 1610 subita
1238 1549 1324 1610 fieret
1346 1544 1540 1610 commutatio
1563 1553 1663 1609 motus

306 1636 461 1701 celerioris
484 1637 515 1699 in
537 1637 702 1701 tardiorem
724 1640 857 1703 evidenti
880 1639 1067 1714 discrimine,
1096 1638 1185 1720 idque
1208 1657 1268 1700 non
1291 1655 1350 1699 uno
1374 1637 1427 1698 sed
1448 1635 1585 1719 pluribus
1608 1655 1664 1698 ao-

306 1727 386 1792 diaci
408 1726 485 1789 locis
509 1726 697 1808 contingeret
719 1747 773 1810 pro
796 1729 926 1794 latemm
947 1727 1146 1792 multitudine.
1188 1726 1264 1796 Cum
1278 1733 1379 1789 autem
1392 1733 1480 1790 tanta
1494 1726 1664 1807 inaequali-

305 1824 366 1894 tas,
389 1823 461 1898 post
482 1825 628 1880 remotam
650 1815 899 1899 inaequalitatem
922 1838 999 1901 quae
1028 1838 1066 1879 ex
1089 1816 1161 1881 Sole
1184 1809 1489 1897 pendet,'etlamnn1n
1513 1823 1609 1877 restet
1632 1815 1664 1878 iu

304 1915 389 1970 motu
411 1907 567 1987 planetae:
584 1925 670 1988 ergo
700 1907 846 1990 simplicis
877 1908 981 1977 circuli
1003 1907 1152 1989 positione
1177 1906 1277 1986 (cuius
1300 1905 1332 1967 in
1355 1912 1458 1967 centro
1480 1905 1565 1968 risus
1587 1923 1663 1968 con·
1718 1971 1724 1982 ,

307 1996 466 2070 stituatur)
494 1995 545 2057 vel
575 1997 780 2061 administrari
810 1998 859 2060 vel
882 1996 1083 2060 demonstrari
1098 2015 1163 2059 ›uon
1187 1995 1328 2076 poterit..
1354 1995 1464 2068 Potest
1486 2002 1587 2057 autem
1609 2013 1665 2078 per

307 2083 557 2167 compositionem
578 2086 708 2167 plurium
727 2087 906 2151 circulorum
929 2087 978 2148 vel
1001 2087 1087 2168 quasi
1111 2087 1160 2158 (ut
1177 2085 1369 2147 Ptolemaeus
1391 2083 1468 2146 libro
1490 2083 1546 2146 III.
1570 2098 1664 2167 prae-

310 2176 419 2251 misit),
453 2175 541 2256 idque
575 2176 692 2240 duobus
723 2177 820 2240 modis
844 2196 933 2258 quam
965 2173 1187 2256 simplicissime
1195 2175 1219 2234 :f
1233 2173 1282 2235 vel
1306 2172 1465 2236 eccentrici
1489 2172 1592 2239 eirculi
1615 2173 1665 2236 rel

305 2264 573 2346 concentrepicycli
596 2266 800 2344 usurpatione.

389 2362 498 2441 Elegit
507 2374 511 2384 ·
520 2356 621 2442 itaque
636 2362 830 2425 Ptolemaeus
846 2361 1044 2424 eccentrioum
1059 2379 1113 2441 pro
1126 2346 1224 2442 prima
1237 2358 1464 2442 inaequalitate,
1488 2357 1664 2424 distinctio·
1679 2415 1684 2422 .

305 2452 354 2514 nis
376 2458 409 2511 et
431 2456 539 2530 captus
558 2450 686 2528 juvandi
709 2470 811 2527 cansa,
835 2471 871 2514 eo
896 2452 976 2534 quod
999 2450 1151 2533 epioyclus
1174 2449 1323 2514 secundae
1346 2449 1557 2534 inaequalitati
1580 2457 1666 2514 esset

304 2539 506 2602 necessarius.
552 2538 670 2602 Deinde
694 2541 750 2603 hoc
773 2542 915 2623 generale
939 2541 1051 2630 dictum
1074 2539 1227 2603 mminans
1255 2549 1348 2621 negat
1376 2541 1488 2602 nudum
1515 2541 1666 2602 eccentri-

306 2647 373 2691 cum
400 2626 537 2709 planetis.
557 2628 705 2691 sufficere.
759 2631 840 2693 Nam
868 2638 1027 2712 postquam
1056 2629 1161 2692 crebro
1184 2630 1375 2712 expenderit,
1407 2629 1479 2711 quid
1501 2630 1565 2692 fieri
1588 2649 1665 2692 con-

306 2725 483 2782 sentaneum
513 2717 569 2793 sit,
603 2715 857 2784 'circumeuntibus
888 2718 949 2782 und
976 2719 1109 2801 epieyclo
1131 2739 1186 2802 pro
1211 2720 1343 2784 secunda
1366 2715 1404 2780 et
1418 2719 1585 2782 eccentrico
1608 2738 1665 2800 pro

305 2807 403 2892 prima
425 2805 640 2887 inaequalitate
664 2807 826 2884 salvanda,
851 2807 973 2872 collatis
997 2805 1260 2871 observationibus
1282 2807 1470 2890 apparuisse,
1494 2810 1573 2890 quod
1596 2810 1665 2888 epi-

306 2897 384 2979 eycli
412 2903 547 2958 centrum
568 2895 663 2960 multo
685 2900 809 2980 propius
833 2900 960 2962 accedat
982 2900 1022 2961 ad
1044 2901 1170 2962 Terram
1193 2899 1224 2961 in
1247 2915 1400 2978 apogaeo,
1422 2896 1543 2979 longius
1565 2898 1665 2979 fugiat

305 2988 338 3049 in
360 2984 514 3066 perigaeo‚
538 3005 627 3067 quam
651 2986 779 3068 simplex
803 2988 988 3051 eccentricus
1010 2987 1073 3063 ille,
1097 2989 1147 3070 qni
1169 2987 1298 3068 primam
1310 2987 1557 3068 inaequalitatem
1571 3007 1664 3072 prae-

307 3083 381 3151 stat,
403 3073 553 3156 patiatur:
585 3075 655 3139 hino
686 3077 826 3140 continuo
850 3094 988 3140 sermone
1012 3075 1161 3140 delabitur
1183 3076 1222 3138 ad
1241 3095 1415 3162 ⁸mensuram
1438 3077 1537 3157 hujus,
1550 3095 1664 3158 appro-

305 3164 512 3248 pinquationis
534 3164 700 3248 refertque,
725 3187 758 3228 se
782 3167 1038 3248 deprehendisse,
1069 3166 1149 3248 quod
1171 3172 1306 3228 centrum
1329 3167 1395 3246 ejus
1414 3165 1589 3242 eccentrici,
1614 3166 1665 3248 qui

306 3254 434 3336 epicycli
470 3261 606 3318 centrum
635 3256 713 3332 fert,
747 3256 788 3318 sit
816 3257 953 3337 praecise
983 3255 1082 3320 medio
1115 3256 1182 3318 loco
1214 3255 1294 3317 inter
1325 3263 1460 3318 centmm
1491 3255 1577 3320 visus
1610 3263 1673 3319 seu'

307 3346 421 3406 Terrae
452 3350 484 3404 et
513 3353 647 3408 centmm
677 3345 872 3427 aequalitatis
900 3366 953 3409 seu
981 3344 1140 3408 eccentrici
1169 3344 1417 3426 inaequalitatem
1443 3345 1570 3427 primam
1599 3346 1665 3408 sal-

306 3431 419 3534 vantis.
447 3433 530 3582 'iiim
553 3435 618 3496 ulla
639 3434 895 3498 demonstratione
918 3437 1014 3498 allata
1036 3435 1094 3498 hoc
1116 3442 1217 3498 tamen
1240 3434 1387 3516 principio
1401 3435 1507 3498 nititur
1517 3435 1553 3496 in
1566 3434 1666 3499 tribus

309 3539 456 3601 superiori
476 3538 522 3583 us.

400 3607 626 3690 Ooperuicus
651 3609 700 3682 (ut
723 3629 813 3692 saepe
837 3613 929 3686 alias)
949 3611 1002 3676 bic
1025 3632 1140 3696 quoque
1164 3612 1343 3693 magistrum
1364 3612 1507 3694 religiose
1532 3613 1667 3695 sequitur

309 3697 537 3771 accommodata
554 3718 615 3861 pua
637 3701 734 3763 forma
758 3702 798 3763 a'd
819 3701 898 3763 hanc
921 3721 1037 3784 quoqne
1061 3721 1239 3766 mensnram.
1287 3707 1372 3784 (Vide
1393 3713 1495 3768 deboc
1512 3713 1667 3787 marginem

311 3793 348 3846 ad
368 3796 454 3862 caput
474 3790 551 3864 m.
1322 3819 1325 3826 ι

398 3868 435 3932 Id
461 3887 533 3932 vero
566 3890 624 3933 uon
653 3869 801 3934 immerito
829 3871 928 3934 mirati
957 3879 1029 3934 sunt
1051 3872 1216 3936 astronomi
1239 3880 1271 3935 et
1294 3873 1346 3948 (ex
1370 3891 1420 3935 ore
1443 3869 1667 3950 Maestlini)

309 3979 375 4040 ego
395 3977 521 4041 quoque,
537 3959 672 4022 atrides
688 3960 720 4021 in
733 3960 882 4043 Mysterio
898 3960 1154 4042 Oosmograpbico
1170 3981 1234 4043 cap.
1246 3961 1342 4026 XXII
1355 3963 1406 4026 iol.
1423 3959 1464 4026 79
1480 3965 1666 4034 (1111183).

310 4049 452 4113 Getarum
482 4049 562 4130 quod
593 4048 647 4110 illo
675 4049 742 4112 loco
775 4049 861 4112 citati
883 4049 980 4114 libelli
1001 4051 1122 4132 putavi,
1149 4052 1355 4115 Ptolemaeum
1379 4069 1471 4114 caeca
1494 4053 1668 4135 conjectura

309 4157 397 4201 nsum
428 4139 467 4202 ad
496 4138 554 4201 hoc
583 4140 788 4214 statuendum,
825 4140 857 4202 id
889 4159 977 4202 secus
1006 4140 1107 4211 habet.
1164 4140 1270 4204 Potuit
1304 4141 1383 4204 enim
1408 4143 1667 4214 demonstratione

311 4228 426 4320 optima
455 4246 494 4290 ex
524 4227 734 4292 observatione
764 4229 875 4292 idonea
901 4230 932 4292 id
960 4229 1122 4306 evincere,
1137 4239 1172 4294 ut
1193 4231 1273 4293 inira
1295 4231 1526 4309 demonstrab03
1549 4241 1668 4297 tautum

309 4315 368 4382 hoc
394 4317 426 4380 in
453 4317 568 4381 artifice
597 4317 766 4394 desideres,
805 4321 885 4401 quod
913 4321 1140 4384 observationes
1163 4321 1234 4383 illas
1257 4333 1324 4384 enm
1346 4320 1603 4388 demonstratione
1627 4323 1668 4386 ad

309 4416 451 4489 posteros
473 4427 533 4470 non
556 4407 734 4471 transmisit.

401 4495 478 4560 Gum
500 4498 602 4580 itaque
625 4505 696 4560 tuno
719 4496 838 4579 quidem
861 4498 1075 4576 existimarem,
1098 4499 1155 4561 hoo
1177 4521 1250 4580 papa
1264 4501 1328 4562 laea
1345 4497 1456 4578 αἰτημα
1477 4518 1555 4576 esse,
1579 4501 1667 4564 ride·-

311 4605 377 4650 rem
408 4587 502 4650 etiam
532 4607 552 4648 a
575 4585 742 4668 Gopemico
774 4607 833 4650 nou
866 4587 993 4650 obscure
1027 4587 1217 4666 addubitari,
1251 4591 1319 4652 dum
1350 4589 1388 4674 de
1416 4595 1536 4652 mumta
1557 4589 1667 4654 Martis

313 4676 538 4740 eccentrioitate
571 4677 721 4757 disputat,
754 4677 885 4740 numeris
915 4678 980 4758 ejus
1008 4679 1046 4741 ab
1077 4677 1134 4740 bac
1166 4677 1371 4742 dimidiatione
1404 4679 1666 4761 discrepantibus:

313 4765 447 4845 cogitavi
477 4765 514 4829 de
544 4767 704 4844 methodo,
738 4785 815 4850 quae
846 4785 895 4830 me
925 4767 964 4830 ad
995 4768 1218 4852 proportionem
1247 4767 1401 4850 utriusque
1432 4769 1665 4834 eccentrioitatis
