3674 5532
674 297 735 355 Pars
753 301 845 356 Tertia.
883 300 964 370 Caput
981 297 1033 356 XL.
1464 293 1529 373 325
1646 277 1649 290 ⁴
1733 349 1737 357 .

178 463 364 540 tcnchoidea
386 476 590 552 AQRBSLA
612 486 644 541 et
667 479 723 544 GD
753 481 843 562 plane
871 486 954 544 esset
986 479 1121 563 aequalis
1145 471 1259 561 'ligores
1284 477 1402 549 OBBD.
1449 483 1529 548 Nam

178 566 320 628 conchois
353 576 472 630 secaret
494 569 547 632 ΒΒ
580 569 610 630 in
643 568 722 630 linea
743 569 821 644 EA;
855 579 887 632 et
916 571 985 652 quia
1006 572 1064 633 BA
1095 588 1234 649 suprema
1265 580 1297 635 et
1326 572 1428 635 iohma
1461 581 1531 636 sunt

178 655 332 736 aequales,
356 664 387 719 et
400 653 458 740 ΒΩ
480 657 616 738 aequalis
639 657 696 738 ipsi
711 658 775 734 LB,
801 668 832 722 et
844 659 903 722 BR
926 658 982 741 ipsi
996 658 1047 722 SB
1062 659 1136 721 &er
1160 678 1232 740 ergo
1255 661 1366 742 ligurae
1385 659 1531 734 BBRQA

175 752 207 806 et
228 743 366 808 BBALS
390 753 494 808 essent
516 763 683 826 congruae,
716 766 841 826 quarum
874 748 971 810 altera
1001 748 1156 820 delectos,
1189 749 1286 812 altera
1316 768 1457 812 excessus
1482 743 1555 812 est'

174 832 334 913 figurarum
358 830 467 896 CBBE
490 844 523 896 et
544 835 654 897 EBBD
678 836 866 916 aequalium:
898 843 965 898 tota
987 837 1079 917 igitur
1102 837 1198 914 figura
1227 838 1305 901 inter
1328 835 1529 909 AQttBSLa

174 929 206 984 st
238 918 294 985 OD
327 921 384 984 toti
416 921 496 985 inter
517 923 571 986 BB
601 932 633 984 et
657 923 711 988 OD
740 925 875 1005 aequalis
909 933 967 986 est.
1014 927 1120 1006 ltaque
1154 926 1316 1006 spatiolum
1346 928 1425 990 iuter
1453 927 1528 989 duas

173 1010 354 1074 conchoides
378 1008 579 1082 AQRBSLA
594 1021 626 1074 et
640 1013 856 1094 AAAAAAA
871 1015 993 1077 metitur
1016 1032 1173 1076 excessum
1197 1015 1411 1078 distantiarum
1435 1034 1474 1078 ex
1495 1017 1525 1078 A

173 1117 265 1181 super
291 1097 454 1188 distantias
478 1119 516 1162 ex
538 1101 580 1177 B,
610 1101 639 1164 iu
663 1101 843 1184 sequidem
877 1121 1033 1178 mensura,
1065 1104 1095 1166 io
1125 1121 1183 1183 qua
1213 1104 1527 1185 parallelogrammum

172 1189 295 1270 ponitur
318 1189 444 1269 aequale
469 1189 605 1252 omnihus
628 1187 785 1253 distantiis
808 1209 846 1253 ex
868 1193 905 1254 B.

262 1277 305 1340 Et
327 1287 411 1356 nota,
435 1279 515 1360 quod
537 1278 669 1361 spatium
695 1281 753 1344 hoo
768 1300 826 1342 ooo
851 1290 899 1342 est
921 1281 1055 1362 ejusdem
1079 1280 1246 1342 latitudinis
1266 1280 1296 1340 in
1313 1280 1388 1342 locis
1412 1281 1528 1344 alinea

171 1365 232 1429 EA
255 1366 422 1448 aequalimr
445 1367 589 1440 remotis,
622 1369 676 1430 sed
698 1369 778 1432 inira
802 1369 905 1434 latios.
951 1370 1031 1432 Nam
1054 1369 1084 1432 iu
1108 1369 1262 1434 schemate
1292 1369 1429 1434 circulari
1453 1389 1527 1444 ocu,-

172 1454 306 1518 tinuetur
337 1455 425 1519 HBR
453 1456 485 1519 in
508 1456 549 1531 V,
582 1464 616 1519 ut
639 1457 712 1534 ΑΗ,
738 1458 796 1519 AV
831 1459 1036 1538 respondeant
1068 1458 1186 1538 angulis
1210 1457 1294 1518 ΗΒΕ
1327 1459 1472 1539 superiori
1496 1467 1528 1522 et

172 1544 257 1607 FBV
278 1544 414 1608 inferiori
438 1545 615 1626 aequalibus
638 1555 670 1609 et
693 1545 861 1630 aequaliter
884 1567 903 1608 a
925 1545 1033 1608 mediis
1056 1547 1175 1626 punctis
1197 1545 1233 1622 Ε,
1258 1547 1284 1609 F
1307 1547 1439 1610 remotis.
1485 1549 1528 1611 Et

172 1639 277 1696 centra
299 1635 330 1698 A
354 1633 534 1698 diastemate
565 1635 627 1697 AV
659 1653 714 1716 per
739 1635 800 1697 ΑΗ
828 1639 860 1698 et
886 1636 944 1699 BH
976 1654 1064 1698 arcos
1094 1635 1195 1698 circuli
1225 1635 1352 1697 ducator
1374 1635 1445 1699 XY.
1492 1636 1527 1700 Si

172 1741 246 1802 ergo
268 1721 330 1785 AY
353 1722 558 1800 connexueris,
582 1723 641 1788 erit
655 1724 747 1790 AYR
769 1725 859 1804 plane
883 1713 1219 1804 cougronm'triangolo
1242 1724 1354 1788 AVR:
1378 1743 1448 1786 nam
1465 1725 1527 1788 AV

172 1819 205 1874 et
226 1810 288 1874 AY
311 1819 342 1873 et
363 1811 426 1874 AX
449 1819 520 1873 sunt
549 1814 692 1894 aequales
723 1832 761 1874 ex
794 1813 1036 1888 constructione,
1065 1819 1097 1873 et
1123 1812 1293 1892 longiores;
1324 1815 1378 1875 sed
1401 1821 1433 1876 et
1455 1813 1524 1889 VR,

172 1899 233 1963 RY
256 1908 327 1963 sont
355 1902 498 1983 aequales
527 1908 559 1962 et
584 1901 726 1964 minores.
773 1901 821 1970 Ex
843 1909 953 1983 puncto
982 1901 1108 1964 veroH
1140 1910 1228 1962 extra
1257 1901 1527 1970 circumferentiam

171 1987 234 2052 ΧΥ
258 1990 365 2051 dueme
397 1997 467 2052 sunt
499 1990 576 2052 duae
598 1991 662 2052 ΗΧ
688 2010 744 2072 per
773 1998 908 2054 centrum
930 1991 960 2052 A
985 1997 1015 2052 et
1037 1987 1097 2054 ΗΥ
1118 1997 1240 2070 praeter
1271 1998 1420 2061 centrum,
1448 1987 1525 2072 'erge

171 2077 234 2142 ΗΥ
256 2085 305 2140 est
327 2079 443 2158 longior
466 2097 555 2160 qoam
578 2079 657 2156 EX3
680 2079 778 2160 major
801 2097 874 2159 ergo
896 2079 958 2142 AV
983 2079 1030 2141 vel
1053 2079 1117 2144 AX
1146 2085 1274 2158 augetm
1300 2077 1431 2142 breviori
1452 2081 1525 2155 XII,

172 2174 205 2229 et
226 2167 324 2230 minor
346 2167 408 2230 VR
430 2168 478 2229 vel
501 2167 564 2230 RY
584 2176 710 2249 augetur
734 2168 861 2248 longiori
879 2167 939 2230 YII
951 2188 959 2228 ι
984 2175 1015 2229 et
1036 2174 1136 2229 mmen
1159 2175 1227 2230 tots
1248 2167 1308 2230 RH
1329 2175 1432 2231 manet
1455 2169 1525 2232 hre-
1610 2233 1614 2242 ,

171 2255 240 2318 rior
270 2275 360 2340 qoam
389 2263 458 2318 tota
480 2256 550 2320 ΑΗ.
597 2256 680 2337 Ergo
713 2257 884 2322 differentia
906 2256 966 2318 RH
990 2263 1021 2318 et
1051 2257 1113 2319 ΑΗ
1143 2255 1239 2318 minor
1271 2263 1320 2318 est
1355 2256 1526 2320 differentia

170 2343 231 2408 ΒΥ
254 2351 286 2407 et
307 2345 380 2421 AX,
403 2345 461 2408 hoc
484 2353 532 2408 est
556 2345 725 2408 differentia
749 2346 810 2409 VR
828 2354 859 2408 et
874 2347 944 2409 VA.
982 2347 1088 2425 Itaque
1112 2345 1142 2405 in
1166 2345 1330 2408 conchoide
1348 2345 1403 2408 SA
1426 2348 1525 2428 major

170 2441 230 2507 est,
254 2433 314 2496 ΒΔ
337 2435 441 2508 minor,
467 2434 526 2496 etsi
548 2434 682 2510 mmm
704 2436 856 2516 aequales.
892 2435 961 2497 Non
985 2452 1057 2515 ergo
1082 2433 1233 2496 hisecatur
1256 2433 1294 2496 ab
1314 2435 1371 2496 EA
1393 2437 1526 2515 spatium

169 2523 251 2585 iuter
264 2523 340 2584 dues
354 2521 557 2586 coneholdes:
578 2523 699 2586 videtur
721 2533 823 2586 autem
845 2523 974 2586 hiseeari
990 2521 1086 2595 aBB,
1111 2523 1190 2602 quod
1211 2524 1348 2603 exploret
1370 2534 1533 2602 geometra.

169 2611 294 2692 aliquis,
316 2621 348 2674 et
361 2599 576 2676 simuideoeat
595 2613 744 2694 quadrare
765 2612 897 2694 spatium
910 2612 989 2676 inter
1012 2611 1203 2685 conchoides,
1222 2618 1257 2674 ut
1269 2612 1525 2679 numeratiouihus

169 2708 276 2784 aptum
298 2703 361 2764 fiat.
399 2701 483 2780 Infra
506 2719 573 2782 cap.
593 2701 711 2764 XLIII.
736 2701 872 2766 iuvenies
896 2701 1137 2764 aestimationem
1156 2719 1289 2763 crassam
1310 2700 1399 2780 hujus
1422 2703 1523 2783 spatii.

262 2791 346 2852 Haec
359 2790 462 2872 itaque
478 2790 515 2853 de
538 2789 716 2872 physicae
741 2791 980 2872 aequationis
999 2787 1222 2869 compotatione
1238 2781 1424 2869 generaliter
1434 2809 1524 2872 prae-

170 2881 292 2942 mittere
316 2879 411 2956 volui,
436 2887 482 2956 ut,
508 2879 645 2960 quamvis
668 2899 706 2956 ea
732 2880 860 2941 noudum
884 2899 903 2940 a
925 2879 1104 2940 necessariis
1127 2879 1311 2962 geqmatriae
1336 2879 1523 2944 adminiculis
1583 2933 1589 2946 .

115 2979 119 2988 ·
169 2970 250 3032 satis
273 2977 321 3031 est
342 2969 505 3038 iosuueta.
537 2967 593 3030 sed
615 2985 711 3049 oeque
733 2969 804 3031 dom
825 2987 930 3030 ornnes
957 2967 1190 3048 inaequalitates
1211 2968 1402 3048 planetarum
1433 2977 1522 3052 pate·-

169 3058 272 3122 lactae
296 3060 377 3134 (oum
399 3058 577 3138 praesertIm
601 3057 929 3138 praesupposnerimus,
954 3056 1033 3118 viam
1048 3054 1130 3118 Solis
1154 3055 1202 3116 vel
1226 3055 1337 3118 Terrae
1361 3074 1429 3120 esse
1452 3077 1523 3142 per-

170 3149 283 3210 lectum
297 3147 505 3218 conuulsum,
521 3145 600 3229 quod
614 3155 715 3210 tamen
730 3145 809 3210 infra
824 3146 860 3207 de
874 3145 973 3207 Marte
989 3143 1145 3224 negabitur
1160 3163 1226 3225 cap.
1241 3143 1357 3206 XLIV.
1370 3152 1402 3206 et
1411 3145 1521 3222 ΜΠ),

168 3243 353 3299 nontamen
378 3235 498 3298 nimium
522 3237 597 3298 haec
620 3233 799 3317 operatios
822 3255 877 3298 soa
904 3233 1109 3313 speculatione
1137 3233 1305 3314 praemissa
1328 3231 1521 3298 divideretur.

167 3325 250 3390 Nam
268 3325 347 3405 qued
367 3325 516 3389 thecuam
530 3325 613 3388 Solis
635 3325 755 3400 attinet,
778 3324 882 3405 inqua
904 3323 1012 3384 inimus
1035 3322 1182 3392 haetenus
1197 3321 1319 3395 versati,
1344 3320 1417 3387 uihil
1436 3325 1522 3388 nohis

170 3414 375 3480 incommodet
406 3433 502 3494 neque
525 3413 708 3479 couchoidis.
727 3413 820 3494 spatii
852 3412 1018 3492 neglectio,
1051 3429 1109 3492 qua
1138 3410 1233 3476 minus
1261 3411 1346 3490 justo
1370 3411 1522 3490 sumimus,

170 3521 267 3584 neque
290 3503 414 3584 perfecti
438 3503 597 3566 eccentrici
620 3504 775 3578 assumtio,
800 3521 859 3584 qua
881 3501 997 3563 ratione
1021 3499 1172 3562 abundare
1196 3499 1347 3561 videmur:
1370 3499 1402 3562 iu
1426 3519 1523 3584 quau-

170 3601 235 3656 tom
254 3592 320 3673 jem
337 3591 466 3672 judicari
488 3599 594 3672 potest
615 3591 744 3653 nondum
769 3590 906 3652 omnibus
930 3587 1097 3669 explicatis.
1144 3587 1208 3651 Imo
1237 3565 1313 3650 hmo
1343 3588 1399 3652 hoc
1422 3591 1521 3672 capite
1587 3617 1588 3620 ¹

171 3681 228 3743 snb
249 3680 446 3762 paralogismi
468 3689 542 3743 nota
555 3681 680 3762 rejecta,
705 3680 792 3754 inira,
818 3697 886 3741 cum
900 3679 940 3740 ad
962 3677 1150 3742 verissImum
1172 3677 1291 3740 medum
1309 3681 1522 3760 aequationem

171 3771 351 3846 reuanmos,
374 3778 574 3848 resumantur,
605 3769 762 3834 eliminato
786 3769 838 3835 illo
861 3785 899 3831 es
921 3766 1080 3850 hypothesi
1109 3767 1187 3838 ista,
1211 3766 1290 3850 quod
1319 3770 1521 3852 paralogismo

171 3859 258 3924 dedit
280 3859 479 3925 occasionem.
1464 3857 1468 3868 '

263 3945 338 4011 (lom
362 3967 433 4029 ergo
456 3967 580 4012 causam
609 3955 640 4010 et
671 3964 843 4009 mensnram
873 3943 1177 4026 inaequalitatIs
1210 3942 1413 4022 secundae,
1446 3965 1521 4027 qnae

169 4037 312 4119 planetas
335 4037 414 4101 viani
435 4036 641 4111 stationarios,
667 4035 798 4098 directus
821 4041 853 4096 et
875 4032 1067 4113 retrogradus
1091 4029 1227 4107 exhihet,
1260 4047 1314 4111 per
1336 4034 1521 4098 certissimas

171 4125 401 4189 ohservationes
425 4133 456 4189 et
478 4124 750 4190 demonstrationes
772 4123 813 4186 ad
836 4141 964 4203 unguem
987 4120 1209 4202 descripserim,
1233 4126 1365 4198 ostenso,
1390 4125 1467 4206 qued
1491 4131 1522 4188 et

170 4215 241 4297 ipsa
261 4215 338 4280 haec
362 4216 493 4279 secunda
515 4213 716 4295 inaequalitas
738 4211 937 4276 communicet
960 4211 996 4273 de
1018 4209 1236 4291 inaequalitate
1260 4207 1365 4290 prima,
1389 4221 1421 4276 et
1443 4213 1521 4294 quod

170 4303 290 4367 theoria
313 4302 395 4366 Solis
426 4305 476 4368 rel
506 4304 617 4367 Terrae
641 4301 838 4382 (Ocpernieo)
864 4299 914 4363 vel
945 4299 1070 4381 epicycli
1102 4297 1308 4372 (Ptolemaeo)
1341 4299 1447 4364 similis
1480 4303 1522 4364 sit

169 4391 308 4456 theoriae
322 4401 489 4456 ceterorum
510 4393 710 4473 planetamm,
734 4397 766 4452 at
780 4388 882 4451 causis
903 4388 1035 4472 physicis
1057 4386 1145 4466 hujus
1168 4383 1394 4466 inaequalitatis
1408 4389 1520 4470 primae

64 4514 69 4520 ·
170 4481 305 4546 inventis
327 4479 425 4562 adque
454 4481 600 4544 calculum
627 4499 682 4562 pro
715 4477 833 4542 theoria
855 4477 937 4540 Solis
966 4472 1217 4540 accommodetis:
1246 4473 1316 4553 jure
1343 4477 1449 4542 merite
1472 4476 1520 4540 hic

171 4570 328 4636 tertiam
360 4577 523 4650 partem,
557 4570 644 4651 quasi
677 4567 826 4650 quoddam
862 4565 1129 4628 antemeridianum
1166 4579 1310 4642 pensum,
1342 4565 1519 4646 interposito

170 4659 309 4742 prandio,
332 4657 423 4722 hoio:
446 4657 618 4722 succinente
641 4656 714 4720 mihi
736 4651 942 4718 remissionum
965 4652 1055 4716 animi
1077 4649 1241 4730 magistro:

306 4747 399 4810 Pars
430 4752 587 4828 superat
618 4743 765 4826 coepti,
797 4759 888 4822 pars
919 4749 978 4804 est
1009 4740 1190 4803 exhausta
1220 4736 1383 4804 laborisr

400 4833 468 4900 Hie
498 4841 631 4898 teneat
661 4837 814 4897 nostras
845 4829 1008 4894 anchora
1035 4829 1148 4911 tacta
1178 4831 1291 4889 rates.
