3558 5538
291 347 294 358 ⁴
338 325 404 398 738
466 283 468 292 ,
826 327 1190 400 moeuosumqns

338 517 529 592 comparata,
561 517 596 576 ut
616 507 722 587 vobis,
751 509 808 574 viri
836 509 937 586 docti,
963 508 1176 591 interpretibus
1198 527 1293 589 genus
1314 509 1475 574 humanum
1497 510 1553 574 illa
1576 509 1684 576 docere
1760 529 1761 590 3

317 599 450 682 possit,
479 619 555 684 qnae
580 600 670 663 hodie
694 607 875 682 quaeruntur
897 598 935 661 ab
958 599 1150 662 astronomis.
1194 599 1326 664 Primum
1349 600 1408 663 fnit
1429 599 1564 664 meridiei
1587 599 1685 664 vicina

340 687 460 752 Galliae
487 689 667 771 praesertim
694 697 726 752 et
751 689 937 771 Hispaniae;
970 689 1077 752 deinde
1109 706 1219 769 magna
1249 691 1307 752 fnit
1336 697 1368 752 et
1396 689 1482 752 nobis
1513 690 1685 753 inferiorem
1760 737 1761 754 ι

339 775 421 841 Solis
443 786 561 859 partem
583 779 679 853 texit,
710 785 744 841 ut
766 778 952 860 impossibile
974 777 1033 852 sit,
1062 777 1140 859 qnod
1168 777 1214 840 bis
1240 778 1369 858 pagellis
1392 779 1588 852 demonstro,
1618 778 1685 861 quin

339 865 450 930 alicubi
473 865 632 930 inGallia
653 867 701 929 vel
724 867 885 949 Hispania,
909 865 959 954 ubi
981 886 1061 948 pax,
1083 865 1133 928 ubi
1156 868 1347 940 commercia,
1370 868 1421 930 abi
1445 868 1685 934 Christianorum

338 956 482 1036 ἱιιιροιὶιι,
513 975 571 1038 qna
599 956 697 1018 facilis
719 956 806 1018 vobis
833 957 877 1019 rei
905 954 1118 1038 investigatio,
1148 963 1317 1019 centrornm
1339 957 1406 1018 visa
1429 957 1469 1020 sit
1493 955 1685 1038 conjunctio;

339 1045 471 1127 deniqne.
488 1045 577 1108 Luna
598 1045 655 1108 fnit
676 1045 744 1108 loco
767 1045 869 1108 Terris
891 1062 967 1125 pene
989 1045 1134 1126 proximo,
1158 1045 1209 1108 ubi
1232 1046 1344 1126 majore
1367 1047 1476 1126 angulo
1500 1046 1645 1110 cernitur.

427 1135 511 1197 Haec
534 1153 599 1198 cnm
623 1135 667 1197 ita
689 1135 830 1209 habeant,
854 1133 990 1215 equidem
1014 1142 1085 1216 opto
1109 1133 1245 1196 mihimet
1266 1142 1448 1216 potestatem
1471 1155 1552 1211 esse,
1576 1135 1636 1198 iter
1658 1135 1686 1198 in

279 1301 284 1314 ι
338 1223 394 1286 illa
416 1223 484 1286 loca
506 1223 691 1305 suscipiendi
711 1219 883 1307 passimque
907 1241 1009 1287 ornnes
1031 1224 1227 1303 percontandi
1251 1243 1366 1300 coram,
1390 1232 1479 1307 atque
1501 1225 1549 1292 ita
1571 1223 1603 1286 in
1625 1243 1687 1287 reru

338 1319 529 1395 praesentem
552 1313 701 1375 veniendi.
748 1311 817 1384 Qua
844 1319 999 1393 potestate
1029 1313 1098 1393 qnia
1124 1331 1232 1388 careo,
1263 1332 1317 1375 vos
1349 1331 1406 1392 ego
1430 1315 1497 1395 jam
1527 1313 1587 1376 viri
1608 1313 1688 1376 docti

339 1421 394 1485 per
416 1403 492 1465 baec
515 1403 681 1484 stupendae
704 1401 822 1466 divinae
845 1401 1012 1482 sapientiae
1025 1421 1136 1482 opera,
1159 1421 1214 1482 per
1235 1401 1338 1478 iidem,
1367 1422 1425 1482 qua
1448 1401 1591 1466 Creatori
1613 1401 1685 1464 estis

255 1489 259 1497 '
341 1491 478 1572 obligati,
501 1511 556 1572 per
579 1511 709 1554 amorem
732 1491 929 1572 posteritatis,
953 1509 1007 1570 per
1029 1498 1148 1554 vestras
1171 1491 1306 1563 delicias,
1329 1510 1404 1574 quas
1425 1491 1514 1554 vobis
1535 1491 1595 1554 viri
1615 1490 1686 1572 phi-

340 1579 458 1660 losophi
478 1580 544 1660 jarn
568 1581 640 1643 olim
662 1599 719 1644 non
743 1580 872 1642 absimili
896 1580 997 1642 studio
1020 1587 1110 1661 atque
1133 1599 1205 1642 cura
1226 1599 1384 1662 peperere,
1408 1600 1462 1643 vos
1485 1581 1609 1663 inquam
1629 1579 1684 1641 oh-

342 1689 427 1732 secro
451 1676 540 1752 atque
565 1670 710 1744 obtestor,
733 1670 777 1732 nti
800 1669 877 1732 banc
897 1668 1081 1732 levissimam
1096 1687 1218 1750 operam
1236 1669 1373 1732 lubentes
1388 1671 1526 1732 volentes
1549 1669 1685 1743 sumatis,

340 1765 373 1820 et
395 1777 471 1840 qnae
495 1758 619 1841 quisque
643 1759 728 1832 vidit,
752 1778 828 1841 qnae
853 1758 997 1821 memoria
1019 1759 1190 1839 complexus
1214 1767 1271 1834 est,
1295 1778 1370 1839 quae
1394 1779 1413 1821 a
1435 1758 1552 1834 vicinis,
1577 1758 1686 1831 doctis,

270 1885 273 1898 ·
305 1881 310 1890 ·
341 1846 489 1922 indoctis,
517 1849 606 1912 modo
630 1847 687 1910 tide
710 1846 809 1929 dignis
832 1849 960 1924 audivit,
989 1847 1048 1911 imo
1077 1866 1152 1930 quae
1176 1847 1213 1909 ab
1237 1848 1343 1910 iisdem
1366 1848 1510 1928 singulari
1534 1847 1636 1910 studio
1659 1855 1688 1909 et

341 1936 445 2000 dedita
467 1956 558 2018 opera
581 1937 738 2017 explorare
762 1937 925 2000 etiamnum
945 1937 1067 2018 poterit,
1091 1957 1129 1999 ea
1145 1936 1230 1998 brevi
1248 1937 1387 2019 epistolio
1406 1938 1596 2017 consignata,
1620 1937 1687 1998 dum

341 2043 446 2088 recens
470 2034 519 2089 est
540 2025 700 2096 memoria,
730 2027 894 2089 veredariis
918 2027 1103 2101 committat,
1131 2026 1264 2105 Pragam
1284 2027 1485 2089 Bohemornm
1507 2026 1547 2088 ad
1569 2027 1688 2106 Regum

341 2121 374 2178 et
395 2114 567 2197 Principum
589 2123 757 2180 vestrorum
786 2117 904 2196 legatos
933 2123 965 2177 et
995 2122 1226 2197 procuratores,
1257 2122 1310 2178 ant
1339 2115 1365 2177 si
1388 2115 1531 2178 mavultis
1553 2115 1687 2178 hancn-
1763 2175 1764 2184 ,

343 2204 454 2268 furtum
477 2205 517 2266 ad
540 2203 698 2269 Claudium
720 2203 870 2268 Marnium
894 2205 1019 2285 indeque
1043 2204 1082 2267 ad
1104 2223 1150 2266 me
1173 2206 1418 2287 transportanda.

430 2293 510 2357 Sunt
532 2301 634 2360 autem
656 2293 759 2374 capite
781 2293 983 2375 quaesitorum
1005 2294 1074 2357 ista.
1110 2291 1226 2372 Quibus
1249 2293 1325 2356 locis
1349 2295 1451 2374 aliqua
1466 2293 1504 2354 de
1520 2289 1595 2355 Sole
1619 2309 1688 2372 par-
1764 2279 1765 2306 ¹

342 2381 437 2447 tioula
458 2383 488 2446 in
513 2402 649 2465 supremo
672 2382 755 2446 Solis
782 2384 935 2463 margine,
967 2401 1034 2446 cum
1061 2389 1144 2446 esset
1171 2383 1294 2463 eclipsis
1320 2383 1468 2458 medium,
1499 2379 1686 2461 superfuerit,

344 2471 452 2554 quibus
474 2472 606 2536 vicissim
635 2472 736 2624 aliqua
762 2472 792 2536 in
822 2474 881 2536 imo
913 2473 1067 2554 margine3
1099 2481 1131 2534 et
1162 2472 1268 2554 quibus
1299 2471 1373 2536 locis
1404 2477 1487 2534 totus
1515 2469 1572 2534 Sol
1604 2469 1689 2533 fuerit

343 2567 464 2638 tectns;
497 2568 561 2624 turn
582 2581 658 2644 quae
694 2560 774 2624 acies
805 2561 883 2637 diei,
916 2569 1045 2642 quantae
1073 2561 1234 2637 tenebrae,
1263 2581 1338 2642 qnae
1366 2561 1484 2642 species
1507 2559 1591 2621 aeris
1615 2561 1690 2622 circs

343 2649 446 2716 Solem
471 2649 659 2726 circumfusi,
689 2671 727 2712 an
749 2650 866 2732 integer
889 2649 1015 2714 circulus
1039 2649 1154 2714 lucidus
1178 2651 1258 2714 circa
1280 2651 1414 2727 Lunam,
1444 2649 1531 2731 isque
1554 2648 1607 2710 vel
1629 2656 1688 2710 ter-

343 2737 475 2802 minatus
498 2739 577 2802 intra
599 2749 631 2802 et
659 2747 764 2817 extra,
794 2740 842 2803 vel
866 2740 998 2802 exterius
1022 2741 1165 2802 evanidus
1188 2740 1301 2802 incerto
1325 2741 1401 2815 line3
1435 2740 1484 2820 qni
1508 2738 1617 2800 Lunae
1640 2739 1690 2800 snb
1765 2793 1766 2798 ,

344 2827 417 2894 Sole
446 2835 528 2892 tecto
556 2829 750 2893 consistentis
778 2830 879 2904 color;
914 2849 989 2910 qnae
1023 2829 1130 2892 stellae
1164 2829 1267 2904 visae;
1302 2837 1334 2891 et
1365 2849 1440 2910 qnae
1473 2828 1582 2909 cuique
1617 2827 1689 2889 ultro
1765 2897 1766 2906 ἵ

344 2923 466 3000 praeter
492 2918 583 2982 istam
615 2919 847 2982 admonitionem
881 2927 1045 2982 occurrent.
1091 2919 1184 2984 Nulla
1213 2919 1288 2981 adeo
1317 2919 1460 2999 despecta
1488 2925 1520 2978 et
1544 2916 1617 2980 vilis
1640 2915 1691 2978 erit

345 3006 490 3084 narratio,
514 3009 671 3071 dnmmodo
687 3008 747 3072 lida
766 3016 798 3070 et
813 3007 952 3084 candida,
975 3027 1064 3088 quam
1087 3027 1142 3089 ego
1165 3026 1225 3071 non
1248 3006 1363 3088 ingenti
1386 3007 1554 3087 gratiarnm
1576 3006 1691 3068 actione

346 3115 411 3160 sum
434 3105 637 3178 suscepturus.
684 3099 730 3160 De
753 3095 828 3179 ipsis
852 3097 944 3160 etiam
966 3096 1092 3160 nubibus
1115 3097 1231 3159 discere
1255 3097 1359 3176 cupio,
1388 3115 1447 3158 non
1471 3096 1554 3177 quod
1576 3095 1637 3158 bae
1659 3093 1693 3156 ad

345 3205 409 3250 rem
432 3186 555 3263 faciant,
581 3187 635 3249 sed
658 3195 692 3249 ιιι
713 3187 744 3249 in
763 3203 815 3249 me
838 3186 920 3250 sitim
941 3187 1018 3248 banc
1040 3186 1206 3268 inquirendi
1230 3185 1437 3266 exstinguant,
1462 3187 1490 3247 si
1513 3183 1691 3257 constiterit,

284 3323 287 3332 ,
346 3283 539 3357 conspectum
562 3274 644 3339 Solis
668 3274 780 3338 alicubi
802 3291 855 3356 per
877 3275 933 3338 bas
957 3283 1100 3357 ereptum.

434 3364 541 3447 siqui
564 3373 635 3428 sunt
656 3364 861 3428 mathematici
885 3383 922 3426 ex
944 3366 1081 3445 professo
1106 3366 1189 3438 (nam
1207 3363 1352 3426 hactenns
1375 3361 1553 3445 alloquebar
1576 3361 1694 3424 univer-

347 3454 431 3529 soe),
461 3454 510 3536 qui
535 3454 618 3517 coslo
642 3473 749 3518 sereno
771 3453 817 3516 nsi
841 3472 909 3516 sese
931 3455 970 3516 ad
992 3453 1079 3536 hujus
1103 3451 1225 3532 deliquii
1248 3453 1487 3516 observationem
1510 3469 1547 3513 eo
1572 3451 1695 3514 artificio

347 3549 567 3625 compararunt,
591 3544 669 3625 quod
692 3551 762 3607 ante
785 3563 896 3608 annom
917 3543 993 3626 ipsis
1017 3545 1047 3606 in
1073 3540 1192 3623 Opticis
1217 3541 1307 3604 editis
1330 3541 1492 3623 descripsi,
1516 3540 1697 3603 adhortatis

347 3639 465 3700 mature
488 3649 590 3695 omnes
614 3633 654 3695 ad
677 3633 850 3714 diligentem
870 3633 959 3714 hujus
978 3633 1115 3694 defectus
1134 3630 1384 3700 doservationem,
1407 3631 1453 3692 illi
1475 3629 1621 3711 quamvis
1643 3649 1697 3692 non

313 3763 316 3770 ι
349 3740 393 3784 eo
408 3721 438 3783 in
460 3727 559 3782 tractu
583 3724 707 3799 versati,
731 3722 780 3804 qui
802 3730 899 3785 totum
922 3722 1024 3786 Solem
1047 3728 1159 3786 tectum
1181 3720 1275 3795 vidit,
1298 3719 1489 3784 nibilominus
1513 3719 1551 3781 dc
1576 3718 1696 3801 quanti·

348 3817 414 3873 tate
438 3807 577 3872 diametri
599 3811 737 3873 Lunae
728 3812 880 3891 ipsiusque
910 3811 1046 3874 defectus
1075 3811 1124 3872 vel
1146 3830 1194 3874 ms
1216 3809 1358 3890 privatim
1380 3809 1428 3871 vel
1450 3807 1573 3889 publice
1598 3827 1698 3870 omnes

350 3897 536 3975 edocebunt,
569 3899 674 3981 qmbus
702 3899 835 3963 vicissim
862 3918 917 3982 ego
945 3901 1002 3962 boc
1031 3899 1204 3980 quantulum
1227 3906 1275 3962 est
1297 3917 1430 3961 mearum
1453 3897 1699 3960 observationum

349 3988 433 4053 bisce
456 3987 584 4069 pagellis
607 3989 800 4066 communico,
822 3999 857 4052 ut
879 3989 1011 4064 videant,
1036 3995 1148 4070 quanta
1165 4007 1212 4051 me
1229 3988 1324 4050 nubes
1347 3981 1574 4069 opportunitate
1599 3987 1697 4068 priva-

228 4151 232 4158 ,
350 4077 465 4153 verint,
495 4096 624 4160 suasque
652 4079 807 4143 liberiores
831 4086 916 4143 tanto
939 4077 1112 4141 libentius
1103 4099 1133 4140 ιιι
1157 4077 1430 4181 compensationem
1450 4076 1512 4139 mei
1535 4075 1639 4139 damni
1660 4073 1698 4135 ad

352 4187 399 4232 me
422 4167 642 4230 transmittant.
688 4167 804 4240 Quibus
827 4169 946 4251 quidem
968 4167 1157 4249 Hipparchus
1185 4186 1284 4244 meus,
1318 4165 1367 4248 qni
1392 4166 1457 4246 jam
1484 4165 1517 4228 in
1544 4165 1699 4246 procinctu

353 4263 420 4332 est,
451 4255 530 4320 banc
560 4258 677 4321 unicam
705 4257 829 4340 eclipsin
858 4279 878 4321 a
905 4256 990 4322 vobis
1018 4255 1144 4320 auctarii
1171 4257 1237 4320 loco
1267 4263 1449 4337 exspectans
1477 4255 1641 4338 plurimum
1667 4271 1697 4316 so

354 4345 463 4409 debere
487 4345 592 4409 lubens
616 4346 769 4411 fatebitur.

441 4435 529 4515 Rogo
554 4443 654 4498 autern
676 4434 821 4520 imprimis
846 4435 929 4500 viros
956 4433 1054 4500 literis
1082 4434 1233 4508 celebres,
1266 4451 1389 4516 quorum
1419 4451 1486 4496 sese
1516 4429 1558 4493 ad
1586 4437 1700 4494 remota

353 4526 423 4589 loca
444 4523 572 4606 porrigit
593 4525 717 4603 notitia,
740 4527 784 4590 uti
807 4545 843 4588 ea
861 4525 926 4606 jam
949 4527 1132 4588 utanturvad
1155 4523 1375 4604 percontandos
1398 4521 1537 4596 idoneos,
1572 4520 1613 4582 sd
1634 4539 1698 4582 rno-

354 4612 470 4678 nendos
485 4614 666 4693 Magnetes3
689 4635 761 4698 rogo
776 4615 946 4696 Magnates,
971 4632 1044 4696 quos
1062 4615 1168 4678 barem
1190 4633 1288 4677 rerum
1310 4633 1382 4676 cura
1404 4611 1513 4694 tangit,
1536 4608 1699 4673 ditioudsus

356 4708 508 4786 potentes,
531 4703 700 4806 quemlibet
715 4723 768 4787 pro
792 4704 948 4786 dignitatis
965 4723 1036 4768 suae
1055 4703 1234 4778 conditione,
1258 4710 1291 4765 ut
1306 4703 1444 4784 exemplo
1457 4699 1697 4770 Monarcbarum,

358 4810 482 4873 quorum
503 4791 586 4872 prius
610 4794 691 4856 facta
712 4794 834 4870 mentio,
858 4813 918 4874 qua
940 4795 1064 4876 quisque
1082 4795 1197 4857 ratione
1213 4793 1453 4856 commodissime
1467 4797 1580 4872 potest,
1603 4785 1697 4868 pluri-

358 4899 439 4945 mum
465 4881 554 4964 hujus
580 4882 763 4948 uenationis
791 4883 947 4966 conquirat
973 4901 1101 4965 eoque
1098 4903 1145 4947 me
1176 4901 1230 4964 per
1261 4903 1333 4945 suos
1366 4882 1506 4946 literatos
1536 4875 1696 4960 impertiet
