3604 5534
638 269 699 326 Para
717 269 809 326 Prima
844 271 926 340 Caput
942 273 977 326 11
1417 273 1478 345 177
1547 337 1552 350 Ι

120 444 207 532 qnasi
240 445 275 512 in
300 455 423 514 certam
445 457 477 516 et
497 448 678 533 peculiarem
700 450 897 532 provinciam,
926 451 1100 518 immittere:
1125 454 1203 558 quod
1226 473 1331 520 mouns
1353 453 1477 520 Aristo
1578 516 1588 531 ,

124 537 220 616 teies,
258 539 310 620 qni
339 540 377 602 de
401 541 489 604 initio
512 540 612 604 mundi
636 541 710 604 nihil
733 541 822 604 scivit
845 549 898 606 ant
920 542 1059 619 credidit,
1088 543 1162 625 ipsis
1186 553 1319 610 motuum
1343 545 1477 608 auetori-

123 627 175 692 bus
211 629 391 693 necessario
415 629 632 711 transscripsit.
679 630 720 693 Et
743 639 910 694 sectatores
933 633 1054 696 Aristot
1056 633 1124 709 elis,
1158 635 1283 716 quinet
1305 632 1479 716 Scaliger

124 717 315 799 professione
340 717 546 797 Christianus,
575 727 678 800 aperte
703 721 858 800 disputant
863 722 982 798 ,hunc
1006 741 1052 784 mo
1054 728 1116 786 tum
1140 723 1255 788 orbium
1278 742 1345 786 esse
1368 724 1477 788 volun-

128 807 240 872 tarium
272 816 305 870 et
333 808 510 890 principium
538 809 700 874 voluntatis
729 809 788 872 illis
817 830 884 873 esse
915 811 1149 875 intellectionem
1173 822 1204 876 et
1227 811 1418 876 desiderium.
1435 811 1478 889 ²³)
1524 813 1526 818 ’
1570 839 1574 852 ·

175 931 179 938 ·
213 897 261 962 Ut
285 895 378 978 igitur
401 899 440 960 ad
463 897 712 961 Pnrbachinm
735 900 908 978 redeamus,
932 919 999 962 cum
1023 919 1057 962 eo
1082 901 1134 964 alii
1157 903 1296 984 quidam,
1318 901 1478 984 praecipue
1577 947 1580 956 ·

129 986 301 1050 libellorum
324 987 544 1069 sphaericorunr
569 988 740 1068 scriptores,
764 989 890 1070 primum
916 991 1038 1054 schema
1061 989 1105 1052 sio
1129 992 1290 1073 explicent.
1313 999 1348 1054 ut
1370 991 1479 1072 imagi-

129 1083 238 1139 nentur
262 1075 321 1140 sibi
344 1096 433 1140 unum
456 1077 558 1141 orbem
581 1077 708 1140 solidum
741 1079 960 1144 concentricum
989 1080 1188 1144 crassitudine
1222 1081 1346 1164 epicycli
1374 1081 1479 1152 totins,

130 1164 212 1228 etin
238 1183 275 1228 ec
301 1165 480 1250 epicyclum‚
512 1167 542 1230 in
566 1166 698 1250 epicyclo
730 1167 893 1247 planetam.
940 1169 996 1232 His
1019 1169 1109 1250 igitur
1139 1169 1252 1233 duobus
1277 1169 1397 1233 orbibus
1421 1170 1479 1233 tri-

130 1255 262 1318 buerunt
295 1255 369 1318 duae
402 1255 517 1320 animas
552 1257 693 1320 motrices
727 1257 770 1330 (si
804 1259 1073 1323 considerationem
1110 1259 1265 1341 physicam
1302 1262 1479 1340 pertenent)

129 1345 238 1407 eadem
271 1352 428 1427 utramque
459 1345 650 1427 proportione
680 1346 817 1423 virtutis,
850 1357 883 1412 ut
907 1349 1011 1414 eodem
1035 1356 1169 1430 tempore
1192 1349 1331 1429 periodos
1354 1367 1425 1412 snas
1449 1347 1480 1412 in

128 1435 239 1514 plagas
262 1441 364 1496 tamen
389 1436 556 1498 contrarias
579 1435 748 1500 absolvent.

216 1523 358 1588 Alterum
389 1525 511 1588 schema
540 1524 666 1606 requirit
695 1526 770 1588 duos
804 1526 974 1588 deferentes
1006 1526 1118 1600 (adhuc
1153 1525 1271 1606 quidem
1302 1524 1479 1602 immobiles,
1563 1547 1567 1564 ·

130 1615 200 1676 doru
225 1613 255 1674 in
280 1613 338 1676 hac
361 1621 493 1677 motuum
516 1614 709 1696 simplicitate
741 1635 910 1690 manemus,
945 1623 1044 1680 mente
1068 1623 1257 1700 removentes
1289 1633 1481 1696 progressum

129 1704 359 1783 apogaeorum),
385 1711 417 1765 et
431 1723 519 1766 unum
538 1703 650 1779 orbern,
674 1704 874 1768 crassitudine
894 1704 1027 1784 corporis
1049 1704 1220 1784 planetarii,
1244 1705 1274 1772 in
1290 1724 1383 1786 eoque
1407 1705 1479 1767 orbe

130 1791 281 1866 animam,
316 1811 391 1873 qnae
416 1794 565 1872 aequabili
598 1787 787 1866 contentione
821 1794 902 1856 illum
932 1794 1117 1874 circumagat
1139 1794 1168 1856 in
1191 1793 1315 1875 plagam
1339 1813 1426 1870 eam,
1450 1792 1481 1856 in
1525 1861 1531 1874 p

130 1901 218 1962 qnam
244 1901 264 1942 a
287 1881 434 1962 principio
465 1882 593 1964 impulsa
622 1891 679 1946 est.
727 1881 882 1948 Concessa
900 1883 1003 1964 igitur
1032 1884 1089 1945 hao
1110 1883 1277 1956 ,soliditate
1312 1883 1427 1946 orbium
1451 1890 1483 1946 et

129 1969 254 2052 reliquis
279 1971 432 2046 assumtis,
457 1971 619 2036 manebunt
641 1972 671 2034 in
695 1974 787 2052 primo
811 1972 963 2036 schemate
983 1969 1047 2048 BC,
1063 1972 1126 2048 ΒΕ,
1151 1973 1289 2054 paralleli
1297 1979 1311 2046 ;'
1330 1974 1360 2036 in
1384 1972 1480 2036 altero

128 2061 210 2123 orbis
234 2082 264 2139 γι
289 2059 370 2122 circa
391 2063 412 2139 β
434 2068 567 2126 centrum
590 2061 663 2124 ibit:
693 2063 752 2125 etsi
775 2069 906 2124 motores
929 2081 984 2124 nec
1004 2057 1068 2125 'illio
1092 2062 1130 2123 ad
1152 2059 1225 2138 Ac,
1249 2081 1305 2124 nec
1327 2061 1376 2126 hic
1400 2063 1440 2124 ad
1463 2063 1482 2140 β

128 2149 317 2231 respiciant:
350 2147 518 2230 diriguntur
540 2149 618 2216 enirn
639 2153 790 2216 materiali
816 2151 1000 2214 necessitate
1024 2171 1078 2215 seu
1105 2150 1302 2234 dispositione
1326 2159 1358 2214 et
1380 2149 1481 2215 couti·

126 2239 245 2319 gnitate
270 2237 395 2303 orbium.

217 2327 265 2390 At
289 2328 359 2408 qnia
381 2328 515 2410 Tycho
538 2327 658 2392 Brahe
681 2327 858 2393 certissimis
882 2329 1066 2410 argumentis
1089 2328 1274 2393 soliditatem
1293 2327 1409 2392 orbium
1425 2329 1480 2390 de-

131 2417 264 2492 struxit,
299 2435 375 2498 qnae
407 2417 553 2482 hactenus
582 2419 735 2482 animabus
758 2420 818 2482 illis
840 2419 1013 2482 motricihus
1037 2417 1150 2495 (caecis
1174 2419 1279 2493 etiam)
1298 2437 1351 2501 pro
1375 2417 1481 2480 baculo

130 2507 246 2569 servire
279 2514 401 2588 poterat
430 2507 469 2570 a'd
498 2508 557 2570 rim
582 2509 714 2573 debitam
741 2507 964 2585 inveniendam:
993 2516 1025 2572 et
1045 2507 1169 2590 proinde
1192 2509 1331 2588 planetae
1354 2506 1384 2569 in
1407 2524 1481 2589 puro

129 2596 256 2658 aethere
281 2594 404 2676 perinde
428 2608 518 2678 atque
541 2616 614 2661 aves
638 2600 667 2662 iu
691 2605 760 2660 edre
780 2618 885 2661 cursus
900 2619 970 2662 snos
984 2598 1159 2674 contritam
1183 2597 1272 2661 aliter
1290 2596 1376 2660 nohis
1390 2596 1483 2676 igitur

130 2686 168 2748 de
191 2686 242 2748 his
267 2685 471 2749 schematibus
489 2685 548 2750 erit
566 2687 846 2768 philosophandum.

219 2773 271 2838 Sit
301 2783 403 2838 antem
435 2775 513 2838 inter
544 2776 631 2840 initia
659 2778 807 2858 positum,
831 2777 893 2840 vim
926 2761 1056 2852 omnem,
1089 2796 1148 2857 qua
1179 2783 1278 2846 motus
1311 2773 1482 2856 hujusmodi

129 2862 396 2941 administrantur,
425 2865 519 2945 ipsius
541 2866 682 2945 planetae
705 2885 811 2970 corpus
835 2866 1003 2929 inhabitare
1027 2885 1082 2928 neo
1105 2872 1193 2928 extra
1215 2847 1247 2928 id
1269 2863 1481 2944 quaerendam.

219 2951 298 3015 Gurn
327 2953 418 3035 igitur
445 2956 569 3034 planeta
591 2955 685 3018 insita
706 2957 736 3019 vi
759 2955 789 3018 in
811 2976 886 3038 puro
909 2937 1031 3019 aethere
1054 2956 1220 3036 perlectum
1243 2953 1384 3018 circulum
1407 2971 1481 3016 cou-

130 3042 220 3106 hcere
244 3043 367 3120 debeat,
392 3044 421 3105 in
444 3044 538 3125 primo
559 3045 711 3108 schemate
736 3046 912 3128 epicyclnm,
932 3045 962 3106 in
985 3045 1115 3108 secundo
1139 3044 1357 3118 ecceutricurn,
1382 3041 1498 3109 mani.

130 3133 242 3194 festum
268 3140 333 3208 est,
369 3133 426 3195 duo
454 3133 578 3196 motoris
609 3134 697 3215 hujus
726 3135 789 3198 iore
813 3135 933 3218 'munia3
965 3134 1106 3208 alterum,
1142 3139 1177 3196 ut
1200 3131 1345 3194 facultate
1368 3129 1483 3212 polleat

128 3221 362 3284 transvectandi
392 3223 539 3302 corporis,
574 3224 717 3300 alterum,
742 3233 775 3288 ut
798 3224 926 3288 scientia
949 3221 1102 3304 praeditus
1126 3222 1168 3285 sit
1189 3219 1360 3284 inveniendi
1382 3219 1480 3282 circn-

128 3311 225 3372 larem
250 3310 377 3375 limitem
399 3329 453 3391 per
475 3312 558 3376 illam
580 3333 686 3396 puram
709 3333 813 3378 auram
837 3314 1009 3376 aetheream
1022 3311 1112 3375 nullis
1128 3309 1296 3390 hujusmodi
1311 3307 1481 3390 regionibus

128 3399 326 3463 distinctam:
351 3401 430 3481 quod
453 3403 562 3465 mentis
586 3421 660 3482 opus
689 3411 745 3468 est.
791 3403 875 3466 Nihil
898 3402 971 3465 mihi
995 3401 1094 3476 dieas,
1123 3401 1220 3480 ipsam
1253 3399 1408 3481 metricam
1432 3397 1481 3458 la-

130 3489 293 3562 cnltatem,
318 3489 463 3571 simplicis
486 3498 519 3552 et
540 3491 646 3554 brutae
671 3492 787 3556 animae
812 3491 954 3568 sobolem,
980 3499 1082 3572 aptam
1105 3497 1209 3552 natam
1232 3508 1300 3552 esse
1323 3488 1362 3550 ad
1385 3487 1483 3550 circu·

127 3579 224 3641 larem
250 3577 425 3655 motionem,
449 3580 536 3660 plane
560 3582 604 3644 uti
628 3581 739 3663 lapidis
762 3589 872 3644 natura
894 3581 935 3644 sit
953 3600 1006 3661 per
1028 3579 1267 3643 rectamlinearn
1285 3577 1481 3648 descendere:

128 3687 209 3748 nego
235 3669 327 3743 enim,
351 3669 444 3731 nlluro
467 3677 579 3732 motum
600 3690 761 3752 perennem
784 3691 842 3734 uon
866 3679 980 3734 rectum
1002 3693 1021 3733 a
1043 3671 1109 3732 Deo
1133 3669 1284 3732 conditum
1308 3685 1375 3731 esse
1389 3687 1482 3749 prae-

127 3758 206 3819 sidio
232 3758 359 3820 mentali
384 3749 567 3822 destitutum.
614 3757 656 3822 Et
679 3762 759 3823 intra
783 3761 900 3842 quidem
923 3779 1030 3841 corpus
1053 3759 1212 3822 humanum
1235 3777 1337 3822 omnes
1356 3755 1482 3820 musculi

126 3845 287 3928 principiis
316 3853 473 3910 moventur
499 3849 721 3913 rectilincorum
752 3857 902 3914 motuum·
935 3867 1039 3930 nempe
1073 3856 1126 3911 aut
1160 3848 1190 3910 in
1225 3867 1291 3910 sese
1315 3845 1482 3910 recedendo

129 3943 265 4017 turgent,
290 3945 344 3998 aut
368 3937 502 3999 discessu
525 3938 655 4020 capitum
680 3948 894 4015 extenuantur:
917 3940 989 4016 illic,
1013 3946 1046 4001 nt
1070 3937 1232 4001 membrum
1255 3937 1294 4000 ad
1316 3936 1483 3999 musculum

130 4025 277 4099 accedat,
318 4025 379 4102 hi,c
405 4033 439 4088 ut
461 4028 601 4090 recedat:
626 4029 704 4109 quod
727 4029 805 4092 idem
828 4037 860 4092 et
883 4029 912 4091 in
936 4028 1129 4092 circularibus
1153 4027 1294 4090 musculis
1317 4045 1370 4087 sno
1394 4023 1480 4087 modo
1557 4067 1561 4076 ·

132 4117 233 4178 locum
258 4114 364 4191 habet,
389 4115 440 4196 qni
462 4118 610 4180 meatibus
634 4118 775 4182 custodes
798 4117 939 4200 appositi,
962 4117 1013 4180 uhi
1035 4117 1195 4180 filamentis
1219 4113 1411 4178 circularibus
1428 4132 1481 4174 ex·
1490 4162 1512 4195 ,Ι

130 4205 211 4267 tensi
236 4203 362 4279 fuerint,
385 4204 491 4268 laxant
512 4215 655 4282 meatum,
679 4209 889 4290 constringunt
910 4226 981 4270 vero
1005 4206 1144 4271 iisdem
1135 4226 1166 4268 ιιι
1184 4203 1366 4287 angustioris
1381 4201 1483 4265 circuli
1515 4270 1518 4278 ¹

281 4295 514 4358 recurrentibus.
559 4297 682 4360 Nullum
704 4298 780 4361 adeo
802 4297 965 4361 membrum
988 4303 1045 4373 eet,
1070 4296 1148 4378 qnod
1171 4292 1370 4377 aequabiliter
1383 4297 1481 4354 cter-

131 4295 257 4463 pediffl
317 4392 394 4446 etur.
442 4385 553 4448 Flexus
576 4405 648 4448 vero
672 4388 790 4468 capitis,
814 4387 932 4470 pedum,
958 4386 1145 4452 brachiorum
1168 4392 1199 4446 et
1224 4383 1342 4464 linguae
1357 4381 1483 4463 quihus-

134 4475 200 4537 dam
230 4403 394 4536 officiis
399 4473 581 4538 mechanicis
604 4478 790 4557 permultos
814 4485 914 4540 rectos
937 4476 1087 4540 musculos
1109 4476 1166 4538 huc
1189 4475 1259 4536 illue
1283 4469 1483 4552 transpositos

137 4564 183 4624 rel
205 4572 345 4630 attensos
372 4564 511 4644 expressi
535 4573 615 4628 sunt
663 4563 731 4638 Qua
754 4567 869 4630 ratione
889 4566 1025 4640 efficitur,
1052 4573 1085 4628 ut
1100 4563 1229 4628 facultas
1243 4561 1362 4636 motrix,
1376 4568 1484 4622 natura

142 4674 192 4715 sna
221 4655 250 4718 in
273 4661 395 4718 rectum
418 4654 561 4730 tendens,
595 4655 758 4718 membrum
782 4656 855 4719 illud
878 4653 1107 4736 contorqueat
1098 4673 1128 4715 ιιι
1152 4670 1266 4735 gyrum.
1312 4647 1364 4712 Sic
1388 4667 1483 4729 aquae

137 4743 380 4809 machinamentis
417 4741 594 4826 quibusdam
618 4745 648 4806 in
673 4745 798 4808 sublime
822 4752 970 4824 aguntur,
1007 4763 1065 4806 non
1098 4742 1177 4823 quod
1209 4747 1318 4802 natura
1342 4737 1483 4819 corporis,

138 4837 205 4916 quod
234 4845 352 4907 motum
384 4831 496 4910 infert,
523 4833 554 4896 in
577 4833 702 4898 sublime
725 4835 851 4912 tendat,
875 4835 928 4898 sed
953 4833 1022 4918 qnia
1045 4830 1242 4914 dispositione
1265 4827 1413 4895 canalium
1438 4827 1485 4894 el-

199 4944 287 4999 ropurr
302 4945 388 4996 opem
408 4939 448 4979 uu
647 4965 652 4974 -
1242 4932 1275 4990 12
1339 4987 1342 4996 .
