3680 5538
355 289 423 364 448
478 381 482 392 .
755 289 790 352 'h
809 297 1017 354 Commentan'um
1035 301 1068 354 ds
1083 263 1190 356 ructibus
1208 301 1295 354 Martis

357 485 390 534 et
403 479 594 536 Rothmaunm
616 479 783 538 sufficienter
797 485 1027 541 demonstrarunt.
1054 485 1107 540 Hic
1119 481 1208 540 mobis
1229 487 1434 540 demonstratur
1447 489 1477 539 et
1489 483 1519 538 in
1533 483 1706 554 hypotheses

355 559 499 629 conjicitur
520 564 556 615 ad
576 563 648 618 buno
668 565 782 619 modum,
819 564 863 619 Sit
882 564 908 617 in
931 565 1051 634 sphaera
1070 567 1188 621 fixarum
1208 571 1234 621 Δ
1253 568 1335 638 polus
1355 565 1502 635 eclipticae
1523 563 1706 636 imaginariae

354 657 404 696 seu
433 641 556 699 mediae:
587 645 667 717 polus
697 651 790 700 sutem
819 643 967 715 eclipticas
997 662 1080 701 verae
1109 652 1252 702 moveatur
1276 647 1306 702 iu
1330 645 1440 700 circello
1460 645 1559 700 BCDE
1580 645 1608 700 iu
1628 653 1706 700 aute·

912 725 1046 791 cedentia,
1068 732 1100 781 ut
1114 727 1230 782 omnium
1243 729 1419 798 planetarum
1432 726 1505 792 nodi.
1532 725 1594 780 Poll
1614 732 1705 782 traus-

563 793 617 860 Fid·
639 790 697 844 ¹³5·
912 807 1075 878 positionem
1088 807 1211 862 subliris
1226 807 1349 878 sequitur
1363 806 1543 877 transpositio
1559 806 1706 877 ecliptiose

912 904 1006 949 verae.
1026 895 1058 944 ut
1078 893 1196 943 constat.
1226 888 1269 944 sit
1284 887 1344 957 jam
1357 887 1450 942 laxior
1465 886 1593 942 circellus
1607 887 1705 951 FGffl.

913 975 1007 1025 centro
1027 973 1053 1023 Δ
1073 969 1138 1040 polo
1168 967 1328 1039 ecliptioae,
1358 967 1446 1022 medio
1472 966 1636 1022 dintemate
1657 969 1706 1024 AF

913 1045 966 1106 230
994 1045 1043 1105 42’
1073 1045 1193 1120 (quauta
1222 1055 1267 1104 est
1295 1047 1442 1103 declinatio
1472 1041 1629 1116 mediocris)
1659 1049 1705 1102 de·

913 1130 1039 1202 scriptus.
1067 1131 1124 1186 Sub
1145 1129 1197 1184 boc
1217 1129 1328 1184 circellc
1349 1129 1514 1201 aequalibus
1534 1127 1705 1199 temporibus

912 1217 1046 1283 prorepat
1070 1209 1183 1266 directio
1206 1211 1268 1266 axis
1289 1209 1408 1264 Telluris
1436 1208 1592 1280 aequaliter
1612 1207 1705 1264 itidem

911 1294 939 1348 in
960 1291 1162 1347 antecedentia
1202 1291 1330 1355 Constat,
1362 1291 1434 1360 quod
1461 1289 1515 1344 hoo
1541 1294 1625 1359 pacto
1650 1290 1705 1342 sal-

854 1424 856 1433 .
909 1379 991 1428 vetur
1004 1371 1160 1443 praecessio
1175 1371 1409 1442 aequinoctiorum
1423 1369 1549 1440 aequalis
1560 1367 1704 1440 (siquidem

910 1459 986 1508 esset
1004 1470 1089 1508 verae
1109 1458 1139 1506 et
1160 1450 1313 1506 coustantio
1333 1449 1479 1520 eclipticas
1493 1443 1598 1520 polus).
1632 1451 1704 1506 Nam

910 1535 981 1590 viam
1011 1534 1083 1588 bauo
1112 1549 1173 1586 esse
1203 1531 1333 1587 circulum
1361 1531 1493 1586 minorem
1519 1535 1604 1600 patet
1632 1529 1703 1596 iude,

911 1617 982 1686 quod
1002 1615 1038 1669 nb
1052 1613 1211 1684 Hipparcho
1233 1629 1283 1682 per
1304 1611 1505 1682 Albatcgnium
1525 1612 1562 1665 ad
1579 1627 1630 1666 nos
1651 1628 1705 1666 uon

911 1702 955 1750 est
975 1695 1053 1750 facta
1072 1693 1161 1762 maior
1180 1692 1298 1749 sanatio
1320 1691 1505 1765 obliquitatis,
1529 1707 1591 1746 curn
1610 1697 1704 1747 umen

912 1770 966 1832 240
985 1776 1019 1829 de
1033 1775 1085 1828 hoc
1098 1774 1208 1830 obceno
1224 1774 1340 1844 promoti
1354 1773 1418 1830 sint
1447 1772 1520 1826 Nam
1533 1771 1571 1826 sit
1583 1772 1704 1842 exempli

839 1859 840 1866 ’
911 1857 1006 1928 gratia
1025 1852 1099 1910 KFL
1120 1848 1180 1908 240.
1213 1855 1373 1924 Respondet
1393 1869 1473 1908 arcum
1494 1851 1588 1906 cireiffl
1608 1852 1703 1923 magui

838 1973 846 1998 ι
908 1937 990 1992 KllL
1011 1931 1043 1990 90
1066 1931 1113 1990 36‘
1132 1934 1248 1990 circiter.
1276 1935 1305 1990 Si
1320 1933 1380 2005 quis
1400 1949 1469 2005 ergo
1491 1931 1610 1987 dixerit:
1632 1933 1703 1986 mam

357 2011 415 2084 poli
435 2011 527 2068 muudi
547 2029 597 2068 seu
617 2014 678 2069 axis
700 2015 802 2072 Terrae
823 2035 884 2072 esse
905 2035 960 2073 non
979 2017 1053 2072 KFL
1073 2016 1101 2070 in
1122 2015 1223 2070 circulo
1247 2014 1357 2076 minori,
1383 2015 1431 2068 sed
1451 2013 1533 2068 KllL
1552 2012 1583 2066 iu
1602 2013 1702 2067 circulo

355 2093 484 2158 marimo,
506 2093 529 2150 is
549 2095 605 2150 ult
624 2095 833 2152 declinationem
854 2100 940 2153 multo
961 2097 1029 2152 lacit
1048 2096 1178 2152 minorem
1203 2111 1284 2166 quam
1304 2095 1367 2151 ΑΚ
1407 2095 1440 2149 Iu
1460 2093 1605 2166 triangulo
1627 2093 1702 2148 ΑΚΒ

356 2174 393 2228 sit
412 2174 488 2230 latus
509 2191 592 2230 unum
612 2177 662 2230 AL
683 2173 735 2230 230
757 2173 813 2243 52¹,
834 2179 890 2233 AR
909 2178 947 2234 sit
967 2173 1020 2232 230
1042 2172 1090 2232 32‘
1110 2182 1140 2231 et
1159 2176 1212 2232 KL
1232 2171 1265 2232 90
1288 2171 1344 2232 36‘.
1384 2175 1456 2230 Hinc
1484 2175 1605 2246 angulus
1626 2173 1702 2228 ΑΒΚ

358 2249 409 2308 160
431 2249 488 2312 56‘.
522 2256 561 2310 Et
575 2255 636 2324 jam
656 2257 776 2312 demissa
794 2259 1015 2330 perpendiculari
1034 2257 1098 2322 ΔΜ,
1119 2275 1156 2312 ex
1170 2247 1586 2328 augulollLAllet23⁰13‘.
1614 2255 1703 2310 Tanta

357 2335 500 2390 debuisset
527 2351 589 2390 esse
619 2336 692 2390 circa
710 2339 848 2408 Alpbousi
875 2347 1001 2410 tempora
1029 2336 1176 2399 declinatio
1206 2336 1371 2408 ecliptioae,
1402 2335 1426 2390 si
1445 2335 1498 2390 KL
1523 2339 1600 2390 esset
1625 2351 1701 2390 arcus

356 2414 451 2469 circuli
471 2416 574 2486 magni.
616 2417 731 2472 Constat
756 2417 864 2498 itaque,
890 2419 1108 2490 praecessionem
1136 2417 1368 2490 aequinoctiorum
1388 2416 1447 2471 lieri
1471 2415 1619 2470 inflexione
1641 2414 1701 2470 axis

356 2495 474 2550 Telluris
495 2496 546 2549 sub
567 2495 662 2551 minori
683 2498 783 2553 circulo
803 2499 877 2554 ΚΠ.
898 2494 984 2572 (quod
1004 2499 1119 2570 quidem,
1140 2504 1174 2552 ut
1193 2499 1283 2552 obiter
1303 2497 1403 2560 dicam,
1430 2495 1515 2551 etiam
1535 2501 1611 2550 motu
1632 2495 1702 2550 coeli

356 2574 429 2628 circa
449 2575 560 2630 Terram
580 2576 639 2630 deri
659 2585 760 2647 potest
782 2580 806 2634 si
826 2581 973 2650 peculiaris
994 2580 1058 2635 huic
1083 2579 1168 2634 motui
1193 2579 1266 2634 orbis
1287 2571 1463 2646 destinetur).
1504 2577 1568 2632 Jam
1587 2575 1701 2646 propius

356 2656 391 2710 ad
412 2671 468 2710 rem
490 2662 519 2709 et
539 2657 760 2726 compositionem
780 2659 922 2732 utriusque
944 2660 1046 2715 circelli
1066 2659 1236 2726 veniendum.
1279 2658 1352 2721 Quia
1371 2657 1458 2729 igitur
1477 2662 1597 2722 constat,
1619 2655 1701 2710 decli·

263 2739 269 2751 “
357 2735 497 2790 ustionem
517 2735 661 2807 eclipticae
681 2754 763 2792 verae
784 2747 892 2797 tautum
912 2741 1083 2802 decrevisse,
1108 2747 1239 2810 quantum
1260 2739 1378 2794 latitudo
1400 2738 1561 2803 stellarum,
1588 2755 1701 2792 consen-

355 2821 467 2872 taneum
487 2817 602 2881 ridetur,
625 2825 768 2890 utrumque
789 2838 850 2876 esse
872 2823 907 2876 ab
928 2824 1025 2878 eadem
1045 2837 1143 2884 causa.
1162 2838 1203 2876 sc
1227 2837 1282 2876 non
1303 2835 1321 2874 a
1341 2819 1494 2874 deflexione
1515 2817 1578 2872 axis
1599 2819 1701 2872 Terras

288 2921 290 2924 ·
355 2915 371 2950 ε
391 2913 443 2951 sua
462 2897 509 2950 via
527 2897 679 2967 KFL„sed
700 2901 966 2972 appropinquatione
986 2901 1044 2972 poli
1064 2901 1210 2971 eclipticas
1233 2917 1317 2956 verse
1337 2899 1366 2954 iu
1386 2899 1496 2954 circuilu
1516 2897 1625 2954 EBGD.
1665 2899 1703 2952 Et

352 2977 412 3046 jam
441 2977 548 3049 quidem
576 2996 630 3032 nou
656 2995 712 3050 ago
732 2983 765 3034 de
786 2983 1047 3040 commensuratione
1076 2989 1211 3046 motuum,
1242 2981 1428 3036 tautummodo
1457 2979 1530 3034 viam
1550 2985 1581 3033 et
1600 2979 1701 3048 primos

356 3058 435 3129 quasi
457 3057 546 3112 aditus
567 3058 668 3114 rudiori
688 3060 813 3116 Minerva
833 3070 919 3118 teuto.
961 3063 1004 3118 Sit
1023 3061 1109 3134 igitur
1128 3064 1209 3132 polus
1231 3061 1377 3132 eclipticae
1403 3065 1527 3129 tempore
1547 3057 1702 3128 Hipparchi

356 3139 384 3194 in
404 3140 439 3204 D,
469 3139 672 3202 contremit,
702 3141 849 3198 declinatio
879 3144 1005 3198 illic'Dl'
1026 3137 1078 3198 230
1099 3136 1157 3206 52¹,
1177 3141 1221 3196 hio
1241 3143 1287 3196 BF
1308 3136 1361 3196 230
1383 3133 1439 3196 32¹.
1481 3139 1645 3204 Quaeritur,
1666 3155 1703 3192 au

355 3220 407 3274 hoc
426 3225 510 3290 pacto
530 3225 561 3273 st
579 3220 695 3274 fixarum
715 3229 805 3278 motus
826 3229 855 3278 et
875 3224 939 3278 anui
959 3223 1121 3294 magnitudo
1142 3217 1227 3293 (quae
1248 3223 1285 3276 ab
1310 3220 1425 3276 iuncum
1450 3215 1621 3289 dependent)
1641 3219 1701 3274 red·

355 3302 455 3354 sanun
483 3299 666 3370 inaequales?
702 3302 816 3358 Omnino
846 3305 913 3358 fient
941 3304 1110 3375 inaequales.
1152 3303 1196 3358 Sit
1218 3302 1290 3356 enim
1310 3301 1371 3371 jam
1391 3301 1442 3356 KP
1465 3299 1556 3370 portio
1588 3298 1701 3364 circelli,

356 3397 435 3452 quern
456 3395 547 3435 annuo
567 3387 643 3435 motu
665 3383 772 3438 conficit
792 3383 854 3438 axis
876 3386 978 3440 Terrae
998 3385 1026 3438 in
1045 3383 1249 3455 praecedentia,
1276 3399 1326 3437 seu
1352 3383 1426 3436 fixae
1447 3380 1474 3434 in
1495 3379 1701 3451 consequentia,

355 3466 386 3516 et
406 3465 586 3514 connectatur
605 3461 634 3514 K
654 3479 714 3518 cum
733 3465 757 3518 B
778 3470 808 3518 ει
826 3465 861 3520 D.
903 3465 1083 3537 Triangulum
1108 3464 1193 3536 igitur
1213 3464 1288 3518 KBF
1308 3462 1440 3533 maiorem
1459 3461 1547 3516 habet
1567 3461 1702 3534 augurium

356 3541 389 3604 B,
412 3556 492 3610 quam
512 3540 590 3595 KDF
611 3544 743 3613 angulum
762 3545 797 3600 D.
838 3544 928 3613 Major
948 3546 1034 3618 igitur
1055 3545 1144 3614 portio
1172 3543 1278 3600 zodiaci
1301 3562 1339 3598 ex
1358 3545 1382 3596 B
1403 3540 1533 3612 descripti
1561 3540 1703 3596 subtendit

357 3621 490 3692 angulum
509 3622 542 3686 B,
571 3637 651 3691 quam
678 3624 818 3679 subtendit
846 3625 978 3696 angulum
996 3627 1023 3680 D
1044 3624 1135 3696 portio
1155 3642 1191 3679 ex
1211 3627 1238 3680 D
1264 3623 1393 3694 descripti
1421 3621 1534 3678 zodiaci.
1574 3621 1703 3676 Velooior

356 3701 444 3774 igitur
463 3701 491 3756 iu
512 3703 535 3754 B
556 3707 600 3756 est
619 3712 708 3760 motus
729 3706 780 3760 sub
801 3705 912 3760 zodiaco
934 3706 1164 3776 aequinoctiorum
1186 3705 1213 3760 iu
1226 3703 1430 3775 praecedentia,
1452 3701 1532 3757 citius
1552 3701 1641 3774 igitur
1653 3701 1702 3758 Sol

357 3784 390 3836 sd
412 3781 612 3852 aequinoctium
641 3784 730 3849 venit,
762 3791 792 3840 et
811 3785 851 3841 sic
870 3786 991 3855 tropicus
1019 3803 1107 3842 uuuus
1136 3787 1222 3841 minor
1251 3792 1303 3842 est.
1344 3784 1468 3840 Tentabo
1499 3783 1702 3838 umnsiouem.

356 3861 515 3918 Praecessio
543 3861 684 3920 mediocris
714 3865 794 3920 unius
825 3866 888 3922 auni
910 3873 953 3920 est
973 3884 1009 3921 ex
1030 3866 1185 3922 Prutenicis
1208 3861 1266 3923 50¹¹
1296 3871 1442 3921 numerate
1466 3865 1494 3920 in
1510 3863 1631 3918 ¹zodiaco
1652 3881 1701 3918 seu

356 3943 440 3998 etiam
459 3942 488 3997 iu
515 3942 615 3998 circulo
642 3945 737 4000 minori
763 3947 829 4012 KL,
851 3953 947 4018 estque
976 3948 1095 4020 angulus
1116 3947 1200 4002 KAF.
1241 3945 1284 4002 Sit
1303 3947 1358 4002 ΚΑ
1379 3939 1431 4000 230
1453 3939 1510 4008 422
1531 3946 1581 3999 ΑΒ
1605 3938 1652 4000 12’
1673 3947 1703 3996 ει

356 4025 434 4080 ΚΑΒ
456 4017 524 4078 50”.
567 4023 694 4087 Qualium
720 4042 790 4100 ergo
820 4027 894 4082 sinus
915 4027 999 4082 ΚΑΜ
1028 4035 1072 4082 est
1092 4022 1180 4092 2424,
1212 4026 1309 4082 talium
1338 4027 1413 4082 sinus
1437 4024 1519 4082 ΚΒΜ
1544 4025 1594 4080 flet
1615 4017 1701 4087 2443,

357 4105 432 4160 sinus
452 4104 537 4158 ΚΒΜ
557 4099 635 4160 2405
657 4106 773 4166 circiter.
814 4108 874 4163 Hoc
902 4115 1002 4179 pacto,
1034 4107 1141 4179 quoties
1171 4124 1259 4169 auuus
1284 4114 1329 4162 est
1357 4105 1548 4171 brevissimus,
1579 4110 1611 4158 ut
1630 4103 1708 4164 inter¹

356 4185 546 4240 Ptolemaeum
571 4189 601 4240 ct
620 4185 805 4256 Alpbonsum‚
836 4189 984 4259 requiritur
1011 4186 1159 4260 obliquitas
1189 4188 1307 4244 minima.
1347 4188 1420 4244 Sane
1448 4203 1526 4240 nemo
1554 4201 1617 4240 eam
1637 4192 1702 4238 tuuc

359 4267 495 4321 dimensus
516 4271 568 4322 est.
603 4267 641 4320 Et
660 4266 778 4322 vicissim
798 4270 834 4324 ab
856 4269 1000 4340 alphonso
1021 4271 1057 4325 ad
1077 4286 1126 4324 uos
1148 4275 1181 4324 ut
1200 4285 1287 4324 annus
1308 4268 1347 4322 sic
1367 4266 1515 4339 obliquitas
1536 4267 1621 4320 debet
1639 4282 1700 4335 per·

362 4361 472 4404 manere
501 4345 641 4418 aequalis.
673 4348 743 4418 quod
764 4354 794 4403 et
812 4367 906 4404 verum
935 4366 1017 4420 quam
1044 4349 1168 4420 proxime
1193 4349 1391 4420 deprehensum
1411 4354 1462 4402 est
1502 4345 1556 4402 Sed
1576 4345 1702 4402 exercitii

362 4427 458 4500 gratia
478 4426 552 4481 dicta
570 4428 640 4482 baec
660 4435 759 4492 suuto;
780 4429 835 4484 scio
856 4448 910 4485 nou
929 4431 970 4486 ita
989 4429 1090 4485 leuiter
1109 4429 1233 4501 expediri
1252 4447 1342 4502 posse.
1375 4433 1472 4500 (comp.
1490 4452 1515 4501 p.
1537 4429 1611 4496 429.)
1632 4457 1665 4468 -

448 4504 581 4571 Hucusque
598 4507 738 4571 Keplerus;
766 4507 890 4560 exordium
916 4508 1003 4560 barum
1030 4509 1155 4560 literarum
1183 4508 1333 4560 exhibuimus
1360 4506 1444 4565 sol-l,
1466 4523 1490 4574 p.
1511 4501 1580 4564 tss;
1607 4503 1701 4570 reliqua
1742 4497 1745 4508 '

363 4587 479 4654 leguntur
496 4589 543 4639 sol.
561 4588 595 4647 Π,
613 4603 637 4654 p.
658 4587 699 4648 78,
720 4584 780 4646 755,
800 4583 859 4638 790.
897 4588 1027 4640 Concludit
1045 4589 1185 4654 Keplerus:
1215 4581 1297 4637 Mitto
1329 4588 1359 4637 ει
1390 4579 1444 4636 hoc
1475 4580 1699 4649 rejectameutum

359 4661 508 4742 studiorum
536 4679 655 4718 meorum
680 4665 878 4734 (Prognostioum
896 4683 920 4721 a
940 4668 1022 4730 1602)
1051 4662 1192 4734 indiguum
1216 4663 1310 4735 Magn.
1339 4663 1432 4727 Tuae,
1462 4663 1511 4716 sed
1539 4659 1700 4714 mittendum

359 4751 465 4806 tamen,
493 4759 528 4797 ne
549 4752 578 4797 ιε
599 4751 655 4799 tam
685 4743 832 4800 sollicitum
852 4743 885 4797 de
910 4743 977 4799 meis
1007 4743 1102 4798 studiis
1132 4742 1276 4813 quidquam
1305 4759 1396 4797 eorum
1421 4743 1519 4798 lateat.
1558 4739 1631 4794 Vale
1651 4739 1700 4794 Vir

362 4823 519 4894 Magnifice,
540 4840 636 4895 meque
656 4840 815 4895 promovere
831 4817 931 4894 perge.
973 4823 1010 4880 hl.
1031 4823 1061 4882 T.
1082 4822 1295 4878 devinctissimus
1368 4821 1404 4877 M.
1426 4823 1469 4879 Jo.
1490 4821 1619 4895 Kepple.

446 4899 641 4954 Hsrvartus
663 4903 689 4956 iu
701 4903 858 4969 responuoue
870 4915 916 4958 sna
933 4902 1037 4972 primurn
1050 4901 1103 4954 adit
1114 4901 1216 4967 Keplerl
1227 4901 1421 4968 hoguostlosu.
1440 4900 1529 4959 delude
1540 4899 1695 4971 petitionem.
