3674 5532
617 309 679 364 Para
699 307 804 394 Quane.
841 307 923 376 Caput
939 307 1053 364 xnvnt
1444 303 1533 377 351.

160 487 246 564 enim
272 484 344 569 quia
365 485 486 570 planum
508 506 566 551 non
590 494 657 550 erat
680 487 831 570 exquisita
853 509 993 553 mensura
1015 509 1147 554 summae
1171 487 1392 566 distantiarum,
1415 489 1509 553 misso

161 579 250 659 igitur
278 577 368 659 plano
401 577 562 640 distantias
591 577 673 658 ipsas
690 581 872 659 'computavi
896 581 1079 661 singularum
1101 579 1356 644 circumferentiae
1379 580 1510 661 partium

161 666 327 750 aequaliter
362 665 485 732 divisae.
541 667 694 744 Secundo,
725 669 794 749 qnia
816 672 970 751 proportio
993 689 1050 732 nou
1075 669 1218 744 manebat
1238 669 1363 744 eadem,
1397 668 1510 732 additia

160 757 409 839 geometricorum
432 757 547 838 aliquot
568 758 793 839 proportionum
816 760 961 834 terminis,
985 759 1076 839 igitur
1099 759 1232 840 singulas
1256 759 1440 840 singularum
1460 759 1510 822 di-

143 845 344 912 ·stantiarnm
379 846 588 928 proportiones
619 849 658 910 ad
691 868 761 910 snos
785 869 871 912 arcus
895 849 1032 912 minimos
1055 849 1191 912 consului
1213 847 1349 912 seorsim.
1395 848 1509 924 Tertio,

161 938 231 1020 quia
254 955 372 998 summa
394 935 506 1017 aliquot
528 936 740 1000 distantiarum
754 957 820 1019 cap.
840 939 957 1001 XLVI.
978 957 1036 1000 nou
1051 939 1149 1019 potuit
1162 939 1304 1000 constitui
1319 938 1511 1018 geometrice,

161 1025 304 1090 constitui
333 1044 390 1105 ego
413 1024 461 1088 hic
485 1026 690 1102 arithmetice,
721 1026 794 1092 nihil
827 1029 905 1090 enim
940 1029 1133 1109 impediebat.
1188 1026 1319 1100 Quarto,
1351 1028 1408 1089 hoc
1439 1026 1511 1090 mihi

161 1114 285 1180 facienti
307 1115 420 1176 nullum
444 1122 510 1177 erat
533 1117 685 1197 negotium
709 1135 777 1180 cnm
800 1118 967 1181 sectouibus
992 1119 1055 1180 sive
1075 1117 1176 1181 circuli
1195 1117 1258 1180 sive
1273 1117 1385 1180 ovalis:
1410 1116 1512 1198 itaque

160 1225 198 1267 ne
231 1204 288 1266 hoc
325 1203 442 1285 quidem
464 1205 535 1267 mihi
560 1207 681 1271 obstare
704 1208 822 1288 potuit,
859 1209 937 1290 quod
965 1208 1009 1270 illi
1032 1215 1165 1272 sectores
1188 1207 1267 1269 iuter
1290 1227 1322 1270 ss
1346 1206 1511 1271 differrent.

159 1296 264 1376 Atque
287 1293 331 1356 ita
354 1313 434 1356 nova
456 1294 611 1358 molitione
635 1295 666 1358 in
689 1296 719 1358 id
743 1297 877 1372 incubui,
900 1306 935 1361 ut
958 1297 1065 1360 scirem
1088 1298 1137 1359 vel
1159 1297 1292 1372 tandem,
1315 1317 1353 1359 an
1378 1315 1416 1359 cx
1439 1315 1511 1358 sus-

162 1391 254 1466 cepta
281 1383 432 1463 justarum
464 1385 675 1448 distantiarum
705 1386 865 1470 hypothesi
899 1387 1052 1461 (nimirum
1076 1407 1115 1448 ex
1141 1386 1280 1468 opinione
1310 1405 1375 1468 cap.
1399 1383 1512 1466 XLV.)

161 1479 360 1556 sequerentur
383 1473 473 1536 etiam
497 1475 694 1556 aequationes
717 1496 770 1556 per
792 1476 936 1540 vicariam
961 1477 1048 1540 uobis
1070 1477 1293 1540 manifestatae.

248 1562 328 1626 Retu
351 1561 396 1624 ita
419 1583 485 1627 snm
508 1583 681 1646 aggressus.
720 1565 832 1646 Oentro
855 1569 892 1642 B,
916 1567 1097 1630 diastemate
1113 1565 1185 1650 BD,
1211 1565 1361 1629 scribatur
1383 1563 1512 1626 circulus

160 1649 264 1728 DGR,
287 1651 319 1714 in
352 1669 409 1732 qno
442 1653 483 1716 sit
514 1653 596 1716 linea
625 1654 762 1734 apsidum
784 1656 859 1732 DR,
883 1665 916 1719 et
937 1658 967 1720 A
990 1659 1058 1719 icus
1087 1654 1219 1731 virtutis,
1322 1725 1327 1738 Ι

162 1761 217 1806 seu
250 1747 386 1804 centnrm
408 1741 500 1806 Solis.
548 1743 691 1807 Sumatur
723 1746 753 1807 in
785 1746 896 1808 circulo
922 1743 984 1808 DG
1013 1751 1156 1826 punctum
1180 1743 1219 1819 G,
1300 1725 1354 1794 ¹¹¹⁸·
1375 1721 1434 1775 ¹⁰¹·

162 1830 243 1914 quod
267 1837 465 1894 connectatur
492 1851 559 1894 cum
580 1836 607 1897 B
631 1841 663 1896 et
684 1834 728 1909 A,
752 1841 784 1896 et
807 1835 847 1896 sit
875 1834 962 1898 initio
986 1834 1072 1899 GBD
1096 1833 1223 1914 angulus
1480 1814 1485 1847 ⁸

160 1939 304 1984 mensura
331 1921 476 2004 temporis
506 1923 724 2004 computandae
752 1923 926 1988 distantiae.
971 1925 1041 1988 Erit
1062 1931 1225 2006 propterea
1290 1979 1313 2025 E

163 2009 226 2074 GA
249 2008 398 2072 distamia
420 2029 493 2074 vera
524 2012 665 2093 planetae
689 2012 727 2075 ab
749 2012 798 2087 A,
828 2015 964 2096 quamvis
987 2015 1111 2095 planeta
1134 2013 1223 2075 exD
1276 2037 1322 2098 ιι,

161 2099 193 2162 in
217 2097 248 2162 G
272 2116 366 2178 usquc
388 2119 448 2164 non
477 2103 659 2182 pervenerit.
704 2103 784 2166 Nam
815 2104 890 2166 haec
920 2105 998 2166 ratio
1032 2101 1224 2184 computandi

162 2207 215 2252 sen
256 2189 482 2252 demonstrandi
517 2191 680 2254 distantias
716 2192 863 2256 hactenus
900 2213 938 2254 ex
969 2212 1035 2272 cap.
1064 2191 1163 2254 XLV.
1193 2191 1222 2252 iu
1269 2191 1273 2201 '

161 2279 399 2360 praesupposito
426 2286 483 2342 est
531 2278 580 2342 Sit
610 2289 710 2344 antem
733 2279 794 2344 DG
816 2301 888 2362 pars
917 2282 1025 2346 circuli
1056 2281 1161 2368 exilis,
1192 2287 1226 2342 nt
1305 2345 1307 2355 ,

166 2363 202 2430 1⁰
223 2368 264 2430 de
288 2361 381 2430 360⁰.
426 2369 474 2431 Ac
498 2388 565 2432 cum
586 2371 757 2451 hujusmodi
786 2371 950 2435 distantiae
972 2370 1035 2435 AG
1060 2390 1163 2433 omnes
1186 2369 1226 2430 ad

163 2456 299 2520 omnium
321 2457 468 2535 graduum
489 2456 551 2520 DG
574 2460 719 2524 terminos
742 2459 771 2522 D
795 2468 827 2523 ct
850 2461 880 2524 G
902 2464 959 2524 hoo
986 2462 1076 2524 modo
1101 2477 1225 2540 compu-
1316 2462 1352 2554 ‘q
1425 2473 1438 2493 ⁸

162 2545 222 2612 tari
256 2545 377 2626 possint
405 2565 459 2628 per
490 2548 700 2612 demonstrata
732 2569 799 2632 cap.
831 2551 959 2628 XXIX,
997 2550 1106 2630 collegi
1135 2549 1227 2629 igitur
1329 2549 1378 2630 Q
1404 2629 1408 2636 .
1523 2566 1528 2577 ·

163 2653 270 2700 omncs
303 2631 369 2698 360
401 2635 564 2700 distantias
594 2637 658 2700 AG
686 2638 864 2717 longissima
893 2641 1046 2704 additione
1079 2641 1109 2702 iu
1137 2655 1227 2700 uuam

163 2743 322 2800 summam,
345 2744 421 2805 quae
445 2725 568 2788 iuventa
591 2734 639 2790 est
662 2723 837 2795 36075562
862 2729 1102 2804 (ecoentricitate
1120 2724 1224 2801 9165)

161 2814 349 2898 respondeus
372 2813 509 2894 integrae
533 2818 660 2880 semitae
684 2818 763 2880 ovali
786 2821 905 2884 Martis.
950 2818 1021 2882 Jam
1048 2826 1150 2882 centro
1174 2818 1214 2892 A,
1239 2809 1418 2874 diastemate
1441 2807 1514 2886 AG,

161 2903 315 2970 scribatur
336 2922 425 2966 arcus
448 2922 554 2968 versus
577 2906 616 2981 D,
641 2906 690 2988 qui
714 2907 756 2970 sit
779 2906 845 2971 Ge.
889 2909 931 2971 Et
953 2911 1032 2990 quia,
1047 2927 1113 2990 ,quo
1137 2906 1254 2985 longior
1277 2899 1434 2974 distantia,
1456 2899 1516 2970 hoo

159 2991 284 3056 bravius
308 2991 368 3054 iter
377 2993 541 3075 planetae,
566 2995 638 3059 data
661 3013 732 3075 ergo
755 2998 902 3062 distantia
925 3017 1013 3061 arens
1036 2995 1141 3059 circuli
1158 2991 1220 3058 DG
1243 2988 1308 3071 (llui
1331 3006 1420 3050 ²1⁰1ss
1438 2987 1514 3067 jam,

162 3081 232 3148 dum
249 3080 313 3146 Gn
328 3080 505 3146 distantiam
528 3092 744 3166 computamus,
768 3086 843 3150 nihil
863 3087 945 3150 aliud
968 3088 1090 3149 metitur
1113 3101 1202 3166 quam
1225 3078 1371 3157 temtum),
1394 3074 1516 3139 dabitur

162 3181 193 3236 ct
214 3172 374 3250 longitudo
397 3172 515 3248 itineris
538 3174 634 3236 uvalis
652 3172 719 3249 ΒΟ,
743 3176 821 3256 qnod
843 3175 967 3258 planeta
990 3176 1021 3238 iu
1045 3183 1185 3254 suscepto
1207 3179 1342 3247 tempore
1360 3161 1422 3226 DG
1445 3166 1536 3237 (Μ’

162 3260 317 3325 anomalia
330 3261 460 3343 simplici
477 3259 526 3337 1⁰)
546 3262 673 3326 conficit.
711 3265 790 3327 Nam
809 3272 843 3327 ut
856 3265 1013 3345 longitudo
1029 3265 1123 3327 totius
1140 3261 1236 3326 ovalis
1254 3253 1525 3318 circumferentiae·

162 3353 201 3414 ad
224 3369 375 3414 summam
398 3351 609 3415 distantiarum
633 3355 773 3429 omnium,
797 3354 842 3417 ita
857 3375 890 3417 se
913 3355 1005 3417 habet
1027 3352 1174 3416 distantia
1193 3365 1281 3411 arcus
1294 3340 1351 3406 ΒΟ
1376 3342 1516 3416 (inventa

161 3461 216 3523 por
239 3458 345 3503 arcum
366 3437 443 3513 DG)
466 3442 505 3502 ad
528 3441 746 3521 longitudinem
770 3443 816 3506 sui
840 3463 928 3506 arcus
952 3443 1049 3506 uvalis
1073 3441 1138 3506 Dc.
1178 3438 1343 3501 Probatum
1366 3431 1445 3494 enim
1468 3438 1518 3494 est

162 3549 255 3613 supra
278 3547 344 3610 cap.
369 3529 519 3594 XXXIIL
543 3539 575 3594 et
597 3540 773 3612 usurpatum
797 3552 862 3614 cap.
886 3533 1001 3598 XLVI.
1027 3531 1093 3606 (ubi
1113 3529 1202 3612 hujus
1226 3521 1410 3608 operationis
1428 3523 1516 3603 jacta

163 3628 234 3684 suut
257 3618 467 3694 fundamenta)
492 3639 613 3684 arcuum
636 3623 840 3684 confectorum
864 3623 903 3684 ad
922 3623 1083 3686 distantias
1106 3617 1330 3702 proportionem
1353 3629 1421 3674 esse
1443 3629 1517 3694 per-

162 3715 321 3774 mutatam.
358 3709 429 3771 luit
451 3716 553 3772 autem
575 3710 657 3772 haec·
674 3711 772 3774 cautio
796 3730 815 3773 a
836 3731 884 3774 me
908 3711 1053 3789 adhibita,
1077 3719 1113 3774 ut
1130 3711 1327 3792 jungerentur
1354 3699 1423 3779 Au,
1446 3699 1516 3778 AO,

162 3798 284 3862 scilicet
311 3797 504 3861 terminorum
541 3796 566 3862 G
596 3807 628 3862 et
656 3800 685 3862 D
717 3800 879 3864 distantiae
907 3802 946 3864 ab
970 3799 1010 3873 A,
1034 3810 1066 3864 et
1222 3823 1357 3900 55102,

162 3887 296 3953 medinm
319 3905 452 3950 summae
475 3895 669 3972 usurparetur
687 3909 742 3970 pro
766 3891 896 3972 genuina
918 3891 1066 3954 distantia
1142 3903 1144 3910 “

164 3997 253 4042 arcum
276 3975 373 4039 totius
395 3973 462 4040 DC.
507 3977 669 4042 Dividetur
696 3981 775 4043 enim
805 3980 933 4044 circulus
957 3980 1067 4062 aliquis

164 4065 351 4131 ecceutricus
379 4064 457 4141 ΒΚ,
490 4075 593 4129 centro
621 4069 649 4129 B
682 4070 868 4150 descriptus,
900 4069 930 4132 iu
961 4075 1066 4151 partes
1142 4107 1161 4153 ο

165 4163 356 4240 quotcunque
379 4154 410 4217 in
432 4155 471 4231 D,
496 4153 535 4225 G,
559 4156 595 4232 L,
619 4156 659 4232 K,
682 4157 725 4232 M,
748 4159 792 4234 N,
817 4166 848 4221 et
870 4179 889 4220 a
910 4159 1066 4240 principiis
1198 4172 1202 4199 ι

165 4245 317 4328 partium,
350 4245 648 4321 cennomannis,
682 4246 828 4310 ducantur
857 4267 946 4311 arcus
972 4269 1066 4330 usque

166 4336 203 4398 ad
225 4334 327 4397 lineas
355 4353 394 4394 ex
415 4334 522 4418 Aper
544 4335 619 4398 fines
642 4355 764 4400 arcuum
788 4337 917 4417 ejectas,
942 4345 976 4399 ut
996 4335 1066 4413 DO,

168 4421 231 4500 GP,
255 4421 327 4497 LQ,
350 4421 420 4498 KR,
444 4421 512 4498 its,
534 4423 610 4500 NT;
642 4433 729 4488 erunt
760 4426 852 4507 plana
882 4427 913 4488 in
943 4427 1066 4490 sinistro

166 4513 355 4576 semicirculo
371 4510 471 4589 ADO,
487 4511 585 4588 AGP,
604 4512 693 4586 ALQ
715 4515 832 4594 majora
848 4515 932 4596 justo
942 4537 952 4592 ;
975 4516 1068 4597 plana

166 4603 197 4665 in
225 4602 338 4665 dextro
367 4600 465 4679 Anu,
497 4601 597 4679 ΑΜΒ,
629 4603 720 4667 AKR
751 4602 868 4667 minora
891 4605 986 4685 justo.
1030 4606 1105 4689 lup

166 4691 300 4756 minimis
322 4689 415 4771 igitur
437 4690 565 4756 alterum
588 4693 627 4754 ab
657 4693 753 4756 altero
782 4702 1010 4775 compensatur,
1033 4701 1068 4757 ut

167 4781 263 4862 TNA,
279 4779 371 4846 ODA
387 4800 475 4865 quam
496 4775 631 4868 proxime
650 4789 782 4868 aequant
801 4781 921 4848 GDNA
935 4784 1066 4868 planum.
1165 4771 1170 4784 ’
1239 4767 1251 4792 '
