<?xml version="1.0" encoding="UTF-8"?>
<!DOCTYPE html PUBLIC "-//W3C//DTD XHTML 1.0 Transitional//EN"
    "http://www.w3.org/TR/xhtml1/DTD/xhtml1-transitional.dtd">
<html xmlns="http://www.w3.org/1999/xhtml" xml:lang="en" lang="en">
 <head>
  <title>
</title>
<meta http-equiv="Content-Type" content="text/html;charset=utf-8" />
  <meta name='ocr-system' content='tesseract 3.04.00' />
  <meta name='ocr-capabilities' content='ocr_page ocr_carea ocr_par ocr_line ocrx_word'/>
</head>
<body>
  <div class='ocr_page' id='page_1' title='image "./joanniskepleria28frisgoog_0447.png"; bbox 0 0 3678 5532; ppageno 0'>
   <div class='ocr_carea' id='block_1_1' title="bbox 326 281 1187 359">
    <p class='ocr_par' dir='ltr' id='par_1_1' title="bbox 326 281 1187 359">
     <span class='ocr_line' id='line_1_1' title="bbox 326 281 1187 359; baseline -0.003 -9"><span class='ocrx_word' id='word_1_1' title='bbox 326 281 391 352; x_wconf 68' lang='lat'><strong>2126</strong></span> <span class='ocrx_word' id='word_1_2' title='bbox 805 283 1187 359; x_wconf 55' lang='lat' dir='ltr'><strong>circumsecantes</strong></span> 
     </span>
    </p>
   </div>
   <div class='ocr_carea' id='block_1_2' title="bbox 325 464 1666 616">
    <p class='ocr_par' dir='ltr' id='par_1_2' title="bbox 325 464 1666 616">
     <span class='ocr_line' id='line_1_2' title="bbox 325 464 1666 616; baseline 0.008 -89"><span class='ocrx_word' id='word_1_3' title='bbox 325 464 539 616; x_wconf 46' lang='lat' dir='ltr'><strong>{numn-</strong></span> <span class='ocrx_word' id='word_1_4' title='bbox 517 485 571 546; x_wconf 92' lang='lat' dir='ltr'><strong>pro</strong></span> <span class='ocrx_word' id='word_1_5' title='bbox 594 467 690 533; x_wconf 88' lang='lat' dir='ltr'><strong>lubitu</strong></span> <span class='ocrx_word' id='word_1_6' title='bbox 720 488 877 550; x_wconf 78' lang='lat' dir='ltr'><strong>magnam,</strong></span> <span class='ocrx_word' id='word_1_7' title='bbox 909 473 996 540; x_wconf 86' lang='lat' dir='ltr'><strong>facile</strong></span> <span class='ocrx_word' id='word_1_8' title='bbox 1020 470 1092 538; x_wconf 72' lang='lat' dir='ltr'><strong>(bini</strong></span> <span class='ocrx_word' id='word_1_9' title='bbox 1121 474 1210 555; x_wconf 60' lang='lat' dir='ltr'><strong>huj·</strong></span> <span class='ocrx_word' id='word_1_10' title='bbox 1238 473 1346 556; x_wconf 88' lang='lat' dir='ltr'><strong>capitis</strong></span> <span class='ocrx_word' id='word_1_11' title='bbox 1378 465 1666 554; x_wconf 82' lang='lat' dir='ltr'><strong>argumentationes.</strong></span> 
     </span>
    </p>
   </div>
   <div class='ocr_carea' id='block_1_3' title="bbox 326 558 1668 912">
    <p class='ocr_par' dir='ltr' id='par_1_3' title="bbox 326 558 1668 912">
     <span class='ocr_line' id='line_1_3' title="bbox 357 558 1668 644; baseline 0.008 -28.282"><span class='ocrx_word' id='word_1_12' title='bbox 357 563 517 616; x_wconf 87' lang='lat' dir='ltr'><strong>t.certum</strong></span> <span class='ocrx_word' id='word_1_13' title='bbox 526 558 579 626; x_wconf 72' lang='lat' dir='ltr'><strong>*est</strong></span> <span class='ocrx_word' id='word_1_14' title='bbox 602 577 639 618; x_wconf 86' lang='lat' dir='ltr'><strong>ex</strong></span> <span class='ocrx_word' id='word_1_15' title='bbox 662 558 847 622; x_wconf 82' lang='lat' dir='ltr'>documentis</span> <span class='ocrx_word' id='word_1_16' title='bbox 874 561 1020 642; x_wconf 90' lang='lat' dir='ltr'><strong>pluribus,</strong></span> <span class='ocrx_word' id='word_1_17' title='bbox 1053 583 1112 625; x_wconf 91' lang='lat' dir='ltr'><strong>non</strong></span> <span class='ocrx_word' id='word_1_18' title='bbox 1141 581 1232 643; x_wconf 89' lang='lat' dir='ltr'><strong>posse</strong></span> <span class='ocrx_word' id='word_1_19' title='bbox 1260 563 1380 626; x_wconf 80' lang='lat' dir='ltr'><strong>admitti</strong></span> <span class='ocrx_word' id='word_1_20' title='bbox 1411 563 1581 644; x_wconf 83' lang='lat' dir='ltr'><strong>parallaxin</strong></span> <span class='ocrx_word' id='word_1_21' title='bbox 1604 572 1668 626; x_wconf 88' lang='lat' dir='ltr'><strong>tarn</strong></span> 
     </span>
     <span class='ocr_line' id='line_1_4' title="bbox 326 647 1668 734; baseline 0.009 -30"><span class='ocrx_word' id='word_1_22' title='bbox 326 662 480 723; x_wconf 88' lang='lat' dir='ltr'><strong>magnam,</strong></span> <span class='ocrx_word' id='word_1_23' title='bbox 514 654 547 708; x_wconf 90' lang='grc' dir='ltr'><strong>ιιι</strong></span> <span class='ocrx_word' id='word_1_24' title='bbox 576 647 664 727; x_wconf 89' lang='lat' dir='ltr'><strong>plane</strong></span> <span class='ocrx_word' id='word_1_25' title='bbox 698 657 855 711; x_wconf 81' lang='lat' dir='ltr'>enervetur</span> <span class='ocrx_word' id='word_1_26' title='bbox 885 650 958 713; x_wconf 87' lang='lat' dir='ltr'><strong>baec</strong></span> <span class='ocrx_word' id='word_1_27' title='bbox 993 650 1219 717; x_wconf 81' lang='lat' dir='ltr'><strong>demonstratio.</strong></span> <span class='ocrx_word' id='word_1_28' title='bbox 1276 650 1409 734; x_wconf 83' lang='lat' dir='ltr'><strong>Cumque</strong></span> <span class='ocrx_word' id='word_1_29' title='bbox 1443 653 1545 717; x_wconf 87' lang='lat' dir='ltr'><strong>thema</strong></span> <span class='ocrx_word' id='word_1_30' title='bbox 1579 653 1668 733; x_wconf 86' lang='lat' dir='ltr'><strong>hujus</strong></span> 
     </span>
     <span class='ocr_line' id='line_1_5' title="bbox 326 732 1668 820; baseline 0.007 -26"><span class='ocrx_word' id='word_1_31' title='bbox 326 732 434 811; x_wconf 88' lang='lat' dir='ltr'><strong>capitis</strong></span> <span class='ocrx_word' id='word_1_32' title='bbox 457 733 625 796; x_wconf 86' lang='lat' dir='ltr'><strong>firmissime</strong></span> <span class='ocrx_word' id='word_1_33' title='bbox 649 735 690 796; x_wconf 89' lang='lat' dir='ltr'><strong>sit</strong></span> <span class='ocrx_word' id='word_1_34' title='bbox 713 737 947 802; x_wconf 85' lang='lat' dir='ltr'><strong>demonstratum</strong></span> <span class='ocrx_word' id='word_1_35' title='bbox 970 759 1034 820; x_wconf 92' lang='lat' dir='ltr'><strong>eap.</strong></span> <span class='ocrx_word' id='word_1_36' title='bbox 1057 739 1127 815; x_wconf 88' lang='lat' dir='ltr'><strong>LII,</strong></span> <span class='ocrx_word' id='word_1_37' title='bbox 1159 759 1280 820; x_wconf 86' lang='lat' dir='ltr'><strong>possem</strong></span> <span class='ocrx_word' id='word_1_38' title='bbox 1308 750 1483 804; x_wconf 88' lang='lat' dir='ltr'><strong>convertere</strong></span> <span class='ocrx_word' id='word_1_39' title='bbox 1506 743 1593 816; x_wconf 89' lang='lat' dir='ltr'><strong>vela,</strong></span> <span class='ocrx_word' id='word_1_40' title='bbox 1623 739 1668 806; x_wconf 83' lang='lat' dir='ltr'><strong>sie</strong></span> 
     </span>
     <span class='ocr_line' id='line_1_6' title="bbox 326 823 1667 912; baseline 0.004 -28"><span class='ocrx_word' id='word_1_41' title='bbox 326 829 360 884; x_wconf 94' lang='grc' dir='ltr'><strong>ιιι</strong></span> <span class='ocrx_word' id='word_1_42' title='bbox 386 840 443 882; x_wconf 91' lang='lat' dir='ltr'><strong>non</strong></span> <span class='ocrx_word' id='word_1_43' title='bbox 473 823 727 887; x_wconf 78' lang='lat' dir='ltr'><strong>demonstraretur</strong></span> <span class='ocrx_word' id='word_1_44' title='bbox 756 827 812 888; x_wconf 87' lang='lat' dir='ltr'><strong>hoa</strong></span> <span class='ocrx_word' id='word_1_45' title='bbox 841 827 943 890; x_wconf 86' lang='lat' dir='ltr'><strong>thema</strong></span> <span class='ocrx_word' id='word_1_46' title='bbox 971 849 1008 892; x_wconf 83' lang='lat' dir='ltr'><strong>ex</strong></span> <span class='ocrx_word' id='word_1_47' title='bbox 1036 839 1148 910; x_wconf 86' lang='lat' dir='ltr'><strong>negata</strong></span> <span class='ocrx_word' id='word_1_48' title='bbox 1174 831 1335 910; x_wconf 82' lang='lat' dir='ltr'><strong>parallaxi,</strong></span> <span class='ocrx_word' id='word_1_49' title='bbox 1369 831 1422 892; x_wconf 89' lang='lat' dir='ltr'><strong>sed</strong></span> <span class='ocrx_word' id='word_1_50' title='bbox 1452 849 1489 892; x_wconf 87' lang='lat' dir='ltr'><strong>ex</strong></span> <span class='ocrx_word' id='word_1_51' title='bbox 1517 829 1667 912; x_wconf 72' lang='lat' dir='ltr'><strong>positione</strong></span> 
     </span>
    </p>
   </div>
   <div class='ocr_carea' id='block_1_4' title="bbox 325 910 1670 1083">
    <p class='ocr_par' dir='ltr' id='par_1_4' title="bbox 325 910 1670 1083">
     <span class='ocr_line' id='line_1_7' title="bbox 326 910 1670 1000; baseline 0.007 -30"><span class='ocrx_word' id='word_1_52' title='bbox 326 910 413 991; x_wconf 89' lang='lat' dir='ltr'><strong>hujus</strong></span> <span class='ocrx_word' id='word_1_53' title='bbox 437 911 590 986; x_wconf 81' lang='lat' dir='ltr'><strong>thematis,</strong></span> <span class='ocrx_word' id='word_1_54' title='bbox 613 914 692 994; x_wconf 92' lang='lat' dir='ltr'><strong>quod</strong></span> <span class='ocrx_word' id='word_1_55' title='bbox 713 914 864 996; x_wconf 85' lang='lat' dir='ltr'><strong>propriam</strong></span> <span class='ocrx_word' id='word_1_56' title='bbox 887 918 978 980; x_wconf 90' lang='lat' dir='ltr'><strong>habet</strong></span> <span class='ocrx_word' id='word_1_57' title='bbox 1000 937 1065 1000; x_wconf 87' lang='lat' dir='ltr'><strong>cap.</strong></span> <span class='ocrx_word' id='word_1_58' title='bbox 1089 919 1155 982; x_wconf 83' lang='lat' dir='ltr'><strong>LII.</strong></span> <span class='ocrx_word' id='word_1_59' title='bbox 1169 920 1481 999; x_wconf 74' lang='lat' dir='ltr'><strong>demonstrationem,</strong></span> <span class='ocrx_word' id='word_1_60' title='bbox 1509 926 1670 1000; x_wconf 74' lang='lat' dir='ltr'><strong>negaretur</strong></span> 
     </span>
     <span class='ocr_line' id='line_1_8' title="bbox 325 1000 786 1083; baseline 0.011 -23"><span class='ocrx_word' id='word_1_61' title='bbox 325 1000 501 1080; x_wconf 86' lang='lat' dir='ltr'><strong>parallexis,</strong></span> <span class='ocrx_word' id='word_1_62' title='bbox 524 1009 558 1062; x_wconf 89' lang='lat' dir='ltr'><strong>ut</strong></span> <span class='ocrx_word' id='word_1_63' title='bbox 579 1019 645 1083; x_wconf 91' lang='lat' dir='ltr'><strong>cap.</strong></span> <span class='ocrx_word' id='word_1_64' title='bbox 670 1003 786 1065; x_wconf 85' lang='lat' dir='ltr'>LXIV.</span> 
     </span>
    </p>
   </div>
   <div class='ocr_carea' id='block_1_5' title="bbox 413 1089 1669 1176">
    <p class='ocr_par' dir='ltr' id='par_1_5' title="bbox 413 1089 1669 1176">
     <span class='ocr_line' id='line_1_9' title="bbox 413 1089 1669 1176; baseline 0.003 -24"><span class='ocrx_word' id='word_1_65' title='bbox 413 1090 521 1152; x_wconf 88' lang='lat' dir='ltr'><strong>Utrum</strong></span> <span class='ocrx_word' id='word_1_66' title='bbox 544 1089 648 1166; x_wconf 83' lang='lat' dir='ltr'><strong>lacios,</strong></span> <span class='ocrx_word' id='word_1_67' title='bbox 672 1093 796 1172; x_wconf 88' lang='lat' dir='ltr'><strong>perinde</strong></span> <span class='ocrx_word' id='word_1_68' title='bbox 819 1101 876 1155; x_wconf 88' lang='lat' dir='ltr'><strong>est.</strong></span> <span class='ocrx_word' id='word_1_69' title='bbox 922 1094 1086 1176; x_wconf 87' lang='lat' dir='ltr'><strong>Utrumque</strong></span> <span class='ocrx_word' id='word_1_70' title='bbox 1113 1095 1192 1160; x_wconf 87' lang='lat' dir='ltr'><strong>enirn</strong></span> <span class='ocrx_word' id='word_1_71' title='bbox 1221 1097 1323 1158; x_wconf 86' lang='lat' dir='ltr'><strong>thema</strong></span> <span class='ocrx_word' id='word_1_72' title='bbox 1352 1095 1444 1158; x_wconf 88' lang='lat' dir='ltr'><strong>habet</strong></span> <span class='ocrx_word' id='word_1_73' title='bbox 1474 1094 1551 1157; x_wconf 86' lang='lat' dir='ltr'><strong>alias</strong></span> <span class='ocrx_word' id='word_1_74' title='bbox 1574 1093 1669 1157; x_wconf 86' lang='lat' dir='ltr'><strong>etiarn</strong></span> 
     </span>
    </p>
   </div>
   <div class='ocr_carea' id='block_1_6' title="bbox 326 1177 1668 1333">
    <p class='ocr_par' dir='ltr' id='par_1_6' title="bbox 326 1177 1668 1331">
     <span class='ocr_line' id='line_1_10' title="bbox 326 1177 1668 1272; baseline 0.003 -32"><span class='ocrx_word' id='word_1_75' title='bbox 326 1177 606 1242; x_wconf 84' lang='lat' dir='ltr'><strong>demonstrationes.</strong></span> <span class='ocrx_word' id='word_1_76' title='bbox 652 1181 729 1272; x_wconf 86' lang='lat' dir='ltr'><strong>Mihi</strong></span> <span class='ocrx_word' id='word_1_77' title='bbox 752 1182 826 1243; x_wconf 90' lang='lat' dir='ltr'><strong>baec</strong></span> <span class='ocrx_word' id='word_1_78' title='bbox 850 1182 900 1243; x_wconf 76' lang='lat' dir='ltr'><strong>ria</strong></span> <span class='ocrx_word' id='word_1_79' title='bbox 921 1185 1048 1265; x_wconf 87' lang='lat' dir='ltr'><strong>primum</strong></span> <span class='ocrx_word' id='word_1_80' title='bbox 1071 1185 1200 1248; x_wconf 89' lang='lat' dir='ltr'><strong>occurrit</strong></span> <span class='ocrx_word' id='word_1_81' title='bbox 1222 1195 1255 1246; x_wconf 90' lang='lat' dir='ltr'><strong>et</strong></span> <span class='ocrx_word' id='word_1_82' title='bbox 1275 1185 1407 1267; x_wconf 85' lang='lat' dir='ltr'><strong>placuit,</strong></span> <span class='ocrx_word' id='word_1_83' title='bbox 1435 1193 1468 1248; x_wconf 92' lang='grc' dir='ltr'><strong>ιιι</strong></span> <span class='ocrx_word' id='word_1_84' title='bbox 1491 1202 1668 1246; x_wconf 89' lang='lat' dir='ltr'><strong>consensum</strong></span> 
     </span>
     <span class='ocr_line' id='line_1_11' title="bbox 326 1262 679 1333; baseline -0.013 -2"><span class='ocrx_word' id='word_1_85' title='bbox 326 1285 422 1331; x_wconf 88' lang='lat' dir='ltr'><strong>rerum</strong></span> <span class='ocrx_word' id='word_1_86' title='bbox 447 1262 679 1333; x_wconf 48' lang='lat' dir='ltr'><strong>ostenderem(</strong></span> 
     </span>
    </p>
   </div>
   <div class='ocr_carea' id='block_1_7' title="bbox 905 1479 1088 1492">
    <p class='ocr_par' dir='ltr' id='par_1_7' title="bbox 905 1479 1088 1492">
     <span class='ocr_line' id='line_1_12' title="bbox 905 1479 1088 1492; baseline 0.022 -4"><span class='ocrx_word' id='word_1_87' title='bbox 905 1479 1088 1492; x_wconf 49' lang='grc' dir='ltr'><em>Ἥ</em></span> 
     </span>
    </p>
   </div>
   <div class='ocr_carea' id='block_1_8' title="bbox 836 1675 1248 1779">
    <p class='ocr_par' dir='ltr' id='par_1_8' title="bbox 836 1675 1248 1779">
     <span class='ocr_line' id='line_1_13' title="bbox 836 1675 1248 1779; baseline 0 -25"><span class='ocrx_word' id='word_1_88' title='bbox 836 1675 956 1779; x_wconf 83' lang='lat' dir='ltr'><strong>Caput</strong></span> <span class='ocrx_word' id='word_1_89' title='bbox 985 1677 1156 1754; x_wconf 83' lang='lat' dir='ltr'><strong>LXVIII.</strong></span> <span class='ocrx_word' id='word_1_90' title='bbox 1243 1714 1248 1720; x_wconf 92' lang='lat'>·</span> 
     </span>
    </p>
   </div>
   <div class='ocr_carea' id='block_1_9' title="bbox 327 1835 1671 2082">
    <p class='ocr_par' dir='ltr' id='par_1_9' title="bbox 327 1835 1670 2082">
     <span class='ocr_line' id='line_1_14' title="bbox 327 1835 1668 1924; baseline -0.004 -20"><span class='ocrx_word' id='word_1_91' title='bbox 327 1841 381 1904; x_wconf 80' lang='lat' dir='ltr'><strong>An</strong></span> <span class='ocrx_word' id='word_1_92' title='bbox 402 1837 624 1902; x_wconf 75' lang='lat' dir='ltr'><strong>inclinationes</strong></span> <span class='ocrx_word' id='word_1_93' title='bbox 646 1835 817 1922; x_wconf 81' lang='lat' dir='ltr'><strong>planorum</strong></span> <span class='ocrx_word' id='word_1_94' title='bbox 841 1839 959 1902; x_wconf 83' lang='lat' dir='ltr'><strong>Martie</strong></span> <span class='ocrx_word' id='word_1_95' title='bbox 980 1848 1009 1902; x_wconf 85' lang='lat' dir='ltr'><strong>et</strong></span> <span class='ocrx_word' id='word_1_96' title='bbox 1036 1836 1199 1924; x_wconf 85' lang='lat' dir='ltr'><strong>eclipticae</strong></span> <span class='ocrx_word' id='word_1_97' title='bbox 1230 1841 1358 1903; x_wconf 84' lang='lat' dir='ltr'><strong>eaedem</strong></span> <span class='ocrx_word' id='word_1_98' title='bbox 1384 1842 1449 1902; x_wconf 78' lang='grc' dir='ltr'>οἰιιι</span> <span class='ocrx_word' id='word_1_99' title='bbox 1482 1837 1539 1902; x_wconf 75' lang='lat' dir='ltr'><strong>tae</strong></span> <span class='ocrx_word' id='word_1_100' title='bbox 1561 1843 1668 1900; x_wconf 81' lang='lat' dir='ltr'><strong>nostro</strong></span> 
     </span>
     <span class='ocr_line' id='line_1_15' title="bbox 327 1923 1671 2012; baseline -0.001 -20"><span class='ocrx_word' id='word_1_101' title='bbox 327 1937 357 1992; x_wconf 87' lang='lat' dir='ltr'><strong>et</strong></span> <span class='ocrx_word' id='word_1_102' title='bbox 384 1929 562 1994; x_wconf 75' lang='lat' dir='ltr'><strong>Ptolemaei</strong></span> <span class='ocrx_word' id='word_1_103' title='bbox 596 1929 710 1993; x_wconf 82' lang='lat' dir='ltr'><strong>seculo</strong></span> <span class='ocrx_word' id='word_1_104' title='bbox 767 1927 829 1992; x_wconf 82' lang='lat' dir='ltr'><strong>Uli</strong></span> <span class='ocrx_word' id='word_1_105' title='bbox 860 1929 899 1991; x_wconf 83' lang='lat' dir='ltr'><strong>de</strong></span> <span class='ocrx_word' id='word_1_106' title='bbox 935 1926 1096 2012; x_wconf 84' lang='lat' dir='ltr'><strong>eclipticae</strong></span> <span class='ocrx_word' id='word_1_107' title='bbox 1131 1929 1352 1994; x_wconf 71' lang='lat' dir='ltr'><strong>latitudinibus</strong></span> <span class='ocrx_word' id='word_1_108' title='bbox 1380 1929 1479 2010; x_wconf 78' lang='lat' dir='ltr'><strong>depae</strong></span> <span class='ocrx_word' id='word_1_109' title='bbox 1505 1923 1671 2008; x_wconf 77' lang='lat' dir='ltr'><strong>irmeqnali</strong></span> 
     </span>
     <span class='ocr_line' id='line_1_16' title="bbox 814 2018 1180 2082; baseline 0.006 -2"><span class='ocrx_word' id='word_1_110' title='bbox 814 2018 968 2080; x_wconf 84' lang='lat' dir='ltr'><strong>nodorum</strong></span> <span class='ocrx_word' id='word_1_111' title='bbox 990 2019 1180 2082; x_wconf 81' lang='lat' dir='ltr'><strong>eirmcitlone.</strong></span> 
     </span>
    </p>
   </div>
   <div class='ocr_carea' id='block_1_10' title="bbox 319 2157 1671 4378">
    <p class='ocr_par' dir='ltr' id='par_1_10' title="bbox 329 2157 1669 2488">
     <span class='ocr_line' id='line_1_17' title="bbox 416 2157 1669 2240; baseline -0.002 -20"><span class='ocrx_word' id='word_1_112' title='bbox 416 2157 538 2220; x_wconf 85' lang='lat' dir='ltr'><strong>Dictum</strong></span> <span class='ocrx_word' id='word_1_113' title='bbox 561 2165 609 2220; x_wconf 89' lang='lat' dir='ltr'><strong>est</strong></span> <span class='ocrx_word' id='word_1_114' title='bbox 631 2175 695 2238; x_wconf 89' lang='lat' dir='ltr'><strong>cap.</strong></span> <span class='ocrx_word' id='word_1_115' title='bbox 719 2157 811 2234; x_wconf 90' lang='lat' dir='ltr'><strong>XIV,</strong></span> <span class='ocrx_word' id='word_1_116' title='bbox 833 2158 864 2221; x_wconf 94' lang='lat' dir='ltr'><strong>in</strong></span> <span class='ocrx_word' id='word_1_117' title='bbox 887 2159 1081 2240; x_wconf 88' lang='lat' dir='ltr'><strong>unaqualibet</strong></span> <span class='ocrx_word' id='word_1_118' title='bbox 1104 2159 1225 2238; x_wconf 91' lang='lat' dir='ltr'><strong>periodo</strong></span> <span class='ocrx_word' id='word_1_119' title='bbox 1249 2158 1359 2227; x_wconf 77' lang='lat' dir='ltr'><strong>Martis</strong></span> <span class='ocrx_word' id='word_1_120' title='bbox 1383 2157 1592 2240; x_wconf 82' lang='lat' dir='ltr'><strong>obliquitatem</strong></span> <span class='ocrx_word' id='word_1_121' title='bbox 1616 2175 1669 2218; x_wconf 91' lang='lat' dir='ltr'><strong>seu</strong></span> 
     </span>
     <span class='ocr_line' id='line_1_18' title="bbox 329 2245 1669 2330; baseline 0.001 -23"><span class='ocrx_word' id='word_1_122' title='bbox 329 2246 553 2311; x_wconf 72' lang='lat' dir='ltr'><strong>inclinatiorem</strong></span> <span class='ocrx_word' id='word_1_123' title='bbox 575 2247 658 2326; x_wconf 90' lang='lat' dir='ltr'><strong>plani</strong></span> <span class='ocrx_word' id='word_1_124' title='bbox 681 2247 786 2309; x_wconf 88' lang='lat' dir='ltr'><strong>Martii</strong></span> <span class='ocrx_word' id='word_1_125' title='bbox 809 2249 991 2330; x_wconf 78' lang='lat' dir='ltr'><strong>adplenum</strong></span> <span class='ocrx_word' id='word_1_126' title='bbox 1014 2250 1168 2330; x_wconf 83' lang='lat' dir='ltr'><strong>eclipticas</strong></span> <span class='ocrx_word' id='word_1_127' title='bbox 1191 2268 1312 2312; x_wconf 89' lang='lat' dir='ltr'><strong>manere</strong></span> <span class='ocrx_word' id='word_1_128' title='bbox 1328 2247 1425 2310; x_wconf 83' lang='lat' dir='ltr'><strong>lixam.</strong></span> <span class='ocrx_word' id='word_1_129' title='bbox 1474 2245 1579 2308; x_wconf 84' lang='lat' dir='ltr'><strong>Oritur</strong></span> <span class='ocrx_word' id='word_1_130' title='bbox 1597 2265 1669 2308; x_wconf 83' lang='lat' dir='ltr'><strong>vero</strong></span> 
     </span>
     <span class='ocr_line' id='line_1_19' title="bbox 331 2335 1669 2418; baseline 0 -22"><span class='ocrx_word' id='word_1_131' title='bbox 331 2335 489 2416; x_wconf 62' lang='lat' dir='ltr'><strong>dubitatio,</strong></span> <span class='ocrx_word' id='word_1_132' title='bbox 515 2355 552 2396; x_wconf 87' lang='lat' dir='ltr'><strong>an</strong></span> <span class='ocrx_word' id='word_1_133' title='bbox 576 2335 711 2396; x_wconf 87' lang='lat' dir='ltr'><strong>omnibns</strong></span> <span class='ocrx_word' id='word_1_134' title='bbox 736 2337 845 2398; x_wconf 87' lang='lat' dir='ltr'><strong>seculis</strong></span> <span class='ocrx_word' id='word_1_135' title='bbox 868 2338 973 2400; x_wconf 87' lang='lat' dir='ltr'><strong>eadem</strong></span> <span class='ocrx_word' id='word_1_136' title='bbox 995 2338 1037 2400; x_wconf 92' lang='lat' dir='ltr'><strong>sit</strong></span> <span class='ocrx_word' id='word_1_137' title='bbox 1059 2347 1091 2400; x_wconf 90' lang='lat' dir='ltr'><strong>et</strong></span> <span class='ocrx_word' id='word_1_138' title='bbox 1113 2341 1172 2400; x_wconf 82' lang='lat' dir='ltr'><strong>fine</strong></span> <span class='ocrx_word' id='word_1_139' title='bbox 1185 2337 1260 2403; x_wconf 89' lang='lat' dir='ltr'><strong>baec</strong></span> <span class='ocrx_word' id='word_1_140' title='bbox 1275 2338 1446 2418; x_wconf 87' lang='lat' dir='ltr'><strong>obliquitas.</strong></span> <span class='ocrx_word' id='word_1_141' title='bbox 1494 2335 1595 2400; x_wconf 80' lang='lat' dir='ltr'><strong>Causa</strong></span> <span class='ocrx_word' id='word_1_142' title='bbox 1611 2335 1669 2396; x_wconf 93' lang='lat' dir='ltr'><strong>du-</strong></span> 
     </span>
     <span class='ocr_line' id='line_1_20' title="bbox 330 2423 665 2488; baseline 0.003 -2"><span class='ocrx_word' id='word_1_143' title='bbox 330 2423 486 2486; x_wconf 87' lang='lat' dir='ltr'><strong>bitationis</strong></span> <span class='ocrx_word' id='word_1_144' title='bbox 509 2423 583 2484; x_wconf 89' lang='lat' dir='ltr'><strong>haec</strong></span> <span class='ocrx_word' id='word_1_145' title='bbox 608 2432 665 2488; x_wconf 88' lang='lat' dir='ltr'><strong>est.</strong></span> 
     </span>
    </p>

    <p class='ocr_par' dir='ltr' id='par_1_11' title="bbox 330 2473 1670 3300">
     <span class='ocr_line' id='line_1_21' title="bbox 419 2473 1668 2599; baseline 0.001 -26"><span class='ocrx_word' id='word_1_146' title='bbox 419 2512 646 2574; x_wconf 87' lang='lat' dir='ltr'><strong>Demonstravit</strong></span> <span class='ocrx_word' id='word_1_147' title='bbox 666 2513 803 2576; x_wconf 88' lang='lat' dir='ltr'><strong>Brahens</strong></span> <span class='ocrx_word' id='word_1_148' title='bbox 828 2522 910 2579; x_wconf 87' lang='lat' dir='ltr'><strong>tomo</strong></span> <span class='ocrx_word' id='word_1_149' title='bbox 931 2473 1026 2596; x_wconf 83' lang='lat' dir='ltr'><strong>primo</strong></span> <span class='ocrx_word' id='word_1_150' title='bbox 1048 2518 1349 2599; x_wconf 82' lang='lat' dir='ltr'><strong>Progymnasmatum</strong></span> <span class='ocrx_word' id='word_1_151' title='bbox 1373 2515 1424 2576; x_wconf 88' lang='lat' dir='ltr'><strong>fol.</strong></span> <span class='ocrx_word' id='word_1_152' title='bbox 1450 2509 1528 2589; x_wconf 82' lang='lat'><strong>233,</strong></span> <span class='ocrx_word' id='word_1_153' title='bbox 1560 2512 1668 2575; x_wconf 85' lang='lat' dir='ltr'><strong>stella-</strong></span> 
     </span>
     <span class='ocr_line' id='line_1_22' title="bbox 331 2600 1670 2688; baseline 0.001 -26"><span class='ocrx_word' id='word_1_154' title='bbox 331 2620 394 2662; x_wconf 91' lang='lat' dir='ltr'><strong>rum</strong></span> <span class='ocrx_word' id='word_1_155' title='bbox 430 2600 555 2664; x_wconf 83' lang='lat' dir='ltr'><strong>fixarum</strong></span> <span class='ocrx_word' id='word_1_156' title='bbox 588 2602 761 2666; x_wconf 87' lang='lat' dir='ltr'><strong>latitudines</strong></span> <span class='ocrx_word' id='word_1_157' title='bbox 790 2603 878 2665; x_wconf 90' lang='lat' dir='ltr'><strong>hodie</strong></span> <span class='ocrx_word' id='word_1_158' title='bbox 907 2623 974 2666; x_wconf 89' lang='lat' dir='ltr'><strong>esse</strong></span> <span class='ocrx_word' id='word_1_159' title='bbox 1007 2605 1101 2680; x_wconf 90' lang='lat' dir='ltr'><strong>alias,</strong></span> <span class='ocrx_word' id='word_1_160' title='bbox 1134 2625 1220 2688; x_wconf 85' lang='lat' dir='ltr'><strong>quarn</strong></span> <span class='ocrx_word' id='word_1_161' title='bbox 1247 2612 1381 2683; x_wconf 87' lang='lat' dir='ltr'><strong>tempore</strong></span> <span class='ocrx_word' id='word_1_162' title='bbox 1405 2601 1587 2665; x_wconf 87' lang='lat' dir='ltr'><strong>Ptolemaei:</strong></span> <span class='ocrx_word' id='word_1_163' title='bbox 1612 2603 1670 2666; x_wconf 87' lang='lat' dir='ltr'><strong>hoc</strong></span> 
     </span>
     <span class='ocr_line' id='line_1_23' title="bbox 331 2689 1668 2772; baseline 0.001 -21"><span class='ocrx_word' id='word_1_164' title='bbox 331 2689 519 2764; x_wconf 77' lang='lat' dir='ltr'><strong>discrimina,</strong></span> <span class='ocrx_word' id='word_1_165' title='bbox 547 2692 626 2772; x_wconf 93' lang='lat' dir='ltr'><strong>quod</strong></span> <span class='ocrx_word' id='word_1_166' title='bbox 652 2691 759 2753; x_wconf 88' lang='lat' dir='ltr'><strong>stellae</strong></span> <span class='ocrx_word' id='word_1_167' title='bbox 787 2692 924 2754; x_wconf 86' lang='lat' dir='ltr'><strong>boreales</strong></span> <span class='ocrx_word' id='word_1_168' title='bbox 952 2693 1033 2756; x_wconf 88' lang='lat' dir='ltr'><strong>cirea</strong></span> <span class='ocrx_word' id='word_1_169' title='bbox 1061 2693 1222 2766; x_wconf 79' lang='lat' dir='ltr'><strong>solstitium</strong></span> <span class='ocrx_word' id='word_1_170' title='bbox 1254 2693 1399 2756; x_wconf 88' lang='lat' dir='ltr'><strong>aestivum</strong></span> <span class='ocrx_word' id='word_1_171' title='bbox 1428 2693 1567 2768; x_wconf 80' lang='lat' dir='ltr'><strong>auxerint</strong></span> <span class='ocrx_word' id='word_1_172' title='bbox 1592 2690 1668 2754; x_wconf 89' lang='lat' dir='ltr'><strong>lati-</strong></span> 
     </span>
     <span class='ocr_line' id='line_1_24' title="bbox 330 2779 1669 2853; baseline 0.001 -12"><span class='ocrx_word' id='word_1_173' title='bbox 330 2779 468 2853; x_wconf 90' lang='lat' dir='ltr'><strong>tudines,</strong></span> <span class='ocrx_word' id='word_1_174' title='bbox 496 2780 644 2847; x_wconf 80' lang='lat' dir='ltr'><strong>australes</strong></span> <span class='ocrx_word' id='word_1_175' title='bbox 675 2799 727 2842; x_wconf 88' lang='lat' dir='ltr'><strong>eas</strong></span> <span class='ocrx_word' id='word_1_176' title='bbox 757 2780 961 2844; x_wconf 87' lang='lat' dir='ltr'><strong>diminuerint:</strong></span> <span class='ocrx_word' id='word_1_177' title='bbox 991 2792 1023 2844; x_wconf 89' lang='lat' dir='ltr'><strong>ct</strong></span> <span class='ocrx_word' id='word_1_178' title='bbox 1045 2782 1177 2846; x_wconf 86' lang='lat' dir='ltr'><strong>vicissim</strong></span> <span class='ocrx_word' id='word_1_179' title='bbox 1206 2782 1287 2848; x_wconf 91' lang='lat' dir='ltr'><strong>circa</strong></span> <span class='ocrx_word' id='word_1_180' title='bbox 1315 2781 1479 2844; x_wconf 85' lang='lat' dir='ltr'><strong>solstitium</strong></span> <span class='ocrx_word' id='word_1_181' title='bbox 1510 2780 1669 2842; x_wconf 91' lang='lat' dir='ltr'><strong>hibernum</strong></span> 
     </span>
     <span class='ocr_line' id='line_1_25' title="bbox 331 2868 1670 2945; baseline 0.001 -16"><span class='ocrx_word' id='word_1_182' title='bbox 331 2868 467 2930; x_wconf 88' lang='lat' dir='ltr'><strong>boreales</strong></span> <span class='ocrx_word' id='word_1_183' title='bbox 491 2870 597 2933; x_wconf 80' lang='lat' dir='ltr'><strong>stellae</strong></span> <span class='ocrx_word' id='word_1_184' title='bbox 621 2870 821 2945; x_wconf 89' lang='lat' dir='ltr'><strong>diminuerint,</strong></span> <span class='ocrx_word' id='word_1_185' title='bbox 845 2873 995 2934; x_wconf 87' lang='lat' dir='ltr'><strong>australes</strong></span> <span class='ocrx_word' id='word_1_186' title='bbox 1018 2874 1156 2936; x_wconf 82' lang='lat' dir='ltr'><strong>auxerint</strong></span> <span class='ocrx_word' id='word_1_187' title='bbox 1179 2871 1371 2934; x_wconf 87' lang='lat' dir='ltr'><strong>latitudines:</strong></span> <span class='ocrx_word' id='word_1_188' title='bbox 1401 2870 1439 2932; x_wconf 89' lang='lat' dir='ltr'><strong>ab</strong></span> <span class='ocrx_word' id='word_1_189' title='bbox 1462 2869 1510 2932; x_wconf 85' lang='lat' dir='ltr'><strong>his</strong></span> <span class='ocrx_word' id='word_1_190' title='bbox 1533 2869 1670 2932; x_wconf 88' lang='lat' dir='ltr'><strong>terminis</strong></span> 
     </span>
     <span class='ocr_line' id='line_1_26' title="bbox 331 2956 1668 3040; baseline -0.001 -21"><span class='ocrx_word' id='word_1_191' title='bbox 331 2976 388 3038; x_wconf 91' lang='lat' dir='ltr'><strong>qno</strong></span> <span class='ocrx_word' id='word_1_192' title='bbox 411 2956 508 3036; x_wconf 85' lang='lat' dir='ltr'><strong>magis</strong></span> <span class='ocrx_word' id='word_1_193' title='bbox 531 2977 635 3020; x_wconf 89' lang='lat' dir='ltr'><strong>versus</strong></span> <span class='ocrx_word' id='word_1_194' title='bbox 659 2959 891 3040; x_wconf 84' lang='lat' dir='ltr'><strong>aequinoctialia</strong></span> <span class='ocrx_word' id='word_1_195' title='bbox 913 2971 1023 3040; x_wconf 87' lang='lat' dir='ltr'><strong>puncta</strong></span> <span class='ocrx_word' id='word_1_196' title='bbox 1045 2963 1121 3038; x_wconf 91' lang='lat' dir='ltr'><strong>itur,</strong></span> <span class='ocrx_word' id='word_1_197' title='bbox 1145 2963 1202 3024; x_wconf 91' lang='lat' dir='ltr'><strong>hoc</strong></span> <span class='ocrx_word' id='word_1_198' title='bbox 1224 2959 1367 3022; x_wconf 90' lang='lat' dir='ltr'><strong>minorem</strong></span> <span class='ocrx_word' id='word_1_199' title='bbox 1390 2959 1537 3022; x_wconf 87' lang='lat' dir='ltr'><strong>accidisse</strong></span> <span class='ocrx_word' id='word_1_200' title='bbox 1560 2957 1668 3021; x_wconf 82' lang='lat' dir='ltr'><strong>latitu-</strong></span> 
     </span>
     <span class='ocr_line' id='line_1_27' title="bbox 331 3047 1669 3152; baseline 0 -44"><span class='ocrx_word' id='word_1_201' title='bbox 331 3047 412 3108; x_wconf 87' lang='lat' dir='ltr'><strong>dinis</strong></span> <span class='ocrx_word' id='word_1_202' title='bbox 437 3047 634 3108; x_wconf 83' lang='lat' dir='ltr'><strong>variationem</strong></span> <span class='ocrx_word' id='word_1_203' title='bbox 657 3049 790 3129; x_wconf 89' lang='lat' dir='ltr'><strong>adeoque</strong></span> <span class='ocrx_word' id='word_1_204' title='bbox 813 3048 946 3150; x_wconf 77' lang='lat' dir='ltr'><strong>proxime</strong></span> <span class='ocrx_word' id='word_1_205' title='bbox 969 3051 1036 3132; x_wconf 87' lang='lat' dir='ltr'><strong>ipsa</strong></span> <span class='ocrx_word' id='word_1_206' title='bbox 1054 3058 1165 3132; x_wconf 88' lang='lat' dir='ltr'><strong>puncta</strong></span> <span class='ocrx_word' id='word_1_207' title='bbox 1188 3047 1418 3152; x_wconf 79' lang='lat' dir='ltr'><strong>aequinoctialia</strong></span> <span class='ocrx_word' id='word_1_208' title='bbox 1439 3049 1527 3129; x_wconf 90' lang='lat' dir='ltr'><strong>plane</strong></span> <span class='ocrx_word' id='word_1_209' title='bbox 1548 3047 1669 3110; x_wconf 89' lang='lat' dir='ltr'><strong>nullam.</strong></span> 
     </span>
     <span class='ocr_line' id='line_1_28' title="bbox 330 3132 1669 3223; baseline -0.001 -25"><span class='ocrx_word' id='word_1_210' title='bbox 330 3138 417 3198; x_wconf 89' lang='lat' dir='ltr'><strong>Hanc</strong></span> <span class='ocrx_word' id='word_1_211' title='bbox 445 3136 541 3198; x_wconf 88' lang='lat' dir='ltr'><strong>nostri</strong></span> <span class='ocrx_word' id='word_1_212' title='bbox 572 3137 713 3217; x_wconf 88' lang='lat' dir='ltr'><strong>temporis</strong></span> <span class='ocrx_word' id='word_1_213' title='bbox 751 3137 966 3218; x_wconf 85' lang='lat' dir='ltr'><strong>experientiam</strong></span> <span class='ocrx_word' id='word_1_214' title='bbox 996 3140 1035 3200; x_wconf 92' lang='lat' dir='ltr'><strong>ad</strong></span> <span class='ocrx_word' id='word_1_215' title='bbox 1067 3148 1171 3202; x_wconf 90' lang='lat' dir='ltr'><strong>nostra</strong></span> <span class='ocrx_word' id='word_1_216' title='bbox 1196 3137 1342 3223; x_wconf 92' lang='lat' dir='ltr'><strong>principia</strong></span> <span class='ocrx_word' id='word_1_217' title='bbox 1364 3156 1429 3218; x_wconf 90' lang='lat' dir='ltr'><strong>cap.</strong></span> <span class='ocrx_word' id='word_1_218' title='bbox 1453 3132 1571 3201; x_wconf 84' lang='lat' dir='ltr'><strong>LXIII.</strong></span> <span class='ocrx_word' id='word_1_219' title='bbox 1596 3155 1669 3198; x_wconf 88' lang='lat' dir='ltr'><strong>con-</strong></span> 
     </span>
     <span class='ocr_line' id='line_1_29' title="bbox 331 3225 829 3300; baseline 0 -12"><span class='ocrx_word' id='word_1_220' title='bbox 331 3225 439 3288; x_wconf 88' lang='lat' dir='ltr'><strong>stituta</strong></span> <span class='ocrx_word' id='word_1_221' title='bbox 466 3225 510 3286; x_wconf 91' lang='lat' dir='ltr'><strong>sic</strong></span> <span class='ocrx_word' id='word_1_222' title='bbox 532 3225 829 3300; x_wconf 83' lang='lat' dir='ltr'><strong>accommodabimus.</strong></span> 
     </span>
    </p>

    <p class='ocr_par' dir='ltr' id='par_1_12' title="bbox 319 3313 1671 4378">
     <span class='ocr_line' id='line_1_30' title="bbox 420 3313 1668 3396; baseline 0.002 -21"><span class='ocrx_word' id='word_1_223' title='bbox 420 3313 586 3393; x_wconf 81' lang='lat' dir='ltr'><strong>Sphaeram</strong></span> <span class='ocrx_word' id='word_1_224' title='bbox 612 3313 736 3378; x_wconf 68' lang='grc' dir='ltr'>ιἰιιιιιιιιιι</span> <span class='ocrx_word' id='word_1_225' title='bbox 765 3317 907 3380; x_wconf 86' lang='lat' dir='ltr'><strong>immenso</strong></span> <span class='ocrx_word' id='word_1_226' title='bbox 938 3315 1097 3380; x_wconf 90' lang='lat' dir='ltr'><strong>intervallo</strong></span> <span class='ocrx_word' id='word_1_227' title='bbox 1122 3335 1213 3396; x_wconf 91' lang='lat' dir='ltr'><strong>supra</strong></span> <span class='ocrx_word' id='word_1_228' title='bbox 1234 3315 1374 3395; x_wconf 86' lang='lat' dir='ltr'><strong>planetas</strong></span> <span class='ocrx_word' id='word_1_229' title='bbox 1398 3313 1509 3378; x_wconf 87' lang='lat' dir='ltr'><strong>elevari</strong></span> <span class='ocrx_word' id='word_1_230' title='bbox 1532 3321 1668 3377; x_wconf 88' lang='lat' dir='ltr'><strong>constat.</strong></span> 
     </span>
     <span class='ocr_line' id='line_1_31' title="bbox 334 3401 1668 3484; baseline 0 -18"><span class='ocrx_word' id='word_1_231' title='bbox 334 3404 435 3484; x_wconf 89' lang='lat' dir='ltr'><strong>itaque</strong></span> <span class='ocrx_word' id='word_1_232' title='bbox 459 3403 584 3464; x_wconf 90' lang='lat' dir='ltr'><strong>eandem</strong></span> <span class='ocrx_word' id='word_1_233' title='bbox 608 3412 639 3464; x_wconf 91' lang='lat' dir='ltr'><strong>et</strong></span> <span class='ocrx_word' id='word_1_234' title='bbox 661 3403 786 3467; x_wconf 89' lang='lat' dir='ltr'><strong>liberam</strong></span> <span class='ocrx_word' id='word_1_235' title='bbox 808 3424 876 3467; x_wconf 92' lang='lat' dir='ltr'><strong>esse</strong></span> <span class='ocrx_word' id='word_1_236' title='bbox 900 3406 1040 3468; x_wconf 86' lang='lat' dir='ltr'><strong>convenit</strong></span> <span class='ocrx_word' id='word_1_237' title='bbox 1062 3405 1099 3468; x_wconf 89' lang='lat' dir='ltr'><strong>ab</strong></span> <span class='ocrx_word' id='word_1_238' title='bbox 1123 3405 1160 3466; x_wconf 88' lang='lat' dir='ltr'><strong>iis</strong></span> <span class='ocrx_word' id='word_1_239' title='bbox 1176 3403 1315 3477; x_wconf 68' lang='lat' dir='ltr'><strong>motibus,</strong></span> <span class='ocrx_word' id='word_1_240' title='bbox 1340 3401 1389 3484; x_wconf 90' lang='lat' dir='ltr'><strong>qui</strong></span> <span class='ocrx_word' id='word_1_241' title='bbox 1410 3405 1512 3482; x_wconf 90' lang='lat' dir='ltr'><strong>planet</strong></span> <span class='ocrx_word' id='word_1_242' title='bbox 1499 3404 1539 3466; x_wconf 86' lang='lat' dir='ltr'><strong>tis</strong></span> <span class='ocrx_word' id='word_1_243' title='bbox 1557 3404 1668 3467; x_wconf 80' lang='lat' dir='ltr'><strong>insunt.</strong></span> 
     </span>
     <span class='ocr_line' id='line_1_32' title="bbox 335 3490 1670 3598; baseline 0.001 -43"><span class='ocrx_word' id='word_1_244' title='bbox 335 3492 371 3555; x_wconf 94' lang='lat' dir='ltr'><strong>Id</strong></span> <span class='ocrx_word' id='word_1_245' title='bbox 395 3490 513 3570; x_wconf 81' lang='lat' dir='ltr'><strong>quidem</strong></span> <span class='ocrx_word' id='word_1_246' title='bbox 538 3491 721 3572; x_wconf 88' lang='lat' dir='ltr'><strong>Copernicus</strong></span> <span class='ocrx_word' id='word_1_247' title='bbox 745 3491 920 3598; x_wconf 80' lang='lat' dir='ltr'><strong>simpliciter</strong></span> <span class='ocrx_word' id='word_1_248' title='bbox 941 3496 1043 3574; x_wconf 92' lang='lat' dir='ltr'><strong>ponit,</strong></span> <span class='ocrx_word' id='word_1_249' title='bbox 1075 3495 1149 3555; x_wconf 86' lang='lat' dir='ltr'><strong>lixas</strong></span> <span class='ocrx_word' id='word_1_250' title='bbox 1173 3493 1251 3555; x_wconf 91' lang='lat' dir='ltr'><strong>omni</strong></span> <span class='ocrx_word' id='word_1_251' title='bbox 1275 3494 1362 3572; x_wconf 86' lang='lat' dir='ltr'><strong>plene</strong></span> <span class='ocrx_word' id='word_1_252' title='bbox 1385 3503 1467 3556; x_wconf 87' lang='lat' dir='ltr'><strong>motu</strong></span> <span class='ocrx_word' id='word_1_253' title='bbox 1491 3493 1527 3556; x_wconf 93' lang='lat' dir='ltr'><strong>de</strong></span> <span class='ocrx_word' id='word_1_254' title='bbox 1551 3494 1648 3557; x_wconf 90' lang='lat' dir='ltr'><strong>loco</strong></span> <span class='ocrx_word' id='word_1_255' title='bbox 1639 3515 1670 3557; x_wconf 87' lang='grc' dir='ltr'><strong>ιιι</strong></span> 
     </span>
     <span class='ocr_line' id='line_1_33' title="bbox 332 3579 1670 3664; baseline 0.001 -21"><span class='ocrx_word' id='word_1_256' title='bbox 332 3581 430 3644; x_wconf 89' lang='lat' dir='ltr'><strong>locum</strong></span> <span class='ocrx_word' id='word_1_257' title='bbox 467 3598 534 3642; x_wconf 87' lang='lat' dir='ltr'><strong>esse</strong></span> <span class='ocrx_word' id='word_1_258' title='bbox 568 3579 678 3642; x_wconf 90' lang='lat' dir='ltr'><strong>liberas</strong></span> <span class='ocrx_word' id='word_1_259' title='bbox 689 3590 740 3657; x_wconf 89' lang='lat' dir='ltr'><strong>et</strong></span> <span class='ocrx_word' id='word_1_260' title='bbox 766 3583 809 3644; x_wconf 89' lang='lat' dir='ltr'><strong>sic</strong></span> <span class='ocrx_word' id='word_1_261' title='bbox 837 3601 905 3645; x_wconf 88' lang='lat' dir='ltr'><strong>vere</strong></span> <span class='ocrx_word' id='word_1_262' title='bbox 936 3587 1010 3645; x_wconf 82' lang='lat' dir='ltr'><strong>lixas</strong></span> <span class='ocrx_word' id='word_1_263' title='bbox 1037 3583 1144 3646; x_wconf 91' lang='lat' dir='ltr'><strong>iisdem</strong></span> <span class='ocrx_word' id='word_1_264' title='bbox 1173 3593 1316 3664; x_wconf 81' lang='lat' dir='ltr'><strong>perpetuo</strong></span> <span class='ocrx_word' id='word_1_265' title='bbox 1340 3581 1435 3643; x_wconf 90' lang='lat' dir='ltr'><strong>loeis.&#39;</strong></span> <span class='ocrx_word' id='word_1_266' title='bbox 1472 3580 1547 3644; x_wconf 84' lang='lat' dir='ltr'><strong>Cum</strong></span> <span class='ocrx_word' id='word_1_267' title='bbox 1571 3595 1670 3644; x_wconf 86' lang='lat' dir='ltr'><strong>autem</strong></span> 
     </span>
     <span class='ocr_line' id='line_1_34' title="bbox 335 3663 1670 3752; baseline 0.001 -21"><span class='ocrx_word' id='word_1_268' title='bbox 335 3668 476 3749; x_wconf 89' lang='lat' dir='ltr'><strong>ecliptica</strong></span> <span class='ocrx_word' id='word_1_269' title='bbox 503 3669 544 3749; x_wconf 78' lang='lat' dir='ltr'><strong>siJ</strong></span> <span class='ocrx_word' id='word_1_270' title='bbox 571 3669 741 3731; x_wconf 79' lang='lat' dir='ltr'><strong>eiraulus&#39;</strong></span> <span class='ocrx_word' id='word_1_271' title='bbox 733 3689 763 3731; x_wconf 90' lang='lat' dir='ltr'><strong>ru</strong></span> <span class='ocrx_word' id='word_1_272' title='bbox 793 3671 921 3751; x_wconf 87' lang='lat' dir='ltr'><strong>sphaera</strong></span> <span class='ocrx_word' id='word_1_273' title='bbox 943 3674 1067 3734; x_wconf 85' lang='lat' dir='ltr'><strong>lixarum</strong></span> <span class='ocrx_word' id='word_1_274' title='bbox 1090 3671 1254 3746; x_wconf 78' lang='lat' dir='ltr'><strong>maximus,</strong></span> <span class='ocrx_word' id='word_1_275' title='bbox 1288 3663 1342 3732; x_wconf 88' lang='lat' dir='ltr'><strong>sub</strong></span> <span class='ocrx_word' id='word_1_276' title='bbox 1366 3690 1423 3752; x_wconf 90' lang='lat' dir='ltr'><strong>quo</strong></span> <span class='ocrx_word' id='word_1_277' title='bbox 1447 3669 1501 3732; x_wconf 90' lang='lat' dir='ltr'><strong>Sol</strong></span> <span class='ocrx_word' id='word_1_278' title='bbox 1523 3670 1609 3734; x_wconf 89' lang='lat' dir='ltr'><strong>nobis</strong></span> <span class='ocrx_word' id='word_1_279' title='bbox 1633 3690 1670 3732; x_wconf 85' lang='lat' dir='ltr'><strong>ax</strong></span> 
     </span>
     <span class='ocr_line' id='line_1_35' title="bbox 333 3759 1670 3861; baseline -0.001 -40"><span class='ocrx_word' id='word_1_280' title='bbox 333 3760 429 3822; x_wconf 85' lang='lat' dir='ltr'><strong>Terra</strong></span> <span class='ocrx_word' id='word_1_281' title='bbox 450 3760 594 3838; x_wconf 75' lang='lat' dir='ltr'><strong>perpetuo</strong></span> <span class='ocrx_word' id='word_1_282' title='bbox 617 3767 753 3838; x_wconf 89' lang='lat' dir='ltr'><strong>apparet,</strong></span> <span class='ocrx_word' id='word_1_283' title='bbox 778 3779 920 3861; x_wconf 81' lang='lat' dir='ltr'><strong>quemque</strong></span> <span class='ocrx_word' id='word_1_284' title='bbox 943 3761 970 3823; x_wconf 89' lang='lat' dir='ltr'><strong>is</strong></span> <span class='ocrx_word' id='word_1_285' title='bbox 994 3769 1105 3822; x_wconf 89' lang='lat' dir='ltr'><strong>annuat</strong></span> <span class='ocrx_word' id='word_1_286' title='bbox 1106 3763 1146 3823; x_wconf 91' lang='lat' dir='ltr'><strong>im</strong></span> <span class='ocrx_word' id='word_1_287' title='bbox 1169 3778 1339 3842; x_wconf 88' lang='lat' dir='ltr'><strong>percurrere</strong></span> <span class='ocrx_word' id='word_1_288' title='bbox 1356 3760 1492 3821; x_wconf 88' lang='lat' dir='ltr'><strong>videtur:</strong></span> <span class='ocrx_word' id='word_1_289' title='bbox 1517 3759 1580 3822; x_wconf 84' lang='lat' dir='ltr'><strong>sive</strong></span> <span class='ocrx_word' id='word_1_290' title='bbox 1606 3760 1670 3824; x_wconf 84' lang='lat' dir='ltr'><strong>Soli</strong></span> 
     </span>
     <span class='ocr_line' id='line_1_36' title="bbox 319 3846 1670 3931; baseline 0.001 -21"><span class='ocrx_word' id='word_1_291' title='bbox 319 3849 400 3911; x_wconf 84' lang='lat' dir='ltr'><strong>sive</strong></span> <span class='ocrx_word' id='word_1_292' title='bbox 415 3846 525 3908; x_wconf 88' lang='lat' dir='ltr'><strong>Terrae</strong></span> <span class='ocrx_word' id='word_1_293' title='bbox 549 3849 701 3928; x_wconf 72' lang='lat' dir='ltr'><strong>competat</strong></span> <span class='ocrx_word' id='word_1_294' title='bbox 724 3857 822 3912; x_wconf 86' lang='lat' dir='ltr'><strong>motus</strong></span> <span class='ocrx_word' id='word_1_295' title='bbox 845 3848 913 3923; x_wconf 90' lang='lat' dir='ltr'><strong>iste,</strong></span> <span class='ocrx_word' id='word_1_296' title='bbox 936 3851 1073 3930; x_wconf 88' lang='lat' dir='ltr'><strong>utrinque</strong></span> <span class='ocrx_word' id='word_1_297' title='bbox 1097 3851 1148 3913; x_wconf 92' lang='lat' dir='ltr'><strong>uni</strong></span> <span class='ocrx_word' id='word_1_298' title='bbox 1170 3870 1208 3912; x_wconf 84' lang='lat' dir='ltr'><strong>ex</strong></span> <span class='ocrx_word' id='word_1_299' title='bbox 1228 3849 1360 3931; x_wconf 89' lang='lat' dir='ltr'><strong>planetis</strong></span> <span class='ocrx_word' id='word_1_300' title='bbox 1383 3849 1543 3930; x_wconf 85' lang='lat' dir='ltr'><strong>competit:</strong></span> <span class='ocrx_word' id='word_1_301' title='bbox 1568 3858 1603 3912; x_wconf 91' lang='lat' dir='ltr'><strong>ut</strong></span> <span class='ocrx_word' id='word_1_302' title='bbox 1626 3851 1670 3912; x_wconf 91' lang='lat' dir='ltr'><strong>ita</strong></span> 
     </span>
     <span class='ocr_line' id='line_1_37' title="bbox 333 3935 1670 4019; baseline 0.002 -20"><span class='ocrx_word' id='word_1_303' title='bbox 333 3938 409 3999; x_wconf 82' lang='lat' dir='ltr'><strong>fixae</strong></span> <span class='ocrx_word' id='word_1_304' title='bbox 433 3955 491 3998; x_wconf 93' lang='lat' dir='ltr'><strong>non</strong></span> <span class='ocrx_word' id='word_1_305' title='bbox 513 3935 649 4015; x_wconf 71' lang='lat' dir='ltr'><strong>ipsamin</strong></span> <span class='ocrx_word' id='word_1_306' title='bbox 664 3957 697 3999; x_wconf 89' lang='lat' dir='ltr'><strong>se</strong></span> <span class='ocrx_word' id='word_1_307' title='bbox 721 3937 850 4002; x_wconf 90' lang='lat' dir='ltr'><strong>habeant</strong></span> <span class='ocrx_word' id='word_1_308' title='bbox 873 3939 1028 4019; x_wconf 81' lang='lat' dir='ltr'><strong>eclipticas</strong></span> <span class='ocrx_word' id='word_1_309' title='bbox 1052 3959 1184 4015; x_wconf 87' lang='lat' dir='ltr'><strong>causam,</strong></span> <span class='ocrx_word' id='word_1_310' title='bbox 1207 3940 1260 4001; x_wconf 89' lang='lat' dir='ltr'><strong>sed</strong></span> <span class='ocrx_word' id='word_1_311' title='bbox 1274 3935 1391 4001; x_wconf 86' lang='lat' dir='ltr'><strong>tantum</strong></span> <span class='ocrx_word' id='word_1_312' title='bbox 1414 3948 1537 4019; x_wconf 91' lang='lat' dir='ltr'><strong>propter</strong></span> <span class='ocrx_word' id='word_1_313' title='bbox 1559 3947 1670 4002; x_wconf 89' lang='lat' dir='ltr'><strong>motum</strong></span> 
     </span>
     <span class='ocr_line' id='line_1_38' title="bbox 334 4023 1670 4092; baseline 0.001 -4"><span class='ocrx_word' id='word_1_314' title='bbox 334 4045 465 4088; x_wconf 90' lang='lat' dir='ltr'><strong>annuum</strong></span> <span class='ocrx_word' id='word_1_315' title='bbox 485 4025 548 4087; x_wconf 91' lang='lat' dir='ltr'><strong>sive</strong></span> <span class='ocrx_word' id='word_1_316' title='bbox 571 4023 653 4090; x_wconf 87' lang='lat' dir='ltr'><strong>Solis</strong></span> <span class='ocrx_word' id='word_1_317' title='bbox 681 4025 744 4088; x_wconf 90' lang='lat' dir='ltr'><strong>sive</strong></span> <span class='ocrx_word' id='word_1_318' title='bbox 766 4028 876 4090; x_wconf 88' lang='lat' dir='ltr'><strong>Terrae</strong></span> <span class='ocrx_word' id='word_1_319' title='bbox 904 4029 985 4090; x_wconf 90' lang='lat' dir='ltr'><strong>circa</strong></span> <span class='ocrx_word' id='word_1_320' title='bbox 1014 4038 1148 4090; x_wconf 90' lang='lat' dir='ltr'><strong>centrum</strong></span> <span class='ocrx_word' id='word_1_321' title='bbox 1178 4027 1287 4091; x_wconf 91' lang='lat' dir='ltr'><strong>mnndi.</strong></span> <span class='ocrx_word' id='word_1_322' title='bbox 1340 4028 1388 4090; x_wconf 83' lang='lat' dir='ltr'><strong>Ac</strong></span> <span class='ocrx_word' id='word_1_323' title='bbox 1411 4045 1478 4089; x_wconf 89' lang='lat' dir='ltr'><strong>cnm</strong></span> <span class='ocrx_word' id='word_1_324' title='bbox 1501 4027 1670 4092; x_wconf 84' lang='lat' dir='ltr'><strong>inveniatur</strong></span> 
     </span>
     <span class='ocr_line' id='line_1_39' title="bbox 335 4115 1671 4197; baseline 0.002 -21"><span class='ocrx_word' id='word_1_325' title='bbox 335 4115 477 4195; x_wconf 75' lang='lat' dir='ltr'><strong>ecliptica</strong></span> <span class='ocrx_word' id='word_1_326' title='bbox 506 4115 594 4176; x_wconf 86' lang='lat' dir='ltr'><strong>sedas</strong></span> <span class='ocrx_word' id='word_1_327' title='bbox 626 4135 696 4178; x_wconf 87' lang='lat' dir='ltr'><strong>suae</strong></span> <span class='ocrx_word' id='word_1_328' title='bbox 719 4116 774 4179; x_wconf 88' lang='lat' dir='ltr'><strong>sub</strong></span> <span class='ocrx_word' id='word_1_329' title='bbox 797 4117 863 4178; x_wconf 85' lang='lat' dir='ltr'><strong>fixis</strong></span> <span class='ocrx_word' id='word_1_330' title='bbox 887 4124 1042 4195; x_wconf 62' lang='lat' dir='ltr'><strong>nataae,</strong></span> <span class='ocrx_word' id='word_1_331' title='bbox 1066 4136 1123 4178; x_wconf 93' lang='lat' dir='ltr'><strong>non</strong></span> <span class='ocrx_word' id='word_1_332' title='bbox 1155 4117 1246 4197; x_wconf 79' lang='lat' dir='ltr'><strong>igitur</strong></span> <span class='ocrx_word' id='word_1_333' title='bbox 1268 4117 1344 4178; x_wconf 86' lang='lat' dir='ltr'><strong>lixae</strong></span> <span class='ocrx_word' id='word_1_334' title='bbox 1367 4117 1404 4178; x_wconf 88' lang='lat' dir='ltr'><strong>ab</strong></span> <span class='ocrx_word' id='word_1_335' title='bbox 1427 4115 1580 4196; x_wconf 87' lang='lat' dir='ltr'><strong>ecliptica,</strong></span> <span class='ocrx_word' id='word_1_336' title='bbox 1617 4118 1671 4180; x_wconf 89' lang='lat' dir='ltr'><strong>sed</strong></span> 
     </span>
     <span class='ocr_line' id='line_1_40' title="bbox 336 4203 1670 4286; baseline 0.002 -20"><span class='ocrx_word' id='word_1_337' title='bbox 336 4205 412 4280; x_wconf 82' lang='lat' dir='ltr'><strong>baec</strong></span> <span class='ocrx_word' id='word_1_338' title='bbox 444 4225 464 4266; x_wconf 90' lang='lat' dir='ltr'><strong>a</strong></span> <span class='ocrx_word' id='word_1_339' title='bbox 495 4203 562 4266; x_wconf 83' lang='lat' dir='ltr'><strong>linis</strong></span> <span class='ocrx_word' id='word_1_340' title='bbox 591 4206 727 4268; x_wconf 87' lang='lat' dir='ltr'><strong>recessit.</strong></span> <span class='ocrx_word' id='word_1_341' title='bbox 775 4203 905 4270; x_wconf 87' lang='lat' dir='ltr'><strong>Causam</strong></span> <span class='ocrx_word' id='word_1_342' title='bbox 938 4205 1145 4268; x_wconf 85' lang='lat' dir='ltr'><strong>translationis</strong></span> <span class='ocrx_word' id='word_1_343' title='bbox 1172 4205 1259 4286; x_wconf 88' lang='lat' dir='ltr'><strong>hujus</strong></span> <span class='ocrx_word' id='word_1_344' title='bbox 1291 4205 1433 4268; x_wconf 83' lang='lat' dir='ltr'><strong>exhibent</strong></span> <span class='ocrx_word' id='word_1_345' title='bbox 1455 4208 1557 4286; x_wconf 90' lang='lat' dir='ltr'><strong>procul</strong></span> <span class='ocrx_word' id='word_1_346' title='bbox 1581 4207 1670 4269; x_wconf 90' lang='lat' dir='ltr'><strong>dubio</strong></span> 
     </span>
     <span class='ocr_line' id='line_1_41' title="bbox 335 4286 1670 4378; baseline 0.001 -23"><span class='ocrx_word' id='word_1_347' title='bbox 335 4292 482 4376; x_wconf 89' lang='lat' dir='ltr'><strong>principia</strong></span> <span class='ocrx_word' id='word_1_348' title='bbox 504 4301 609 4356; x_wconf 86' lang='lat' dir='ltr'><strong>nostra</strong></span> <span class='ocrx_word' id='word_1_349' title='bbox 631 4313 696 4376; x_wconf 89' lang='lat' dir='ltr'><strong>cap.</strong></span> <span class='ocrx_word' id='word_1_350' title='bbox 721 4286 835 4358; x_wconf 82' lang='lat' dir='ltr'><strong>LXIII.</strong></span> <span class='ocrx_word' id='word_1_351' title='bbox 860 4293 1004 4376; x_wconf 87' lang='lat' dir='ltr'><strong>siqnidem</strong></span> <span class='ocrx_word' id='word_1_352' title='bbox 1028 4315 1102 4356; x_wconf 83' lang='lat' dir='ltr'><strong>sana</strong></span> <span class='ocrx_word' id='word_1_353' title='bbox 1125 4304 1204 4357; x_wconf 87' lang='lat' dir='ltr'><strong>sunt.</strong></span> <span class='ocrx_word' id='word_1_354' title='bbox 1244 4292 1320 4358; x_wconf 82' lang='lat' dir='ltr'><strong>Cum</strong></span> <span class='ocrx_word' id='word_1_355' title='bbox 1343 4294 1420 4362; x_wconf 87' lang='lat' dir='ltr'><strong>enirn</strong></span> <span class='ocrx_word' id='word_1_356' title='bbox 1439 4292 1493 4356; x_wconf 88' lang='lat' dir='ltr'><strong>Sol</strong></span> <span class='ocrx_word' id='word_1_357' title='bbox 1515 4296 1670 4378; x_wconf 79' lang='lat' dir='ltr'><strong>gyratione</strong></span> 
     </span>
    </p>
   </div>
   <div class='ocr_carea' id='block_1_11' title="bbox 336 4382 1785 4487">
    <p class='ocr_par' dir='ltr' id='par_1_13' title="bbox 336 4382 1785 4487">
     <span class='ocr_line' id='line_1_42' title="bbox 336 4382 1785 4487; baseline -0.001 -41"><span class='ocrx_word' id='word_1_358' title='bbox 336 4383 526 4464; x_wconf 87' lang='lat' dir='ltr'><strong>rapidissima</strong></span> <span class='ocrx_word' id='word_1_359' title='bbox 555 4383 634 4444; x_wconf 90' lang='lat' dir='ltr'><strong>intra</strong></span> <span class='ocrx_word' id='word_1_360' title='bbox 663 4403 746 4446; x_wconf 89' lang='lat' dir='ltr'><strong>suurn</strong></span> <span class='ocrx_word' id='word_1_361' title='bbox 770 4384 917 4487; x_wconf 70' lang='lat' dir='ltr'><strong>spetiem,</strong></span> <span class='ocrx_word' id='word_1_362' title='bbox 948 4384 1025 4465; x_wconf 91' lang='lat' dir='ltr'><strong>quod</strong></span> <span class='ocrx_word' id='word_1_363' title='bbox 1050 4383 1214 4465; x_wconf 83' lang='lat' dir='ltr'><strong>Cepernieo</strong></span> <span class='ocrx_word' id='word_1_364' title='bbox 1238 4391 1372 4445; x_wconf 89' lang='lat' dir='ltr'><strong>centrum</strong></span> <span class='ocrx_word' id='word_1_365' title='bbox 1395 4382 1494 4446; x_wconf 89' lang='lat' dir='ltr'><strong>mundi</strong></span> <span class='ocrx_word' id='word_1_366' title='bbox 1516 4393 1579 4458; x_wconf 91' lang='lat' dir='ltr'><strong>est,</strong></span> <span class='ocrx_word' id='word_1_367' title='bbox 1601 4385 1669 4465; x_wconf 88' lang='lat' dir='ltr'><strong>pla·</strong></span> <span class='ocrx_word' id='word_1_368' title='bbox 1735 4447 1737 4452; x_wconf 74' lang='grc'><strong>,</strong></span> <span class='ocrx_word' id='word_1_369' title='bbox 1779 4447 1785 4459; x_wconf 71' lang='grc'><strong>,</strong></span> 
     </span>
    </p>
   </div>
   <div class='ocr_carea' id='block_1_12' title="bbox 315 4471 1671 4910">
    <p class='ocr_par' dir='ltr' id='par_1_14' title="bbox 315 4471 1671 4910">
     <span class='ocr_line' id='line_1_43' title="bbox 315 4471 1670 4555; baseline 0.001 -21"><span class='ocrx_word' id='word_1_370' title='bbox 315 4479 425 4534; x_wconf 85' lang='lat' dir='ltr'><strong>&#39;netas</strong></span> <span class='ocrx_word' id='word_1_371' title='bbox 452 4471 531 4534; x_wconf 87' lang='lat' dir='ltr'><strong>eieat</strong></span> <span class='ocrx_word' id='word_1_372' title='bbox 560 4490 613 4552; x_wconf 91' lang='lat' dir='ltr'><strong>per</strong></span> <span class='ocrx_word' id='word_1_373' title='bbox 646 4474 773 4553; x_wconf 84' lang='lat' dir='ltr'><strong>speciem</strong></span> <span class='ocrx_word' id='word_1_374' title='bbox 804 4473 959 4548; x_wconf 88' lang='lat' dir='ltr'><strong>emissam,</strong></span> <span class='ocrx_word' id='word_1_375' title='bbox 991 4480 1076 4534; x_wconf 90' lang='lat' dir='ltr'><strong>erunt</strong></span> <span class='ocrx_word' id='word_1_376' title='bbox 1108 4473 1193 4554; x_wconf 91' lang='lat' dir='ltr'><strong>hujus</strong></span> <span class='ocrx_word' id='word_1_377' title='bbox 1221 4471 1386 4555; x_wconf 84' lang='lat' dir='ltr'><strong>gyrationis</strong></span> <span class='ocrx_word' id='word_1_378' title='bbox 1416 4472 1490 4535; x_wconf 91' lang='lat' dir='ltr'><strong>certi</strong></span> <span class='ocrx_word' id='word_1_379' title='bbox 1519 4474 1589 4553; x_wconf 91' lang='lat' dir='ltr'><strong>poli.</strong></span> <span class='ocrx_word' id='word_1_380' title='bbox 1636 4473 1670 4536; x_wconf 92' lang='lat' dir='ltr'><strong>In</strong></span> 
     </span>
     <span class='ocr_line' id='line_1_44' title="bbox 337 4554 1671 4642; baseline -0.001 -20"><span class='ocrx_word' id='word_1_381' title='bbox 337 4561 489 4623; x_wconf 81' lang='lat' dir='ltr'><strong>schemate</strong></span> <span class='ocrx_word' id='word_1_382' title='bbox 508 4555 580 4626; x_wconf 86' lang='grc'><strong>126.</strong></span> <span class='ocrx_word' id='word_1_383' title='bbox 605 4562 647 4624; x_wconf 91' lang='lat' dir='ltr'><strong>sit</strong></span> <span class='ocrx_word' id='word_1_384' title='bbox 665 4579 771 4640; x_wconf 90' lang='lat' dir='ltr'><strong>corpus</strong></span> <span class='ocrx_word' id='word_1_385' title='bbox 788 4557 868 4622; x_wconf 82' lang='lat' dir='ltr'><strong>Solis</strong></span> <span class='ocrx_word' id='word_1_386' title='bbox 882 4554 936 4635; x_wconf 89' lang='lat'><strong>10</strong></span> <span class='ocrx_word' id='word_1_387' title='bbox 953 4561 1014 4642; x_wconf 92' lang='lat' dir='ltr'><strong>poli</strong></span> <span class='ocrx_word' id='word_1_388' title='bbox 1034 4560 1288 4635; x_wconf 87' lang='lat' dir='ltr'><strong>conversi0nisA,</strong></span> <span class='ocrx_word' id='word_1_389' title='bbox 1304 4561 1340 4636; x_wconf 88' lang='grc' dir='ltr'><strong>Ε,</strong></span> <span class='ocrx_word' id='word_1_390' title='bbox 1365 4561 1502 4639; x_wconf 87' lang='lat' dir='ltr'><strong>quibus</strong></span> <span class='ocrx_word' id='word_1_391' title='bbox 1493 4581 1523 4623; x_wconf 88' lang='grc' dir='ltr'><strong>ιι</strong></span> <span class='ocrx_word' id='word_1_392' title='bbox 1541 4563 1671 4642; x_wconf 83' lang='lat' dir='ltr'><strong>sphaera</strong></span> 
     </span>
     <span class='ocr_line' id='line_1_45' title="bbox 336 4647 1671 4730; baseline -0.001 -17"><span class='ocrx_word' id='word_1_393' title='bbox 336 4650 461 4713; x_wconf 83' lang='lat' dir='ltr'><strong>fixarum</strong></span> <span class='ocrx_word' id='word_1_394' title='bbox 484 4650 706 4728; x_wconf 87' lang='lat' dir='ltr'><strong>supereminent</strong></span> <span class='ocrx_word' id='word_1_395' title='bbox 726 4651 884 4728; x_wconf 83' lang='lat' dir='ltr'><strong>punctaF,</strong></span> <span class='ocrx_word' id='word_1_396' title='bbox 901 4647 939 4710; x_wconf 88' lang='lat' dir='ltr'><strong>G.</strong></span> <span class='ocrx_word' id='word_1_397' title='bbox 977 4649 1113 4716; x_wconf 83' lang='lat' dir='ltr'><strong>Circulos</strong></span> <span class='ocrx_word' id='word_1_398' title='bbox 1129 4651 1219 4730; x_wconf 85' lang='lat' dir='ltr'><strong>igitur</strong></span> <span class='ocrx_word' id='word_1_399' title='bbox 1241 4649 1384 4710; x_wconf 81' lang='lat' dir='ltr'><strong>maximus</strong></span> <span class='ocrx_word' id='word_1_400' title='bbox 1408 4651 1540 4730; x_wconf 88' lang='lat' dir='ltr'><strong>corporis</strong></span> <span class='ocrx_word' id='word_1_401' title='bbox 1555 4649 1671 4714; x_wconf 84' lang='lat' dir='ltr'><strong>Solaria</strong></span> 
     </span>
     <span class='ocr_line' id='line_1_46' title="bbox 337 4737 1669 4820; baseline -0.002 -17"><span class='ocrx_word' id='word_1_402' title='bbox 337 4738 486 4803; x_wconf 89' lang='lat' dir='ltr'><strong>convoluti</strong></span> <span class='ocrx_word' id='word_1_403' title='bbox 510 4738 553 4799; x_wconf 93' lang='lat' dir='ltr'><strong>lO</strong></span> <span class='ocrx_word' id='word_1_404' title='bbox 577 4737 762 4802; x_wconf 84' lang='lat' dir='ltr'><strong>ordinabitur</strong></span> <span class='ocrx_word' id='word_1_405' title='bbox 785 4737 840 4799; x_wconf 89' lang='lat' dir='ltr'><strong>sub</strong></span> <span class='ocrx_word' id='word_1_406' title='bbox 864 4737 963 4818; x_wconf 89' lang='lat' dir='ltr'><strong>aliquo</strong></span> <span class='ocrx_word' id='word_1_407' title='bbox 991 4739 1099 4802; x_wconf 89' lang='lat' dir='ltr'><strong>circulo</strong></span> <span class='ocrx_word' id='word_1_408' title='bbox 1132 4738 1430 4812; x_wconf 78' lang='lat' dir='ltr'><strong>maximoefixarum,</strong></span> <span class='ocrx_word' id='word_1_409' title='bbox 1461 4739 1510 4820; x_wconf 91' lang='lat' dir='ltr'><strong>qui</strong></span> <span class='ocrx_word' id='word_1_410' title='bbox 1534 4739 1576 4801; x_wconf 89' lang='lat' dir='ltr'><strong>sit</strong></span> <span class='ocrx_word' id='word_1_411' title='bbox 1598 4739 1669 4802; x_wconf 91' lang='lat' dir='ltr'><strong>ML.</strong></span> 
     </span>
     <span class='ocr_line' id='line_1_47' title="bbox 339 4823 1669 4910; baseline -0.004 -14"><span class='ocrx_word' id='word_1_412' title='bbox 339 4825 486 4902; x_wconf 77' lang='lat' dir='ltr'><strong>Qucum</strong></span> <span class='ocrx_word' id='word_1_413' title='bbox 512 4829 553 4889; x_wconf 89' lang='lat' dir='ltr'><strong>sit</strong></span> <span class='ocrx_word' id='word_1_414' title='bbox 574 4828 677 4910; x_wconf 90' lang='lat' dir='ltr'><strong>procul</strong></span> <span class='ocrx_word' id='word_1_415' title='bbox 701 4827 788 4890; x_wconf 91' lang='lat' dir='ltr'><strong>dubio</strong></span> <span class='ocrx_word' id='word_1_416' title='bbox 812 4847 886 4890; x_wconf 87' lang='lat' dir='ltr'><strong>unus</strong></span> <span class='ocrx_word' id='word_1_417' title='bbox 910 4837 941 4888; x_wconf 90' lang='lat' dir='ltr'><strong>et</strong></span> <span class='ocrx_word' id='word_1_418' title='bbox 963 4827 1041 4889; x_wconf 89' lang='lat' dir='ltr'><strong>idem</strong></span> <span class='ocrx_word' id='word_1_419' title='bbox 1064 4828 1119 4891; x_wconf 90' lang='lat' dir='ltr'><strong>sub</strong></span> <span class='ocrx_word' id='word_1_420' title='bbox 1142 4827 1218 4902; x_wconf 79' lang='lat' dir='ltr'><strong>finis,</strong></span> <span class='ocrx_word' id='word_1_421' title='bbox 1240 4827 1318 4908; x_wconf 88' lang='lat' dir='ltr'><strong>pelis</strong></span> <span class='ocrx_word' id='word_1_422' title='bbox 1340 4825 1375 4904; x_wconf 86' lang='lat' dir='ltr'><strong>F,</strong></span> <span class='ocrx_word' id='word_1_423' title='bbox 1400 4823 1430 4888; x_wconf 87' lang='lat' dir='ltr'>G</span> <span class='ocrx_word' id='word_1_424' title='bbox 1452 4829 1669 4906; x_wconf 84' lang='lat' dir='ltr'><strong>constantibus,</strong></span> 
     </span>
    </p>
   </div>
   <div class='ocr_carea' id='block_1_13' title="bbox 0 0 1855 5532">
    <p class='ocr_par' dir='ltr' id='par_1_15' title="bbox 0 0 1855 5532">
     <span class='ocr_line' id='line_1_48' title="bbox 0 0 1855 5532; baseline 0 0"><span class='ocrx_word' id='word_1_425' title='bbox 0 0 1855 5532; x_wconf 95' lang='lat' dir='ltr'><strong> </strong></span> 
     </span>
    </p>
   </div>
  </div>
 </body>
</html>
