3582 5558
717 295 877 348 Ionoduouo.
1411 293 1469 364 151

188 467 293 523 Vera
314 469 404 542 igitur
425 472 581 530 doctrina
601 477 639 528 ds
659 473 841 546 gravitate
861 474 905 529 his
927 473 1052 531 innititur
1074 477 1273 532 axiomatibus:

190 547 291 604 Omnis
313 551 478 608 substantia
498 571 639 624 corporee,
661 562 796 628 quatenus
818 571 966 627 corporea,
996 563 1065 628 apta
1086 565 1155 612 nata
1175 563 1219 612 est
1239 556 1379 630 quiescere
1400 559 1471 614 omni

117 631 180 696 loco,
203 630 233 685 in
255 646 312 704 quo
333 631 464 688 solitaria
483 633 594 706 ponitur
614 641 698 690 extra
718 638 810 690 orbem
831 635 941 690 virtutis
963 637 1075 709 cognati
1096 637 1224 708 corporis.

194 721 333 778 Gravitas
355 730 400 778 est
420 724 528 780 affectio
550 743 683 797 corporea
703 731 799 782 mutua
818 725 890 781 inter
911 733 1032 798 cognata
1062 743 1178 798 corpora
1198 729 1232 780 ad
1246 711 1403 782 ¹unitionem
1423 745 1473 781 seu

117 802 342 874 conjuactionem
365 801 430 876 (quo
451 822 540 860 rerum
562 807 655 861 ordine
676 814 720 860 est
740 813 770 860 et
784 806 902 862 facultas
921 801 1103 879 magnetica),
1125 815 1157 862 ιι
1177 807 1263 862 multo
1283 806 1372 880 magis
1387 808 1474 863 Terra

117 886 216 940 trahat
236 884 368 956 lapidem,
391 901 472 956 quam
492 885 564 957 lapis
586 888 658 958 petit
677 888 798 943 Terram.

197 965 307 1019 Gravia
329 959 367 1033 (si
387 967 506 1022 maxime
528 967 640 1024 Terram
661 967 688 1022 in
710 975 803 1022 centro
825 968 916 1023 muudi
936 963 1115 1036 collocemus)
1136 984 1189 1022 non
1211 968 1337 1022 feruntur
1358 969 1393 1020 ad
1411 985 1473 1022 cen·

119 1055 189 1100 tram
210 1045 327 1109 mundi,
347 1053 381 1100 ut
401 1049 435 1100 ad
458 1053 579 1102 centrum
599 1048 704 1114 mundi,
735 1051 783 1103 sed
812 1055 844 1104 ut
873 1051 909 1104 ad
930 1056 1054 1104 centrum
1080 1047 1187 1104 rotundi
1209 1047 1322 1120 cognati
1343 1048 1473 1120 corporis,

118 1125 240 1180 Telluris
261 1123 377 1180 scilicet.
419 1127 517 1198 ltaque
537 1127 691 1202 ubicunque
712 1130 863 1184 collocetur
891 1147 940 1183 seu
968 1147 1128 1202 quocunque
1156 1132 1360 1198 transportetur
1380 1129 1473 1182 Tellus
1521 1147 1525 1156 ·

119 1207 259 1261 amissae
280 1222 333 1260 sua
353 1205 475 1272 animali,
497 1225 606 1280 semper
626 1212 661 1265 ad
683 1209 759 1264 illam
779 1209 906 1264 tenuntur
925 1211 1032 1284 gravia
1395 1270 1402 1283 ,

199 1286 231 1342 Si
251 1285 340 1340 Terra
360 1305 414 1342 nou
434 1295 510 1344 esset
530 1294 656 1354 rotunda,
677 1291 778 1363 gravia
798 1307 852 1344 non
872 1289 1045 1362 undiquaque
1066 1290 1204 1344 ferrentur
1218 1293 1297 1343 recta
1310 1289 1345 1340 ad
1358 1287 1474 1342 medium
1500 1343 1506 1352 ,

118 1369 225 1422 Terrae
246 1373 387 1438 punctum,
410 1370 457 1421 sed
479 1369 615 1426 ferrentur
636 1372 670 1426 ad
690 1376 795 1441 puncta
814 1369 924 1426 diversa
944 1387 962 1424 a
982 1371 1116 1426 lateribus
1136 1368 1260 1423 diversis.

198 1447 230 1501 Si
251 1448 305 1500 duo
326 1446 434 1516 lapides
455 1450 481 1503 in
506 1450 599 1526 aliquo
630 1452 690 1506 loco
718 1451 810 1505 mundi
841 1451 1044 1506 collocarentur
1073 1449 1217 1522 propinqui
1246 1447 1362 1504 invicem
1391 1455 1475 1502 ext-ra

119 1529 214 1582 orbem
237 1526 349 1582 virtutis
370 1529 445 1582 tertii
467 1531 578 1601 cognati
601 1531 734 1602 corporis,
757 1529 798 1584 illi
819 1531 926 1601 lapides
947 1535 981 1586 ad
1003 1530 1206 1587 similitudinem
1226 1531 1342 1584 duorum
1359 1545 1472 1603 magne·

118 1608 237 1663 ticorum
258 1623 402 1678 corporum
423 1609 528 1664 coirent
547 1611 609 1666 loco
629 1609 797 1678 intermedio,
820 1611 938 1684 quilibet
957 1613 1089 1667 accedens
1112 1614 1145 1665 ad
1162 1609 1281 1664 alterum
1297 1614 1376 1662 tanto
1389 1607 1473 1663 inter·

119 1689 205 1754 ralla,
229 1693 337 1758 quanta
357 1695 402 1742 est
422 1689 537 1745 alterius
559 1694 644 1747 moles
665 1693 693 1746 in
714 1692 927 1761 comparatione.
1074 1686 1078 1695 ¹

199 1768 230 1822 Si
251 1769 333 1822 Luna
353 1776 383 1823 et
403 1771 489 1825 Terra
509 1789 562 1826 nou
582 1773 769 1828 retinerentur
788 1773 814 1825 vi
836 1771 949 1826 animali
979 1778 1029 1831 aut
1058 1770 1116 1825 alia
1143 1769 1238 1844 aliqua
1266 1767 1473 1842 aequipollenti,

118 1849 265 1920 quaelibet
285 1849 313 1902 in
334 1866 383 1902 suo
405 1849 530 1914 circuitu,
554 1853 640 1908 Terra
661 1855 823 1908 ascenderet
843 1853 878 1906 ad
897 1853 1003 1907 Lunam
1024 1851 1251 1924 quinquagesima
1272 1858 1375 1924 quarta
1394 1858 1474 1920 parte

116 1929 272 1994 intervalli,
293 1929 374 1983 Luna
394 1932 572 1990 descenderet
591 1935 627 1990 ad
648 1935 759 1988 Terram
782 1933 981 2004 quinquaginta
1006 1933 1093 1986 tribus
1115 1929 1223 1986 circiter
1243 1931 1368 2002 partibus
1390 1929 1474 1985 inter·

116 2008 202 2073 valli,
236 2007 330 2080 ibique
355 2004 557 2082 jungerentur:
588 2013 678 2084 posito
708 2021 809 2077 tamen,
842 2015 912 2084 quod
933 2013 1090 2067 substantia
1121 2013 1261 2086 utriusque
1289 2010 1326 2066 sit
1345 2010 1425 2066 unius
1446 2018 1476 2065 at

113 2090 244 2158 ejusdem
266 2089 422 2146 densitatis.

198 2171 228 2226 Si
251 2171 340 2226 Terra
360 2179 482 2226 cessaret
496 2171 639 2228 attrahere
657 2176 691 2228 ad
706 2192 736 2229 se
751 2192 837 2246 equas
852 2191 925 2238 suas,
948 2189 1038 2244 aquae
1054 2172 1176 2227 marinae
1191 2189 1283 2226 omnes
1298 2171 1475 2226 elevarentur

114 2259 146 2306 et
166 2251 194 2305 in
218 2265 321 2322 corpus
342 2251 439 2306 Lunae
460 2253 613 2310 influerent.
1362 2245 1366 2254 ’

198 2329 284 2386 Orbis
304 2329 417 2385 virtutis
438 2333 596 2398 tractoriae,
619 2351 690 2406 quae
710 2341 754 2388 est
772 2334 902 2398 iaLuaa,
924 2332 1076 2406 porrigitur
1096 2349 1183 2404 usque
1205 2331 1239 2386 ad
1254 2333 1354 2386 Terras
1368 2335 1398 2382 et
1412 2347 1474 2399 pro·

114 2413 206 2466 lectat
227 2427 318 2484 aquas
339 2413 392 2465 sub
412 2430 510 2467 zonam
531 2414 670 2479 torridam,
692 2415 793 2488 quippe
814 2414 841 2468 in
862 2431 1002 2468 occursum
1017 2429 1095 2467 auum
1115 2409 1324 2484 quacunquein
1345 2409 1475 2464 verticem

115 2493 168 2547 loci
191 2489 299 2553 incidit,
322 2491 520 2548 insensibiliter
540 2495 567 2548 in
589 2495 709 2550 maribus
729 2493 849 2556 inclusis,
871 2493 1040 2548 sensibiliter
1054 2492 1100 2558 ibi,
1116 2493 1162 2548 ubi
1182 2500 1247 2548 sunt
1262 2489 1387 2547 latissimi
1403 2489 1474 2546 alvei

113 2571 215 2626 oceani
237 2573 374 2643 aquisque
396 2573 521 2643 spatiosa
542 2575 765 2647 reciprocationis
781 2575 910 2646 libertas3
934 2593 986 2645 quo
1007 2573 1080 2627 iacto
1096 2575 1234 2628 nudantur
1248 2572 1332 2628 litora
1346 2587 1476 2626 zonarum

114 2661 144 2707 et
164 2653 313 2708 elimatum
334 2653 493 2708 lateralium
515 2661 544 2710 ot
564 2655 587 2709 si
608 2673 665 2726 qua
684 2656 768 2710 etiam
787 2657 838 2708 sub
853 2655 957 2710 torrida
970 2653 1045 2710 sinus
1061 2655 1184 2708 efficiunt
1196 2654 1365 2709 reductiores
1380 2651 1476 2704 oceani

31 2731 34 2738 ’
114 2732 291 2804 propinqui·
320 2733 418 2804 ltaque
440 2735 518 2804 aquis
540 2735 566 2789 in
588 2734 681 2790 latiori
702 2738 782 2790 alveo
803 2735 898 2806 oceani
920 2733 1145 2806 assurgentibus,
1172 2735 1231 2788 fieri
1257 2737 1365 2804 potest,
1395 2732 1477 2786 utin

114 2813 332 2888 apertioribus
354 2815 414 2883 ejus
436 2815 558 2878 sinubus,
579 2819 657 2870 modo
679 2835 733 2871 nou
754 2812 831 2870 nimis
853 2823 929 2870 arcte
951 2801 1094 2878 conclusis,
1118 2833 1207 2886 aquae
1228 2819 1376 2886 praesente
1395 2811 1477 2867 Luna

112 2895 203 2950 etiam
224 2895 365 2966 aufugere
386 2896 423 2948 ab
444 2911 479 2949 ea
498 2896 657 2951 videantur:
681 2897 782 2967 quippe
803 2887 956 2960 subsidunt,
980 2896 1045 2950 toris
1067 2896 1213 2952 subtracta
1229 2893 1310 2966 oppia
1330 2907 1473 2964 aquarum.

198 2984 339 3038 Celeriter
359 3001 424 3038 vero
438 2985 519 3038 Luna
539 2984 669 3042 verticem
690 2986 889 3050 transvolante,
912 3003 971 3040 cum
994 3003 1084 3056 aquae
1106 2993 1162 3040 tam
1177 2985 1305 3039 celeriter
1324 2983 1401 3056 sequi
1422 3002 1477 3038 nou

112 3063 235 3134 possint,
259 3065 351 3118 tluxus
373 3064 480 3135 quidem
499 3062 531 3119 tt
551 3067 645 3120 oceani
668 3067 718 3122 sub
740 3067 844 3121 torrida
864 3067 891 3121 in
916 3065 1091 3132 occidentem,
1114 3068 1204 3140 quoad
1219 3062 1347 3136 impingit
1361 3063 1397 3116 ad
1411 3081 1474 3116 con·

113 3144 316 3200 trarialitora
337 3151 521 3216 curvaturqae
543 3147 579 3200 ab
599 3146 646 3209 iis;
668 3146 827 3216 dissolvitur
847 3165 913 3201 vero
933 3146 1055 3201 discessu
1070 3147 1165 3200 Lunae
1180 3145 1323 3200 concilium
1342 3159 1477 3214 aquarum

112 3243 165 3280 seu
187 3223 342 3289 exercitus,
365 3224 410 3295 qui
431 3231 475 3280 est
495 3225 522 3279 in
543 3225 640 3282 itinere
655 3245 750 3282 versus
766 3227 905 3292 torridam,
927 3227 1028 3298 quippe
1042 3229 1167 3282 desertus
1182 3243 1201 3279 a
1214 3231 1314 3288 tractu,
1337 3222 1382 3295 qui
1397 3221 1474 3276 illum

113 3305 273 3369 exciverat,
296 3303 455 3376 impetuque
477 3313 567 3376 capto,
590 3316 621 3362 ut
642 3307 764 3362 invasis
785 3307 930 3380 aquaticis,
951 3313 1059 3362 remeat
1079 3313 1108 3360 et
1129 3305 1251 3360 assultat
1271 3305 1305 3358 ad
1327 3304 1411 3358 litora
1424 3319 1477 3358 sua

113 3403 207 3458 eaqim
229 3385 335 3456 operit:
358 3385 503 3460 gignitque
524 3386 641 3457 impetus
663 3388 715 3443 iste
736 3405 786 3458 per
807 3389 961 3443 absentiam
982 3387 1076 3442 Lunae
1103 3387 1232 3458 impetum
1264 3383 1360 3449 alium,
1391 3385 1477 3438 donec

112 3469 201 3522 Imma
220 3466 332 3520 rediens
354 3465 451 3520 fraena
470 3466 587 3537 impetus
617 3468 700 3538 hujus
729 3468 848 3538 recipiat
877 3470 1085 3538 modereturque
1115 3475 1144 3522 et
1173 3482 1230 3521 una
1250 3483 1310 3520 enm
1330 3481 1381 3518 suo
1401 3469 1477 3518 motu

116 3548 309 3617 circumagat.
346 3547 391 3600 lta
404 3546 489 3600 litora
502 3547 658 3618 aequaliter
672 3549 800 3619 patentia
820 3549 914 3620 iisdem
934 3547 1009 3602 horis
1029 3548 1179 3618 impleatur
1193 3546 1299 3612 omnia,
1321 3545 1478 3600 reductiora

114 3644 184 3682 vero
206 3625 328 3690 tardius,
351 3627 485 3682 nonnulla
504 3627 682 3683 diversimode
704 3631 739 3684 ob
760 3629 881 3684 diversos
903 3627 998 3683 oceani
1020 3627 1119 3684 aditus.

201 3708 290 3772 Hinc,
313 3715 346 3762 ut
366 3706 458 3761 obiter
477 3724 638 3772 excurram,
660 3710 867 3765 accumulantur
888 3717 992 3784 syrtes,
1015 3693 1161 3764 aren‘arum
1182 3705 1296 3761 cumuli:
1326 3707 1478 3759 nascuntur¹

115 3796 169 3844 aut
190 3788 346 3842 cuduntur
366 3787 394 3841 in
415 3787 557 3842 vorticosis
579 3789 750 3845 anfractibus
779 3785 825 3858 (ot
845 3808 894 3862 pro
916 3789 977 3844 sinu
997 3783 1158 3860 ldexioano)
1186 3785 1293 3865 insulae
1321 3785 1475 3840 innumera·

115 3869 206 3932 biles;
228 3867 392 3939 videturque
409 3867 544 3922 ludiarum
562 3867 661 3940 mollis,
683 3871 768 3926 beata
781 3878 811 3926 et
824 3869 943 3926 friabilis
957 3875 1034 3924 terra
1048 3870 1100 3924 boc
1119 3869 1196 3922 fluxu
1210 3874 1240 3922 et
1253 3865 1344 3920 eluvie
1359 3869 1476 3919 aeterna

115 3951 230 4004 tandem
252 3965 314 4004 esee
334 3955 472 4019 perrupta
492 3955 576 4020 atque
604 3949 749 4021 perfossa,
779 3951 930 4020 adjuvante
952 3947 1057 4004 Terrae'
1086 3955 1160 4006 motu
1192 3947 1284 4018 aliquo
1314 3943 1474 4008 universali,

116 4047 180 4085 eam
200 4027 267 4084 olim
287 4046 306 4084 a
326 4030 517 4084 Chersonneso
539 4046 627 4085 aurea
646 4047 741 4085 versus
771 4031 904 4086 orientem
931 4037 961 4084 et
989 4027 1127 4084 meridiem
1155 4029 1286 4083 continua
1305 4025 1390 4080 finisse
1410 4041 1473 4094 per·

117 4111 263 4174 bibeatar,
281 4109 397 4182 jamque
418 4109 506 4164 effuso
528 4127 647 4174 oceano,
668 4110 716 4182 qui
736 4127 754 4166 a
775 4118 856 4184 tergo
877 4119 940 4167 erat
959 4110 1032 4165 inter
1052 4109 1132 4164 Sinas
1153 4113 1183 4163 et
1202 4106 1368 4170 Americam,
1390 4105 1476 4159 litora

119 4191 170 4246 illa
183 4191 372 4248 lioluccarum
394 4189 566 4262 aliarumque
587 4189 736 4246 vicinarum
757 4193 908 4247 insularum
929 4191 957 4246 in
978 4191 1066 4245 altum
1086 4195 1261 4262 exporrecta,
1284 4185 1385 4258 quippe
1406 4183 1471 4238 sub-

120 4273 225 4328 sidente
245 4273 328 4328 maris
350 4271 507 4342 superficie,
527 4271 607 4326 fidem
628 4271 710 4342 hujus
731 4272 772 4326 rei
793 4273 958 4344 opprimunt
972 4265 1010 4340 ¹⁹)
1410 4268 1413 4278 '

197 4363 269 4427 Quia
289 4369 319 4418 et
338 4361 509 4432 Taprobane
529 4378 566 4415 ex
587 4377 621 4414 eo
642 4361 785 4416 submersa
805 4360 913 4416 videtur
934 4359 978 4423 (ut
992 4361 1098 4432 quidem
1113 4363 1223 4414 constat
1236 4376 1273 4412 ex
1286 4353 1378 4409 relatu
1392 4353 1472 4406 Cale·

124 4445 284 4510 ostiensium,
307 4444 407 4516 aliqua
422 4440 509 4496 etiam
521 4439 559 4496 ibi
580 4441 700 4496 locorum
715 4443 858 4498 submersa
872 4457 933 4496 esse
948 4437 1025 4511 olim)
1040 4456 1143 4495 oceano
1158 4437 1265 4493 Sinensi
1280 4452 1330 4505 per
1343 4433 1472 4487 ennoias

125 4535 208 4596 portu
226 4527 254 4584 ιι
269 4527 398 4584 indicum
420 4521 521 4584 iahiso,
543 4528 575 4576 ut
594 4521 675 4576 hodie
695 4521 764 4577 nibil
777 4525 811 4577 de
826 4522 991 4592 Taprobane
1012 4525 1108 4576 exstet
1127 4525 1239 4591 praeter
1259 4514 1375 4570 vertices
1396 4529 1471 4566 mon-

126 4608 190 4676 dum,
218 4611 264 4686 qni
296 4605 427 4682 speciem
449 4601 584 4656 exhibent
604 4601 755 4658 insularum
776 4603 1013 4658 innumerabilium
1035 4602 1086 4655 sub
1108 4597 1214 4653 nomine
1234 4594 1470 4652 Malvidsrum.

119 4689 176 4752 Nm
193 4695 232 4753 ibi
251 4691 309 4750 loci
332 4689 427 4745 sitam
449 4680 534 4736 tuisse
555 4681 618 4737 olim
639 4682 836 4754 Taprobanen,
868 4701 904 4737 ex
934 4683 1049 4737 adverso
1079 4679 1184 4734 scilicet
1212 4675 1342 4732 ostiorum
1363 4675 1472 4730 indict

112 4777 278 4854 promontorii
301 4766 387 4829 Curii
410 4777 511 4816 versus
531 4761 683 4827 meridiem,
714 4763 795 4818 facile
825 4769 869 4817 est
898 4781 935 4818 ex
961 4759 1167 4832 cosmographis
1189 4765 1219 4813 et
1239 4756 1358 4812 Diodoro
1378 4753 1470 4810 Siculo

104 4867 224 4942 prom
258 4873 328 4918 oum
363 4845 462 4906 etiam
490 4841 517 4897 ιι
536 4843 653 4900 historia
672 4843 863 4900 ecclesiastica
883 4845 991 4917 quidam
1017 4840 1196 4913 perhibeatur
1217 4839 1302 4896 tuisse
1324 4837 1470 4894 eommunis
