3604 5534
478 251 480 258 Ι
606 291 668 344 Pars
690 293 779 362 Ruina.
817 295 898 362 Caput
914 295 950 350 Π.
1391 293 1453 363 179

104 469 208 548 nobis,
236 491 323 554 qnae
340 489 374 534 se
392 469 461 552 ipss
482 471 546 534 sine
570 491 693 554 corpore
708 473 779 536 inB
798 473 985 537 comentrico
1005 475 1123 555 aequali
1143 476 1251 539 virium
1263 474 1452 539 contentione

105 561 259 623 circumeat
284 563 371 624 circa
394 579 500 641 corpus
523 562 552 623 in
576 562 623 638 A,
657 565 856 645 aequalesque
881 565 918 626 ab
943 582 978 624 eo
1006 573 1126 627 tucatur
1149 565 1327 640 distantiam
1357 566 1455 628 alters

104 651 184 712 cinus
203 652 249 713 sit
264 651 296 713 in
314 651 382 730 ipso
398 647 423 713 G
440 670 561 730 corpore
576 653 728 732 planetae,
747 673 823 733 qnae
838 643 982 714 virtutem
1004 653 1209 734 incorpoream
1224 653 1253 716 in
1271 656 1298 718 B
1313 653 1453 716 animad-

106 748 211 802 vertere
243 759 394 820 suamque
424 741 463 801 ad
494 759 561 802 eam
590 743 843 822 propinquitatem
875 741 1037 804 aestimare
1070 750 1103 804 et
1131 743 1227 816 tueri,
1265 740 1392 822 denique
1424 751 1455 806 et

106 849 160 891 eam
187 829 353 892 circumire
384 829 581 910 aequabiliter
610 831 716 912 possit.
763 831 892 894 Rursum
915 832 1017 910 itaque
1044 831 1120 893 haec
1148 833 1243 894 virtus
1267 831 1295 892 in
1320 831 1453 910 pluribus

106 919 309 1000 occupabitur.
357 917 418 980 Sed
451 926 482 980 et
511 938 565 1000 per
596 938 629 981 se
662 919 852 996 incredibile,
886 921 1027 983 virtutem
1059 921 1190 1001 aliquam
1221 920 1453 984 immateriatam

105 1007 229 1070 residere
254 1009 363 1070 innon
387 1026 519 1088 corpore,
543 1008 655 1071 moveri
678 1009 707 1070 in
732 1011 797 1072 loco
822 1017 853 1071 et
875 1017 1018 1090 tempore,
1043 1028 1097 1073 nec
1120 1017 1221 1073 tamen
1244 1008 1356 1073 habere
1379 1012 1453 1072 sub-

101 1099 225 1178 jectum,
258 1098 418 1176 seipsam
449 1097 569 1179 inquam
602 1117 721 1161 movere
752 1099 789 1161 de
816 1099 881 1160 loco
912 1099 942 1161 in
975 1099 1082 1161 locum.
1134 1099 1236 1178 Atque
1265 1117 1321 1179 ego
1349 1099 1455 1162 horum

105 1187 300 1249 absurdarum
329 1187 512 1249 assumtione
537 1187 595 1248 hoc
623 1205 693 1268 ago,
723 1195 758 1250 nt
785 1188 906 1250 tandem
934 1187 1099 1264 obtineam,
1128 1207 1186 1250 non
1213 1205 1302 1267 posse
1330 1187 1393 1250 fleri
1422 1195 1455 1249 nt

104 1277 194 1337 omnis
219 1284 355 1338 motuum
376 1295 468 1337 causa
490 1278 538 1338 vel
561 1275 590 1337 in
623 1293 745 1358 corpore
772 1278 912 1358 planetae
940 1277 989 1337 vel
1017 1277 1094 1338 alias
1117 1277 1147 1339 in
1171 1275 1243 1339 orbe
1276 1277 1341 1358 ejus
1363 1277 1453 1339 inha-

104 1367 190 1440 bitet,
215 1367 357 1446 viamque
382 1373 495 1426 strnam
520 1364 559 1426 ad
584 1366 695 1427 forunas
720 1375 851 1429 motuum
875 1367 951 1429 alias
976 1366 1127 1428 faciliores
1150 1367 1387 1447 persuadendas.

187 1455 276 1516 Haec
309 1454 457 1538 explicavi
487 1451 688 1531 duodeciens,
721 1457 747 1518 si
779 1475 885 1536 nempe
914 1455 1098 1517 astronomia
1122 1456 1158 1516 de
1181 1455 1384 1517 schematibus
1406 1455 1453 1516 his

104 1552 245 1614 testetur,
269 1544 349 1623 qnod
371 1545 430 1606 iter
452 1544 594 1624 planetae
617 1544 659 1606 sit
682 1545 752 1607 talis
775 1545 927 1626 perfectus
951 1544 1078 1606 circulus
1102 1545 1306 1619 eccentricus;
1330 1563 1405 1626 qnae
1429 1541 1455 1606 si

103 1635 168 1716 quid
192 1633 276 1695 alind
300 1632 458 1708 invenerit,
481 1623 703 1714 speculationes
726 1653 840 1717 quoqne
864 1634 1006 1716 physicae
1023 1634 1233 1698 mutabuntur.

188 1723 225 1784 In
250 1721 307 1784 hac
330 1722 423 1802 igitur
445 1721 655 1804 hypothesium
679 1723 911 1808 aequipollentia
934 1742 991 1785 non
1011 1730 1129 1786 tantum
1153 1729 1333 1806 apparentes
1352 1717 1455 1798 anguli

106 1813 141 1874 ad
163 1813 204 1887 A,
231 1836 260 1886 a,
287 1809 341 1872 sed
365 1812 433 1892 ipsa
456 1813 549 1874 etiam
571 1812 729 1876 verissima
751 1813 939 1892 planetarum
962 1810 1070 1874 itinera
1091 1801 1145 1894 per
1160 1831 1261 1877 auram
1282 1809 1455 1874 aetheream

104 1909 225 1963 manent
248 1900 354 1964 eadem
380 1901 525 1986 utrinque.
574 1897 701 1972 Qualem
726 1901 803 1964 enim
827 1911 859 1964 et
881 1909 1022 1984 quantum
1047 1919 1148 1964 arcum
1179 1904 1303 1984 planeta
1333 1896 1483 1988 conficit⁸

103 2011 136 2052 ar
165 1989 189 2053 (l
214 1991 244 2052 in
267 1989 295 2052 Ε
320 1989 404 2052 circa
426 1992 565 2070 angulum
590 1989 688 2067 CAE,
717 1992 808 2054 talem
839 2000 871 2054 et
893 1999 1010 2054 tantum
1034 1991 1152 2055 coniicit
1175 1993 1266 2055 etiam
1291 2007 1328 2052 ex
1349 2012 1365 2068 y
1385 1986 1415 2048 in
1439 2007 1454 2046 e

103 2081 178 2143 circs
201 2081 362 2163 aequalem
386 2103 445 2160 yae
469 2082 618 2162 angulum.

678 2668 799 2769 Caput
824 2667 890 2742 ΙΙΙ.

105 2829 158 2892 De
182 2828 435 2913 aequipollentia
462 2839 491 2893 et
518 2831 751 2912 commentans
784 2829 983 2894 diuersarum
1012 2830 1167 2894 cinaeum
1201 2836 1229 2894 et
1261 2829 1459 2893 immensum

146 2923 321 3001 quartanae
346 2921 565 3004 hypothesium
587 2920 632 2983 ad
654 2919 999 3002 effosmoaualarnanam
1021 2927 1051 2982 el
1068 2919 1153 2982 idem
1169 2917 1321 3002 planetae
1342 2918 1413 2981 uer.

189 3059 335 3142 Sequitur
359 3070 395 3124 ut
418 3062 583 3136 ostendam,
609 3060 755 3144 quomodo
779 3061 858 3124 idem
881 3059 929 3123 hic
952 3061 1093 3141 planetae
1108 3065 1217 3136 motus,
1240 3059 1268 3121 in
1284 3077 1317 3122 se
1336 3075 1460 3120 manens

104 3151 257 3229 aequalis,
289 3151 382 3214 aliam
413 3161 513 3213 tamen
545 3161 635 3232 atquc
667 3150 759 3213 aliam
782 3150 913 3232 speciem
935 3168 1008 3231 prae
1033 3169 1065 3212 se
1091 3150 1168 3212 ferre
1189 3147 1304 3228 possit,
1328 3154 1359 3208 et
1383 3164 1458 3226 quo-

103 3241 192 3300 modo
217 3241 268 3302 hic
292 3241 402 3302 ambae
427 3242 539 3302 formae
562 3239 793 3320 aequipolleant.

193 3327 323 3394 caue
338 3331 367 3394 A
383 3338 413 3394 ct
426 3355 441 3410 y
456 3334 521 3404 (mg.
535 3335 577 3387 50.
592 3335 648 3404 ιι),
663 3329 840 3394 interuallis
852 3348 923 3391 uero
937 3323 1005 3402 Ac,
1024 3351 1056 3407 ys
1071 3323 1265 3408 aequalibus,
1281 3323 1462 3388 scribantur

98 3419 221 3483 cir-mali
244 3418 311 3496 CD,
337 3415 381 3496 ιζ,
405 3422 517 3504 quibus
539 3427 677 3501 opacum·
701 3417 767 3489 CA,
785 3443 818 3498 sy
837 3439 895 3500 per
919 3425 1025 3480 cesara
1045 3413 1224 3500 parallelae
1247 3414 1459 3478 adinvicem:

98 3519 198 3592 alque
221 3509 268 3572 aii
291 3511 351 3572 luas
371 3509 563 3573 inclinentur
586 3509 698 3572 ductae
715 3529 777 3592 per
800 3515 907 3572 cesara
929 3503 1025 3582 aliae,
1039 3505 1107 3578 AB,
1126 3509 1171 3584 γᾶ,
1194 3507 1328 3586 itemque
1342 3499 1411 3577 AD,
1428 3496 1467 3580 γζ

98 3599 216 3662 itidem
233 3597 428 3682 parallelae.
469 3597 637 3664 Saribatur
660 3587 757 3662 eliam
779 3597 857 3662 eacB
882 3591 1039 3678 epicyclus
1060 3593 1227 3659 immoallo
1243 3593 1307 3668 ΒΕ,
1331 3592 1461 3656 itidem-
1490 3617 1495 3628 ·

97 3709 160 3769 quae
183 3709 227 3752 ea
250 3689 279 3748 D
303 3687 469 3751 imernallo
492 3683 620 3770 aequali
643 3687 714 3762 DG,
738 3695 766 3750 et
789 3684 958 3750 collocetur
976 3683 1107 3768 planeta
1129 3683 1164 3746 in
1185 3682 1212 3744 E
1236 3691 1265 3746 et
1289 3680 1328 3756 G,
1351 3687 1388 3745 at
1401 3675 1463 3741 DG

97 3785 127 3840 et
143 3777 205 3839 AB
229 3779 298 3840 siret
315 3775 503 3860 parallelae.
541 3775 659 3839 Eidem
680 3774 844 3840 interuallo
859 3773 914 3838 BE
938 3773 1070 3858 aeqcmle
1093 3773 1301 3838 coratitaatur
1322 3773 1358 3834 ιἰι
1375 3769 1463 3834 linea

97 3873 151 3947 dy,
176 3865 269 3948 quod
291 3868 334 3929 sit
355 3867 408 3946 γβ,
440 3868 475 3930 in
496 3875 609 3950 pantes
639 3867 705 3948 ipsi
728 3871 745 3927 d
774 3867 969 3929 contrarias:
1000 3872 1029 3927 et
1051 3871 1253 3929 connectatur
1276 3859 1306 3922 G
1330 3880 1400 3924 cum
1421 3861 1461 3932 A,

98 3953 215 4028 lcum
244 3955 275 4032 β.
329 3954 590 4039 Aequipollebunt
619 3955 718 4037 ipitur
746 3955 930 4039 hypotheses
954 3974 1016 4036 per
1045 3953 1259 4036 praemissum
1288 3955 1402 4030 caput:
1434 3953 1463 4010 et

97 4046 190 4110 oculo
216 4047 255 4108 im
279 4044 308 4104 A
331 4047 397 4121 etti
421 4047 594 4120 constituto,
619 4042 767 4126 aequales
790 4050 881 4107 erum
895 4041 994 4116 EAG,
1011 4039 1076 4120 δβζ
1080 4061 1089 4116 3
1113 4039 1261 4123 aequales
1283 4041 1379 4102 etiam
1393 4035 1461 4110 ΕΑ,

98 4137 150 4212 ιβ,
175 4135 256 4198 item
282 4129 352 4208 GA,
376 4129 432 4212 ζβ;
457 4135 589 4215 denique
619 4153 715 4198 araus
736 4132 795 4196 EG
815 4141 848 4196 et
871 4130 912 4204 δζ
937 4129 1093 4214 aequales.
1142 4129 1310 4194 Scribetun
1327 4128 1401 4214 jam
1423 4145 1463 4188 en

99 4227 136 4298 B,
153 4224 191 4298 C,
211 4223 241 4286 D
266 4222 428 4308 epimelas
450 4225 563 4296 minam
587 4219 995 4296 immutescamus:
1019 4229 1048 4285 et
1070 4220 1269 4284 cominuetar
1290 4215 1348 4280 Ac
1371 4213 1459 4276 inF:
1539 4285 1543 4296 Ι

100 4319 228 4400 sintque
245 4311 407 4397 paralleli
430 4310 490 4388 CF,
514 4312 567 4388 BI,
591 4311 669 4377 DH:
701 4320 730 4400 el
753 4308 920 4375 collocetur
948 4310 1040 4372 sidus
1062 4311 1098 4372 ιἰι
1119 4309 1150 4377 Ι,
1174 4309 1212 4384 F,
1237 4307 1275 4369 H.
1319 4307 1463 4370 Rursum

102 4407 203 4485 ignitur
222 4425 285 4486 per
308 4423 378 4487 cap.
403 4403 453 4466 II.
479 4401 617 4466 oincadm
640 4401 711 4462 IFH
734 4400 878 4484 aequalis
900 4402 961 4463 erit
984 4397 1102 4462 maculo
1125 4393 1172 4469 δζ.
1219 4399 1342 4460 Accam
1363 4392 1463 4474 teian

104 4495 141 4554 tf
165 4493 302 4557 amende
325 4479 371 4557 eci
382 4498 503 4576 puncto
527 4496 553 4566 d,
576 4499 611 4554 ui
632 4493 818 4554 terminetur
839 4491 875 4552 in
897 4508 929 4563 s;
953 4496 988 4572 et¹
1006 4489 1045 4550 ab
1069 4507 1162 4570 sper
1184 4509 1198 4565 y
1220 4486 1283 4549 dac
1306 4507 1348 4563 ey,
1371 4489 1405 4544 ul
1429 4503 1462 4559 ιγ

104 4586 143 4646 sit
162 4581 343 4666 paccatas
366 4583 435 4665 ipsi
453 4577 528 4644 CA:
553 4588 581 4644 et
601 4577 767 4643 interuallo
789 4576 841 4640 CF
864 4576 997 4660 aequale
1020 4577 1286 4641 concasnomen
1309 4573 1395 4636 linea
1419 4581 1461 4648 ey,

107 4674 188 4754 quod
208 4676 251 4738 sit
270 4699 329 4756 γα,
355 4673 393 4736 ia
417 4677 529 4754 partes
559 4669 624 4751 ipsi
646 4693 659 4730 s
684 4668 880 4732 contrarias:
910 4673 939 4729 et
961 4673 1164 4730 connectatur
1186 4664 1202 4724 1
1226 4671 1255 4727 el
1276 4663 1306 4724 Η
1329 4681 1399 4726 aum
1420 4660 1461 4734 A,

109 4765 149 4826 sic
171 4770 189 4825 b
210 4773 239 4830 et
261 4762 280 4840 ζ
305 4783 381 4829 eam
406 4783 444 4828 a..
485 4759 628 4821 Rursum
654 4760 754 4842 ipitius·
785 4754 1037 4840 aequipolledunt
1067 4754 1250 4836 hypotheses
1275 4771 1337 4836 per
1362 4769 1462 4834 prae-

109 4854 228 4920 scissum
249 4861 369 4942 capsa:
399 4857 432 4914 et
457 4845 550 4913 acala
569 4847 603 4910 ia
625 4849 655 4912 A
677 4855 706 4913 et
728 4871 748 4912 a
771 4848 952 4922 constituto,
981 4841 1127 4928 aequales
1149 4849 1241 4907 errsnt
1267 4839 1367 4917 FAH,
1391 4833 1464 4928 ιιιζ

1193 4947 1250 5002 12*
