3640 5538
725 335 807 392 lictae
825 337 938 391 Ειιιοιιι.
1060 329 1065 336 ’
1312 343 1317 354 ’
1430 335 1495 406 463

152 523 184 574 et
204 515 341 588 abripitur
360 533 380 574 a
399 515 581 590 qualicunque
601 517 702 576 virtute
723 517 881 594 magnetica
901 517 1026 576 Telluris.
1068 519 1140 576 Nam
1160 512 1201 576 sir
1224 519 1383 592 magnetica
1402 519 1494 574 fortis·

153 599 223 654 sima
242 598 349 668 quidem
369 606 413 654 est
432 598 538 655 ratione
559 615 627 654 suae
647 600 775 670 propriae
795 599 882 664 sedis,
912 618 1009 671 nempe
1029 599 1160 666 Telluris,
1181 601 1302 671 corporis
1325 599 1495 654 densissimi:

152 679 204 738 illa
228 683 322 736 tamen
350 679 507 752 languescit
535 679 563 734 in
583 680 693 750 objectu
714 681 846 738 materiae
867 679 985 736 rarioris.
1025 681 1160 752 hemplo
1190 681 1227 735 sit
1255 681 1297 738 ris
1325 679 1377 738 illa
1406 686 1495 736 motus

151 758 267 814 violenti
287 765 391 816 auctor.
430 760 506 814 Puer
534 777 616 816 manu
636 760 780 831 projiciens
810 761 936 832 lapillum
963 761 1095 831 propellit
1122 763 1199 819 illum
1219 777 1299 832 quam
1325 759 1495 832 longissime.

152 841 226 896 ldem
246 838 313 895 totis
343 838 444 894 viribus
465 841 605 905 connixus,
635 848 668 895 ut
687 842 819 911 pumicem
848 839 969 910 ejusdem
990 843 1067 896 molis
1087 845 1182 896 eodem
1210 840 1354 912 projiciat,
1385 856 1495 911 scopum

151 934 290 990 nunquam
318 926 489 990 assequetur.
531 920 584 975 Sed
613 923 648 975 ad
675 938 792 992 vapores
821 925 911 978 redeo.
952 922 996 975 llli
1022 921 1109 993 igitur
1137 927 1313 993 asportantur
1342 936 1403 976 cum
1427 919 1494 976 loots

152 1001 297 1054 Terrarum
324 999 376 1054 sibi
402 998 533 1068 subjectis
555 1002 694 1056 arirtute
714 1003 871 1074 magnetica
884 1002 1010 1067 Telluris,
1033 1008 1063 1056 et
1085 1003 1123 1056 sic
1144 1003 1286 1074 quiescunt
1307 1001 1494 1058 incumbentes

152 1080 247 1136 iisdem
268 1081 414 1134 Terrarum
435 1079 511 1144 locis,
533 1082 694 1153 quantisper
713 1100 768 1137 non
789 1099 807 1138 a
827 1081 917 1138 causis
938 1081 1074 1154 aliquibus
1094 1082 1278 1154 impelluntur,
1301 1097 1373 1152 quae
1394 1095 1495 1134 causae

151 1177 188 1216 ox
208 1162 303 1214 eodem
324 1177 384 1214 cnm
404 1159 471 1232 ipsis
492 1161 598 1232 origine
618 1169 779 1220 nascuntur.
819 1161 933 1234 Impulsi
957 1179 1023 1218 veru
1043 1165 1079 1217 ab
1099 1163 1132 1218 iis
1153 1161 1258 1228 causis,
1290 1167 1492 1233 quaerentum

151 1241 270 1305 faciunt,
308 1241 439 1296 facillime
468 1257 486 1295 a
512 1241 617 1296 catenis
646 1243 701 1298 illis
727 1243 890 1316 magneticis
919 1242 1076 1298 avelluntur
1105 1243 1133 1298 in
1153 1245 1267 1316 plagam
1297 1257 1494 1314 quamcunque,

150 1323 231 1394 idque
251 1321 363 1393 aequali
383 1321 484 1392 spatio,
505 1321 529 1376 si
550 1337 634 1377 cause
658 1324 792 1394 aequalis.
834 1322 940 1394 Quippe
960 1323 989 1378 in
1009 1341 1101 1380 eorum
1127 1330 1204 1382 motu
1227 1339 1282 1378 non
1308 1321 1495 1380 consideratur

149 1401 293 1474 longitudo
316 1408 421 1458 tractus
442 1418 492 1472 per
517 1402 670 1467 aetherem,
702 1405 750 1460 sed
776 1405 922 1460 multitudo
949 1410 1108 1460 catenarum
1135 1421 1185 1460 seu
1212 1402 1357 1473 longitudo
1387 1409 1493 1460 traetm

150 1483 305 1540 Terrarum.
347 1483 417 1536 Nam
437 1484 473 1537 ad
492 1480 683 1551 trajiciendum
703 1501 753 1554 per
773 1485 914 1540 aetherem
933 1502 987 1539 non
1008 1484 1132 1557 indigent
1152 1501 1204 1540 sua
1223 1499 1323 1554 opera,
1345 1487 1496 1538 contentae

148 1563 252 1618 virtute
272 1561 391 1617 Telluris
411 1577 461 1616 ceu
482 1563 555 1618 nari.
596 1566 728 1635 Adeoque
748 1565 896 1636 genuinum
916 1571 961 1619 est
980 1567 1136 1635 exemplum
1155 1563 1234 1620 naris
1255 1569 1285 1618 et
1304 1570 1444 1618 rectorum
1464 1563 1495 1618 ιιι

148 1659 184 1698 ea
204 1641 421 1706 discursantium,
442 1641 494 1696 nisi
508 1646 579 1714 quod
598 1651 723 1698 vectores
743 1645 823 1702 naris
842 1662 897 1701 non
916 1645 1033 1702 attrahit
1053 1645 1211 1716 magnetica
1231 1644 1342 1708 virtute,
1365 1645 1413 1698 sed
1433 1643 1493 1698 solo

148 1715 279 1778 contestu
299 1721 386 1793 rapit,
414 1723 522 1777 eosdem
541 1741 608 1778 sero
628 1725 722 1780 Tellus
744 1726 833 1781 adhuc
860 1725 977 1781 attrahit
996 1741 1047 1796 per
1066 1725 1214 1798 gravitatis
1235 1725 1379 1788 virtutem,
1411 1739 1492 1794 quam

148 1803 245 1859 Tellus
264 1820 319 1857 non
340 1803 519 1857 communicat
538 1811 613 1858 motu
634 1805 720 1868 navis,
742 1821 858 1876 vapores
878 1821 943 1859 sero
957 1812 987 1860 et
1006 1805 1164 1876 projectitia
1177 1821 1230 1861 non
1245 1804 1363 1858 attrabit
1383 1804 1490 1867 aether,

146 1884 243 1954 itaque
263 1899 283 1937 a
301 1883 363 1938 sola
382 1899 433 1936 sua
453 1881 516 1936 navi
537 1879 578 1952 (id
598 1889 643 1938 est
662 1901 680 1939 a
700 1881 824 1955 Tellure)
845 1885 1029 1942 attrshuntur.
1070 1887 1131 1940 Non
1151 1885 1244 1958 itaque
1265 1891 1296 1939 ut
1322 1883 1350 1938 in
1370 1882 1433 1938 nari
1454 1900 1493 1938 ex

147 1971 224 2018 motu
249 1962 327 2017 navis
354 1961 518 2034 contingunt
538 1979 680 2034 corporum
696 1965 872 2035 jactationes,
900 1967 962 2020 dum
992 1965 1164 2036 abripiuntur
1185 1981 1300 2036 corpora
1320 1979 1338 2018 a
1358 1963 1426 2018 locis
1457 1963 1491 2017 iis

149 2046 309 2107 Terrarum,
340 2044 466 2114 adquae
487 2045 611 2107 tendunt,
633 2045 781 2117 gravitatis
802 2045 958 2109 momentis,
984 2063 1050 2109 non,
1071 2047 1195 2118 inquam,
1223 2037 1365 2099 sicetiam
1382 2038 1489 2113 jactari

145 2140 260 2178 necesse
279 2129 323 2178 est
336 2139 451 2194 corpora
471 2129 573 2188 nostra,
595 2126 657 2179 dum
678 2141 696 2179 a
716 2127 801 2180 Terra
815 2127 996 2196 abripiuntur,
1017 2143 1105 2197 neque
1125 2143 1152 2182 ιι.
1173 2128 1287 2180 tendunt
1301 2139 1336 2178 ea
1350 2125 1384 2177 cd
1405 2122 1492 2178 ullam

145 2209 256 2274 partem
276 2202 413 2266 aetheris,
435 2205 482 2257 sed
503 2206 538 2257 cd
557 2203 641 2258 solius
662 2206 764 2260 Terrae
785 2206 937 2276 subjectum
966 2206 1077 2277 planum
1106 2222 1156 2277 per
1176 2213 1290 2262 catenas
1318 2201 1490 2278 magneticas

147 2283 340 2338 attrahuntur:
372 2300 424 2354 quc
453 2285 486 2337 fit
505 2277 735 2340 demonstratione
755 2287 936 2360 geometrica,
967 2291 1000 2340 ut
1021 2289 1054 2342 ad
1076 2292 1198 2341 centrum
1227 2285 1342 2342 tendant
1371 2282 1489 2357 gratim

146 2363 201 2419 etsi
215 2381 269 2418 non
289 2366 406 2418 tendunt
418 2364 454 2417 ad
468 2370 590 2419 centrum
609 2371 741 2436 tanquam
764 2369 800 2422 ad
818 2385 875 2423 rem
889 2367 1091 2439 geometricam,
1113 2368 1160 2420 sed
1181 2373 1312 2437 tanquam
1325 2367 1361 2418 ad
1374 2362 1497 2418 medium*

149 2443 271 2515 corporis
291 2442 408 2498 rotundi.
449 2441 509 2498 Nisi
528 2463 556 2500 n.
579 2446 664 2502 Terra
688 2450 807 2502 rotunda
832 2455 921 2513 esset,
953 2450 988 2502 ad
1016 2447 1087 2504 idern
1107 2445 1167 2516 ejus
1195 2461 1332 2502 commune
1358 2451 1487 2513 punctum

149 2523 242 2578 omnia
261 2521 361 2596 gravia
380 2541 436 2578 non
455 2526 607 2582 tenderent

238 2601 291 2658 Hic
310 2610 342 2658 tu
361 2609 429 2673 puto
444 2601 564 2674 objicies,
585 2623 702 2676 vapores
722 2624 776 2661 non
797 2607 871 2662 trahi
885 2625 903 2662 a
916 2610 1013 2672 Terra,
1035 2624 1094 2663 cum
1114 2605 1206 2677 potius
1226 2604 1337 2678 fugiant
1357 2620 1375 2660 a
1394 2604 1488 2660 Terra

148 2685 321 2754 Respondeo,
341 2683 370 2736 in
388 2699 501 2754 sapore,
523 2702 581 2740 oum
600 2685 660 2741 exit
672 2704 710 2741 ex
723 2688 825 2742 Terrae
845 2689 1002 2752 visceribus,
1024 2687 1113 2742 inesse
1134 2689 1201 2742 duas
1221 2703 1274 2751 res,
1296 2685 1438 2740 materiam
1459 2689 1489 2737 et

149 2765 278 2832 calorem,
288 2763 335 2834 qui
344 2769 480 2834 extenuat
489 2765 639 2823 materiam.
661 2767 727 2822 Gum
740 2767 827 2839 igitur
838 2776 933 2839 partes
943 2769 1052 2839 aliquae
1067 2766 1177 2837 vaporis
1187 2767 1305 2822 scalere
1320 2770 1489 2820 extenuatae

149 2845 208 2900 sint
227 2845 286 2900 loco
300 2843 404 2907 humili,
425 2843 572 2916 iisdemque
593 2847 739 2916 superfusa
758 2863 827 2902 aura
840 2848 933 2920 gelida
952 2847 1077 2911 crassior,
1098 2849 1131 2902 fit
1148 2847 1235 2918 igitur
1255 2852 1287 2902 ut
1307 2845 1378 2900 sicut
1397 2844 1490 2903 verice

148 2929 215 2980 aere
236 2925 350 2980 sufflata
362 2925 489 2980 exsultat
508 2943 545 2980 ex
564 2926 652 2989 undis,
671 2929 768 2982 eadem
788 2927 817 2982 in
836 2933 901 2983 atre
922 2928 1073 2984 constituta
1092 2930 1217 2982 deorsum
1238 2925 1318 2988 cadit,
1340 2925 1379 2978 sic
1399 2925 1490 2980 tenuis

148 3004 308 3060 substantia
327 3005 437 3074 vaporis
458 3021 565 3060 sursum
584 3007 744 3076 expelletur
763 3023 782 3062 a
801 3007 961 3064 circumfuso
982 3025 1075 3062 crasso
1096 3013 1162 3062 edre
1180 3012 1210 3062 et
1228 3003 1358 3077 graviori.
1392 3005 1489 3074 licque

134 3092 315 3156 ¹supernatat
342 3101 422 3140 rarus
449 3093 500 3140 ant
527 3085 630 3140 calidus
650 3102 738 3157 vapor
758 3081 820 3156 (seu
849 3105 1026 3160 quaecunque
1046 3079 1204 3155 exhclatic)
1225 3085 1300 3148 atri,
1331 3084 1492 3155 quantisper

148 3172 193 3220 est
223 3164 339 3221 tenuior.
380 3165 433 3220 Ubi
462 3165 569 3238 gelidus
599 3165 718 3222 redditus
746 3169 928 3223 condensatus
954 3167 1049 3232 fuerit,
1081 3166 1179 3222 iterum
1209 3164 1317 3220 decidit.
1358 3164 1490 3234 Adeoque

147 3263 183 3302 ne
205 3246 293 3302 fumus
314 3244 422 3317 quidem
441 3245 556 3300 ulterius
577 3263 595 3301 a
615 3246 705 3302 Terris
734 3247 808 3312 abit,
840 3265 920 3319 quam
946 3254 1082 3321 urgeatur
1101 3253 1130 3302 et
1151 3245 1310 3316 expellatur
1331 3259 1349 3297 a
1368 3241 1490 3316 graviori

148 3331 224 3383 atre.
257 3326 406 3396 Postquam
419 3344 446 3380 n.
461 3326 580 3397 aliquam
595 3327 692 3399 attigit
713 3328 893 3394 altitudinem,
914 3329 1027 3384 restitut
1046 3327 1085 3383 ibi
1103 3327 1247 3397 pendulus.
1280 3329 1489 3396 argumentum,

147 3407 240 3476 ipsum
258 3405 367 3462 ratione
397 3422 465 3461 suae
494 3406 628 3462 materiae
657 3408 747 3463 adhuc
774 3408 834 3478 peti
863 3416 892 3464 et
919 3407 992 3465 uehi
1013 3426 1031 3464 a
1051 3409 1149 3474 Terra,
1179 3406 1265 3461 minus
1295 3412 1387 3460 tamen
1408 3420 1489 3476 quam

147 3484 303 3555 subjectum
324 3491 425 3542 serem.
466 3485 495 3541 Si
515 3505 570 3541 non
590 3487 684 3552 credis,
705 3503 823 3559 sopores
850 3495 880 3544 et
899 3490 985 3545 firmos
1010 3489 1038 3543 in
1058 3487 1143 3542 altum
1168 3489 1280 3542 tendere
1308 3485 1489 3540 mentatione

148 3567 209 3621 alia
229 3581 310 3636 quam
329 3565 485 3632 tenuitatis,
508 3570 590 3624 adsta
603 3569 639 3624 ad
659 3567 738 3641 ignes
759 3585 902 3626 succensos
923 3569 1040 3634 subdio,
1063 3568 1138 3622 claro
1159 3567 1210 3633 die,
1232 3572 1264 3622 ut
1284 3565 1321 3620 sit
1340 3583 1356 3619 e
1375 3565 1489 3636 regione

147 3645 224 3719 ignis
245 3645 337 3717 paries
358 3646 457 3718 aliquis
487 3663 535 3701 seu
555 3663 647 3703 murus
667 3665 727 3703 curn
751 3649 901 3716 coloribus,
931 3649 1058 3705 fenestris
1079 3648 1194 3719 aliisque
1213 3647 1312 3710 rebus,
1345 3661 1415 3718 quse
1436 3643 1489 3699 dis-

147 3725 308 3781 tinctionem
336 3726 448 3782 iaciunt.
497 3727 603 3783 Ventus
634 3727 717 3784 etiam
752 3731 857 3800 perdet.
907 3730 1019 3786 Videbis
1047 3729 1149 3784 fluxum
1179 3728 1311 3801 quendam
1340 3727 1414 3781 clare
1450 3725 1488 3794 isi

147 3814 248 3862 ventus
264 3803 403 3878 interiet)
423 3824 478 3862 non
497 3807 600 3864 directe
619 3808 648 3862 in
676 3810 762 3866 altum
782 3813 953 3876 tendentem,
982 3816 1059 3865 trans
1080 3825 1159 3882 quesn
1178 3807 1292 3879 parietis
1321 3813 1417 3876 partes
1437 3805 1488 3860 tibi

150 3893 269 3941 tremere
289 3887 454 3942 videbuntur
474 3889 509 3942 ob
528 3888 708 3944 refractiores
729 3891 894 3946 diversorum
914 3891 1068 3946 mediorum.

238 3960 286 4026 22)
303 3979 327 4030 p.
349 3961 408 4014 175.
443 3965 578 4032 l'mpositlo
595 3965 659 4017 bssc
676 3973 757 4018 mser
782 3969 809 4018 in
825 3968 890 4020 Ptol.
909 3969 1006 4034 Almsg.
1025 3965 1070 4027 Ill,
1091 3963 1115 4015 ³.
1152 3967 1240 4031 Georg.
1258 3964 1407 4016 Pnrbschius
1432 3977 1489 4014 sans

150 4035 260 4098 explicat
286 4035 313 4084 ln
333 4035 473 4094 ..Theoricis
497 4039 566 4088 noris
587 4037 768 4102 planetarum,“
786 4053 848 4105 quus
865 4041 959 4091 Erssrn.
979 4037 1130 4090 Rsinholdus
1149 4036 1334 4088 Commentariis
1359 4034 1491 4086 illusmrlt

148 4107 246 4168 (Vrtab.
265 4102 359 4169 1512),
387 4108 469 4158 orbem
496 4123 623 4159 murreus
650 4109 767 4169 solidum,
796 4112 947 4175 ,epieyclum
974 4109 1148 4162 deferentem.“
1186 4108 1257 4168 Quas
1276 4105 1419 4158 Aristoteles
1435 4103 1488 4166 (lis

149 4176 224 4227 Gcslo
242 4175 276 4235 11,
297 4175 338 4227 tt.
357 4177 468 4244 bletsph.
487 4179 544 4236 XII,
562 4177 601 4240 8.)
620 4181 651 4230 do
669 4181 762 4232 Eudoxi
787 4189 812 4233 et
830 4183 926 4248 Cslippi
949 4182 1121 4246 hypothesibus
1138 4181 1252 4240 senserit,
1278 4177 1384 4242 pluribus
1400 4191 1486 4241 propo·

147 4249 199 4300 suit
216 4247 341 4312 Kepleras
357 4251 383 4300 in
402 4250 523 4317 Apologia
540 4251 664 4315 Tychcnis
682 4259 768 4304 tantm
784 4253 817 4304 R.
835 4253 924 4304 Ursum
943 4253 1009 4312 (Vol.
1029 4251 1049 4311 l,
1067 4269 1091 4316 p.
1111 4249 1162 4302 stt
1180 4247 1225 4311 as.)

238 4315 284 4381 tt)
307 4335 332 4386 p.
360 4317 417 4370 177.
455 4322 504 4373 Jul.
534 4321 646 4373 fissuris
674 4321 840 4392 Scaligsri
865 4319 1047 4375 Ειοιιιιιιιιιιιι
1072 4324 1281 4374 Exercitationum
1306 4319 1348 4369 lib.
1374 4315 1428 4368 XV.
1456 4316 1487 4368 ds

148 4389 292 4442 substitute
310 4391 504 4443 ademarum.
541 4393 624 4446 Latet
644 4393 721 4444 1557.
756 4395 786 4446 In
803 4395 908 4446 Exsrott.
927 4393 1054 4448 ccctlx.
1073 4393 1231 4461 8..lsgirnus:
1249 4391 1332 4441 officis
1348 4387 1486 4454 intelligen-

147 4464 240 4514 aarum
252 4465 301 4512 tris
313 4469 379 4514 sunt.
410 4463 533 4514 Primum:
553 4467 683 4524 mitterer
702 4465 819 4518 alterum:
837 4469 902 4518 nisu
913 4468 946 4518 ad
963 4473 1032 4518 certa
1043 4467 1159 4529 mysteria
1171 4469 1197 4514 et
1207 4462 1354 4520 ministerisr
1372 4461 1486 4509 tertium:

147 4549 245 4585 morae
264 4535 344 4584 orbes.
375 4533 450 4585 Primi
468 4536 531 4586 orbis
548 4538 636 4587 matrix
653 4537 817 4604 intelligentta
835 4538 888 4588 sols
905 4541 943 4590 sui
960 4540 1035 4603 ipsius
1052 4537 1216 4588 intellectione
1234 4533 1259 4582 id
1277 4537 1396 4596 praestst.
1414 4530 1485 4580 intel-

147 4605 203 4672 ligit
221 4605 297 4662 cuim,
316 4620 343 4656 so
362 4619 379 4656 a
396 4605 451 4656 lieo
469 4613 587 4666 mestum,
606 4614 635 4658 ut
652 4609 740 4659 molem
759 4609 820 4660 coeli
835 4625 895 4676 gyro
913 4611 999 4677 agitet.
1029 4609 1130 4658 Inferior
1146 4605 1310 4678 intelligentis
1326 4601 1487 4668 intelligendo

147 4678 249 4742 primam
267 4677 322 4726 vult
340 4677 422 4727 orbern
440 4693 510 4728 suum
529 4693 584 4728 onus
602 4680 671 4743 primi
690 4681 754 4730 orbis
771 4688 839 4731 motu
855 4681 927 4730 simul
945 4681 1034 4734 versari
1053 4679 1097 4729 dte.

235 4748 324 4813 Gcmp.
343 4745 399 4798 Vol.
419 4747 441 4807 1,
459 4765 482 4814 p.
503 4747 553 4798 173
573 4763 605 4800 ss.
625 4747 677 4800 250
694 4765 726 4820 sp.
754 4752 865 4818 Epitome
884 4755 949 4802 Διιι.
970 4753 1029 4819 cop.
1042 4749 1087 4802 lv.
1106 4761 1162 4812 pars
1180 4747 1205 4795 2.
1224 4745 1283 4797 lirc-
1297 4743 1323 4792 2·

235 4817 283 4884 21)
301 4835 327 4886 p.
349 4815 408 4866 175.
439 4820 567 4872 Aslccnna
585 4819 703 4881 (Abuhxil
714 4823 830 4874 Elhusein
847 4823 893 4874 Ibn
910 4817 1028 4884 Abdalla)
1046 4819 1215 4872 edemmnrs
1233 4816 1342 4867 modicus
1358 4821 1385 4866 et
1407 4814 1484 4882 philo·

145 4891 234 4968 stpbss
245 4889 414 4952 &thmuis
431 4893 466 4955 lc
486 4891 560 4946 tuem
577 4907 628 4951 ses·
650 4891 693 4958 s.)
710 4893 797 4952 tibrum
816 4896 958 4968 conscripsit
977 4893 1032 4955 ,De
1045 4891 1127 4949 stellis
1144 4889 1214 4940 flxtr‘
1234 4901 1305 4957 quem
1323 4887 1403 4941 Batti
1419 4885 1486 4946 tute
