3640 5538
956 325 1120 396 mmmmm.

850 505 1005 582 Sen'batnr
1028 505 1105 568 enim
1129 503 1257 568 oireulns
1281 511 1383 566 centro
1408 503 1444 578 P,
1468 503 1628 568 intervallo
1651 503 1712 580 PB,

759 617 846 679 quem
868 604 951 658 secet
972 596 1023 659 PF
1045 594 1192 677 produota
1215 594 1245 656 in
1268 594 1306 666 N,
1328 592 1367 664 Q.
1413 592 1490 658 Com
1512 596 1604 675 igitur
1627 592 1714 666 QAB

598 758 599 761 Ἴ
661 707 677 758 a
759 688 801 750 sit
822 695 935 760 rectus,
959 686 1137 768 quadratum
1151 683 1208 746 AB
1233 682 1358 764 aequale
1383 685 1442 745 erit
1460 683 1636 764 reetangulo
1662 685 1714 746 sub

607 790 649 869 *ζ
761 776 830 850 QA,
854 775 924 838 AN.
971 773 1033 837 Sed
1057 770 1117 844 ΟΛ
1141 779 1189 834 est
1212 772 1346 852 aequalis
1380 772 1438 852 ipsi
1460 771 1536 849 ΕΟ,
1566 771 1637 852 quia
1659 772 1716 836 ΔΕ

591 858 627 916 s'
653 884 661 901 ·
760 875 809 929 eet
831 867 1010 928 elementum
1034 861 1150 941 utrique
1174 879 1337 935 commune,
1360 859 1419 925 AO
1443 881 1515 924 vero
1538 864 1585 924 vel
1605 864 1663 926 AF
1686 872 1716 924 et

760 953 819 1028 EQ
841 954 889 1016 vel
912 952 966 1016 ΕΒ
999 951 1182 1014 constitutae
1215 951 1334 1012 luerunt
1363 951 1514 1030 aequales.
1560 951 1622 1014 AN
1646 970 1716 1014 vero

659 1048 677 1087 Ὗ
707 1077 721 1127 0
763 1051 811 1108 eet
840 1042 976 1122 aequalis
1008 1040 1264 1120 compositae‘ex
1293 1038 1349 1102 EO
1381 1048 1413 1102 et
1443 1040 1500 1102 ΑΡ
1531 1039 1589 1103 bis.
1637 1038 1718 1112 Quia

763 1133 841 1196 enim
863 1130 920 1196 EO
953 1139 1062 1213 aequat
1083 1125 1154 1203 ΑΟ,
1177 1126 1239 1201 AQ
1269 1148 1339 1189 vero
1372 1137 1404 1192 et
1429 1128 1486 1192 ΑΡ
1518 1137 1628 1212 aequat
1651 1128 1716 1204 Pu,

765 1241 856 1304 qnare
879 1228 910 1283 et
933 1219 990 1283 EO
1014 1239 1079 1282 enm
1096 1217 1152 1282 ΑΡ
1175 1228 1284 1299 aequat
1306 1215 1371 1294 ΡΟ,
1396 1220 1425 1281 h.
1442 1239 1468 1282 e.
1492 1219 1564 1283 PN:
1590 1221 1719 1282 accedat

764 1311 856 1392 igitur
886 1309 926 1372 od
947 1308 1004 1372 ΡΝ
1035 1309 1103 1390 ipsa
1125 1307 1181 1370 ΑΡ
1212 1307 1363 1370 seeundo:
1397 1315 1463 1372 tota
1484 1309 1545 1372 AN
1575 1309 1719 1389 aequabit

367 1406 425 1472 ΕΟ
448 1411 481 1468 et
505 1404 580 1466 duas
603 1399 667 1464 ΑΡ.

888 1556 1087 1620 Problema
1107 1553 1196 1624 XIII.

371 1675 473 1737 Data
500 1665 718 1750 quantitate
751 1664 925 1726 delectus
955 1669 992 1724 et
1018 1661 1264 1743 proportione
1294 1661 1566 1724 semidiametri
1589 1662 1719 1725 Lunae

370 1761 414 1825 ad
437 1777 565 1822 areum
588 1755 761 1816 dimidiae
786 1751 1016 1826 durationis,
1059 1750 1221 1814 iuvenire
1245 1750 1523 1831 proportionem
1541 1751 1720 1832 ejusdem

414 1843 687 1914 semidiametri
717 1845 743 1916 t
779 1843 823 1904 ad
857 1841 1175 1906 semidiametrum
1211 1839 1358 1902 umbrae
1392 1847 1428 1900 et
1459 1840 1503 1901 ad
1535 1840 1677 1903 latitu-
1745 1883 1749 1890 =
1778 1889 1780 1892 .

913 1929 1012 1995 diuis
1044 1947 1176 1992 areum.

461 2025 561 2088 Datur
582 2019 736 2102 proportio
761 2019 815 2084 OF
838 2028 871 2083 et
893 2021 933 2082 ad
955 2018 1009 2082 OE
1034 2019 1200 2093 (schemate
1216 2017 1253 2092 4)
1276 2023 1392 2097 partem
1416 2015 1603 2079 definientem
1628 2024 1660 2081 st
1683 2020 1721 2081 ad

372 2115 429 2180 AB
454 2131 554 2176 arnum
578 2110 720 2173 dimidiae
745 2109 919 2172 durationis.
965 2109 1061 2189 Igitur
1083 2107 1260 2188 quadratum
1284 2104 1340 2169 OE
1364 2106 1517 2173 auferatur
1540 2108 1720 2188 aquadrato

371 2205 439 2279 AB,
463 2201 614 2265 residuum
629 2198 862 2261 transformetur
883 2199 913 2260 in
935 2197 1150 2274 reetangulnm,
1175 2196 1259 2275 eujus
1283 2195 1409 2258 alterum
1432 2195 1512 2256 latus
1535 2204 1648 2274 aequet
1667 2195 1721 2258 ΕΟ

372 2293 437 2366 bis,
466 2291 610 2371 reliquum
634 2289 713 2350 latus
738 2286 794 2349 erit
815 2287 891 2363 PA,
919 2289 966 2350 oui
997 2287 1125 2348 addatur
1152 2283 1223 2359 ΑΕ,
1253 2284 1423 2346 differentia
1450 2283 1528 2346 inter
1550 2283 1627 2362 ΑΟ,
1648 2284 1720 2362 ΟΕ;

373 2382 426 2444 vel
449 2379 577 2442 alterum
605 2377 685 2439 lutus
709 2382 819 2456 aequet
839 2375 905 2451 ΕΟ,
929 2377 1075 2456 reliquum
1098 2373 1234 2437 erith
1256 2373 1314 2435 bie.
1364 2370 1445 2444 Quia
1468 2371 1545 2434 enim
1564 2374 1624 2436 BA
1643 2395 1719 2457 qua-

376 2471 493 2533 dratum
517 2473 629 2547 aequat
651 2465 857 2543 reetangulnm
881 2484 919 2528 ex
938 2463 993 2528 ΟΕ
1017 2473 1048 2527 et
1070 2463 1233 2542 composito
1257 2481 1294 2523 ex
1313 2460 1369 2525 ΟΕ
1392 2469 1423 2522 et
1437 2462 1489 2526 PL
1503 2462 1603 2543 duplo,
1629 2483 1719 2546 quare

374 2556 522 2622 communi
550 2554 697 2636 quadrato
721 2551 777 2615 ΟΕ
805 2553 943 2633 utrinqne
972 2553 1091 2628 ablato,
1130 2552 1314 2633 relinquetur
1348 2550 1409 2614 illio
1445 2550 1614 2614 differentia
1644 2573 1720 2636 qua-

375 2648 529 2710 dratorum
550 2644 608 2706 BA
631 2651 662 2704 et
686 2640 751 2718 ΟΕ,
774 2641 824 2704 hic
848 2640 904 2706 ΟΕ
928 2690 935 2705 .
961 2639 1047 2717 2ΡΑ,
1071 2643 1119 2705 vel
1142 2641 1197 2704 ΡΑ
1222 2687 1230 2704 .
1255 2637 1342 2704 2οΕ.

455 2749 493 2802 en
515 2748 558 2801 ro
576 2767 612 2792 =
630 2745 673 2798 eo
710 2745 745 2796 au
865 2747 992 2798 nereum
1027 2743 1071 2798 se
1090 2745 1142 2796 20¹1
1388 2745 1421 2796 ue
1439 2747 1471 2794 ee
1487 2745 1533 2795 es
1552 2742 1595 2796 eo
1615 2745 1670 2795 ean

428 2823 494 2892 urge
516 2821 560 2873 es
578 2838 614 2864 =
632 2815 674 2870 ar.
712 2817 728 2868 e
842 2819 1015 2888 negaremus
1053 2816 1141 2868 serso
1415 2815 1553 2884 tegurium.
1598 2815 1670 2870 esre

513 2887 729 2944 ue=1are
812 2903 820 2918 ·
1035 2887 1140 2940 rrraeo
1174 2913 1209 2926 -
1247 2882 1340 2936 seer

479 2964 558 3034 'ne
576 2961 672 3031 'ea
692 2977 726 3029 aa
749 2959 774 2969 “
1244 2955 1290 3008 ee.
1310 2955 1343 3006 re
1414 2957 1553 3024 regmen
1582 2956 1670 3010 reru

1218 3028 1378 3098 W
1413 3073 1446 3086 -
1482 3071 1517 3081 -
1581 3045 1672 3100 oeooo

1182 3117 1339 3172 roasa
1412 3143 1447 3155 -
1481 3141 1517 3154 -
1580 3117 1671 3172 serio

1058 3205 1166 3273 Duplum
1183 3189 1373 3262 PAW
1413 3233 1448 3246 ·-·
1482 3187 1724 3277 *W

873 3331 1082 3396 Theorema
1104 3333 1224 3398 XVIII.
1326 3336 1329 3342 ’

376 3443 415 3508 Si
438 3441 611 3505 oiroulum
643 3439 816 3519 majorem
848 3437 1078 3520 contigerint
1108 3441 1175 3503 duo
1208 3441 1338 3504 eirouli
1366 3438 1528 3504 minores
1550 3441 1651 3506 inter
1685 3463 1725 3508 se

376 3531 564 3614 aequales,
601 3528 703 3593 alter
740 3528 855 3605 intra,
895 3528 992 3591 alter
1026 3535 1135 3592 extra
1166 3529 1210 3593 ab
1243 3531 1367 3592 eadem
1401 3529 1511 3609 plaga
1543 3551 1563 3594 a
1595 3539 1727 3598 centro

376 3619 542 3702 majoris,
576 3617 820 3697 oonnexisque
849 3617 989 3680 centris
1021 3617 1198 3682 minorum
1230 3629 1266 3681 et
1297 3637 1373 3681 enm
1407 3625 1536 3680 centro
1569 3621 1727 3700 majoris

351 3718 413 3774 «et
434 3709 531 3770 inter
554 3726 592 3769 se
615 3725 678 3788 per
700 3716 835 3769 rectam
858 3707 1131 3780 continuatam,
1155 3709 1317 3772 dueatur
1339 3725 1384 3768 ex
1407 3715 1540 3770 eentro
1562 3711 1728 3789 majoris

357 3795 710 3882 -perpeudioularis
732 3795 768 3857 in
791 3795 912 3870 illam,
935 3798 1193 3878 reetangulnm
1216 3798 1280 3860 sub
1310 3795 1533 3860 differentia
1556 3798 1727 3874 duarum,

378 3905 470 3971 quae
502 3891 628 3950 centra
657 3884 833 3950 minorum
863 3903 939 3948 eum
968 3892 1094 3950 centro
1127 3887 1282 3968 majoris
1316 3893 1559 3962 connectunt,
1589 3896 1626 3953 et
1660 3889 1729 3952 snb

377 3975 587 4058 composita
609 3974 985 4064 exutraqne,·Juneto
1009 3976 1193 4054 quadrato
1213 3977 1308 4055 ejus,
1332 3974 1534 4056 quaeinter
1557 3985 1729 4043 nentrum

378 4063 575 4132 interioris
599 4070 636 4126 et
647 4063 1012 4146 perpendicularem,
1035 4065 1190 4145 aequale
1214 4065 1288 4127 erit
1311 4057 1489 4144 quadrato
1512 4065 1605 4148 ejus,
1629 4083 1729 4146 quae

482 4153 579 4216 inter
606 4157 769 4218 nentrum
797 4152 996 4218 exterioris
1019 4159 1055 4214 et
1077 4153 1227 4218 eandem
1249 4151 1613 4234 perpendicularem.

466 4243 544 4305 Vel:
578 4241 711 4307 eilatne
743 4261 833 4308 unum
860 4240 1003 4320 trianguli
1032 4243 1212 4324 reetanguli,
1236 4243 1366 4308 senuerit
1395 4249 1480 4304 reeta
1512 4261 1550 4310 ea
1580 4245 1730 4325 opposito

377 4333 499 4417 angulo,
522 4330 704 4411 triangulum
727 4329 823 4394 minue
852 4329 1041 4396 constituens
1064 4331 1143 4394 intra
1165 4333 1280 4413 majus,
1312 4331 1459 4394 communi
1482 4332 1592 4412 angulo
1616 4343 1729 4397 recto:

377 4422 691 4507 parallelogrammum
720 4422 925 4500 reetangulnm
949 4420 1004 4482 sub
1020 4419 1196 4484 differentia
1227 4420 1481 4504 hypotenusarum
1504 4429 1536 4484 et
1558 4422 1614 4486 sub
1638 4441 1731 4488 cnm-

379 4513 481 4594 posita
503 4528 541 4571 ex
563 4517 698 4590 utraque,
722 4528 871 4592 unacum
894 4510 1039 4593 quadrato
1062 4510 1165 4574 lateris
1189 4509 1218 4576 in
1237 4509 1386 4591 triangulo
1410 4509 1522 4586 minori.
1548 4513 1733 4592 aequabunt

379 4601 558 4685 quadratum
580 4596 686 4661 lateris
707 4596 738 4660 in
761 4597 911 4680 triangulo
935 4598 1051 4678 majori.

467 4687 622 4770 Triangnli
643 4685 731 4752 ABD
753 4688 834 4752 latus
856 4687 913 4752 BD
943 4694 1061 4751 secetur
1082 4688 1113 4750 in
1137 4685 1162 4754 Ο
1185 4705 1239 4768 per
1268 4693 1384 4752 rectam
1405 4685 1474 4760 ΑΟ,
1495 4705 1533 4750 ex
1555 4687 1587 4752 A
1610 4693 1732 4772 ungule

381 4775 520 4860 opposito
543 4776 682 4852 ductam,
714 4785 748 4841 ut
770 4775 812 4842 sit
834 4777 931 4840 minus
954 4779 990 4846 Δ
1012 4776 1116 4852 ΒΑΟ,
1147 4779 1295 4844 oommnui
1327 4775 1437 4858 angulo
1459 4784 1541 4842 reete
1564 4777 1613 4839 B:
1638 4789 1677 4844 et
1701 4783 1732 4844 in

382 4865 441 4936 AI)
466 4864 680 4936 determinetur
712 4865 770 4948 ipsi
791 4865 849 4936 ΑΟ
873 4865 1007 4954 aequalis
1028 4865 1096 4944 ΑΕ,
1121 4864 1187 4933 dine
1217 4867 1423 4948 reetangulnm
1452 4865 1507 4932 sub
1529 4865 1587 4930 ΕΙ)
1612 4876 1647 4932 et
1670 4871 1734 4936 sub
