3582 5558
303 294 367 366 112
716 297 817 352 Literae
835 296 936 366 Keplerl
955 253 1105 366 aliorumque
1123 301 1225 352 nomes

298 491 371 545 mem
390 483 554 544 coaequatum
571 477 721 530 momeliam
739 479 877 537 consumis,
895 484 922 530 et
939 489 1014 529 unam
1034 483 1059 530 et
1075 477 1198 544 innurem
1216 475 1448 544 prosthsphaereein
1465 489 1511 544 per
1529 475 1651 530 maset-

300 551 403 601 eitatem
420 547 498 602 mmai
516 555 614 602 tantam
634 549 771 602 adhibitam
788 557 833 608 tue
850 548 992 616 hypothesis
1010 550 1143 608 exhibunt
1162 557 1231 604 certe
1248 551 1382 604 verisimilis
1398 555 1475 604 arsat
1502 551 1539 602 at
1555 549 1651 602 mnn-

298 621 362 674 tiam
379 635 463 672 veram
481 636 531 672 nou
548 621 651 686 praebet
668 623 820 688 geomamu'os
838 622 965 674 dimensio.

386 689 589 772 Kepierns:
625 693 694 758 Nou
722 695 899 775 perpendis,
936 695 1143 760 Ptolemaeum
1176 692 1347 774 duplicasse
1385 713 1440 775 pro
1472 691 1654 775 aequab'oue

301 781 507 870 computanda
526 781 781 846 eecentrioitatem
804 783 904 858 iilam,
938 802 1025 864 qoam
1055 779 1250 846 insinuabant
1282 782 1465 858 distantiae,
1496 801 1550 844 seu
1573 781 1655 864 quod

298 867 377 934 idem
400 876 457 946 est,
470 869 737 934 eccentricitatem
760 891 814 952 per
837 872 1031 954 aequatioues
1054 872 1208 935 iuventam
1230 871 1395 936 bisecuisse
1420 891 1474 954 pro
1498 869 1655 934 distantiis

298 960 523 1042 computandis:
548 979 617 1024 nam
639 982 659 1023 a
682 969 784 1024 centro
808 959 967 1026 ecoeut‘rici
991 960 1172 1036 distantiae,
1201 968 1347 1026 acentro
1370 959 1543 1042 aequantia,
1567 959 1655 1040 cujus

298 1057 347 1112 est
369 1049 479 1132 duplex
502 1048 713 1114 eoceutrioitas
735 1051 857 1138 prioris,-
877 1049 1073 1134 aequatioues
1096 1051 1236 1134 pendent
1282 1050 1396 1131 Igitur,
1418 1057 1581 1134 antequam
1604 1067 1654 1112 me

266 1145 424 1220 'arguam
455 1137 662 1202 Ptolemaeum
693 1139 772 1204 idem
804 1141 964 1204 facientem
995 1160 1097 1223 arguo.
1143 1139 1210 1220 Ego
1238 1138 1405 1221 simplicem
1434 1139 1483 1204 bis
1511 1137 1654 1214 adhibeo,

296 1227 348 1292 ille
372 1225 557 1309 duplicatam
580 1228 674 1293 semel
697 1228 828 1302 (duabus
851 1239 967 1305 tamen,
994 1237 1029 1294 ut
1055 1229 1136 1312 prius
1160 1229 1287 1306 dietum,
1312 1227 1552 1312 operationibus)
1559 1245 1568 1304 ;
1600 1245 1654 1290 res

300 1317 406 1380 eodem
427 1315 516 1380 redit.
562 1315 680 1382 Deinde
702 1319 855 1400 perpende
878 1338 1011 1383 oausam.
1058 1318 1175 1382 Natura
1202 1337 1249 1382 me
1272 1317 1361 1401 jubet
1393 1317 1654 1392 ecoentrieitatem

296 1405 346 1470 bis
378 1404 537 1481 adhibere;
564 1425 635 1470 uam
661 1404 756 1490 primo
785 1408 995 1472 eooentricitas
1023 1407 1098 1471 iacit
1123 1407 1265 1488 planetas
1293 1407 1408 1472 aSoie
1438 1405 1592 1488 longiores
1619 1412 1655 1468 et

299 1496 344 1558 sio
366 1493 546 1559 naturaliter
562 1495 720 1572 tardiores,
745 1498 815 1578 quia
829 1499 943 1562 suntin
964 1497 1077 1560 virtuto
1091 1497 1271 1573 remissiori3
1296 1497 1403 1561 deinde
1418 1497 1524 1561 eadem
1539 1514 1653 1558 eccen-

298 1581 416 1648 tricitas
440 1584 515 1648 iacit
538 1585 630 1648 etiam
661 1605 748 1650 arcus
778 1587 877 1668 optice
907 1585 1060 1650 breviores
1090 1587 1164 1650 fieri.
1214 1586 1282 1650 Nou
1316 1586 1416 1668 itaque
1448 1603 1572 1650 neeesse
1602 1589 1656 1650 est

296 1681 339 1747 nt,
363 1673 442 1753 quod
463 1675 615 1753 postules,
641 1677 825 1756 geometrica
847 1695 929 1740 mera
952 1676 998 1750 (h.
1023 1695 1048 1738 e.
1074 1685 1109 1740 ut
1130 1684 1262 1740 mentem
1292 1684 1375 1740 tuam
1398 1673 1564 1740 rectissime
1589 1693 1648 1735 ex-

302 1761 438 1843 primam,
454 1762 556 1844 optioa
570 1769 665 1837 mera)
681 1765 722 1828 sit
735 1763 912 1848 hypothesis
927 1764 1147 1846 aequationem,
1171 1765 1316 1829 exhibens
1334 1771 1430 1830 totam
1444 1757 1658 1845 aequationem

301 1852 331 1916 iu
364 1850 474 1931 angulo
506 1849 648 1934 trianguli
680 1855 846 1937 aequatorii
879 1863 980 1918 stante
1015 1855 1054 1916 ad
1086 1855 1369 1931 circumferentiam,
1387 1855 1436 1917 vei
1468 1851 1571 1918 circuli
1584 1919 1588 1932 ¹
1602 1851 1657 1914 vei

301 1938 425 2020 ellipsis.
462 1939 498 2004 Si
520 1941 599 2003 onim
621 1943 694 2006 uihil
707 1943 765 2007 nisi
784 1944 925 2025 optioum,
949 1946 979 2008 b.
995 1963 1021 2006 e.
1043 1951 1077 2006 ut
1099 1952 1132 2006 tu
1155 1943 1204 2008 hio
1227 1943 1273 2008 ais
1296 1943 1519 2024 geometricum,
1544 1941 1654 2023 ingre-

302 2029 422 2092 deretur
446 2029 593 2094 eelcuium
614 2052 723 2108 meum,
747 2035 956 2097 excluderetur
978 2033 1070 2114 igitur
1087 2033 1219 2116 physica,
1227 2033 1392 2098 retardatio
1411 2053 1465 2095 seu
1478 2031 1659 2094 Ptolemaeo

303 2117 512 2182 ecceutricitas
536 2123 710 2201 aequautis;
735 2123 794 2184 etsi
816 2143 874 2186 uon
898 2123 966 2187 ideo
989 2123 1203 2203 geometricum
1226 2143 1284 2188 non
1309 2131 1372 2198 eat,
1397 2122 1476 2203 quod
1498 2117 1660 2203 physicum

301 2217 358 2272 est
404 2207 526 2271 Etenim
548 2209 631 2272 iliam
654 2212 888 2276 retardationem
911 2211 1084 2296 physicam,
1099 2231 1185 2294 -quae
1209 2213 1243 2276 tit
1264 2231 1318 2294 per
1340 2210 1560 2292 elongationem
1583 2208 1659 2290 pla-

300 2304 390 2360 netae
413 2318 432 2358 a
455 2295 537 2373 Sole,
561 2317 649 2379 spero
672 2321 942 2382 ysopaepssosoooo
965 2301 1119 2365 adhibere.
1160 2301 1221 2364 Vel
1244 2320 1282 2363 ex
1303 2301 1373 2382 ipsa
1395 2295 1659 2378 mentione'piani

300 2393 388 2466 patet
409 2387 484 2450 haec
507 2389 683 2467 geometria.
729 2391 837 2471 Itaque
861 2410 878 2454 o
902 2391 1037 2464 Fabrici,
1069 2389 1127 2452 etsi
1156 2390 1204 2454 bis
1228 2391 1358 2453 adhibeo
1382 2387 1655 2462 ecceutricitatem,

300 2483 399 2540 tanmn
423 2475 601 2559 hypothesis
625 2499 692 2542 mea
715 2489 763 2542 εει
785 2481 968 2560 geometrica
991 2491 1024 2542 ut
1047 2499 1213 2562 quaequam
1236 2480 1312 2542 alia.

707 2569 898 2632 Fabrleius:
917 2568 947 2620 ln
964 2584 994 2620 eo
1012 2569 1106 2628 labora,
1124 2569 1300 2634 utsiplaueta
1317 2567 1377 2618 qu
1396 2565 1487 2619 cirtulo
1506 2564 1659 2616 commouens

617 2639 658 2698 sit,
676 2635 745 2690 Bur
762 2647 842 2692 totam
859 2641 1089 2706 prostbaphaereain
1105 2641 1177 2692 istius
1194 2641 1243 2692 ioci
1268 2640 1384 2692 exhibeat
1401 2646 1428 2690 et
1445 2636 1489 2688 us
1509 2635 1659 2688 distendam

619 2725 703 2762 veram
721 2712 801 2762 simul.
839 2713 873 2763 Δι
890 2713 951 2763 iilud
968 2727 1018 2762 nou
1036 2713 1088 2764 lieri
1115 2719 1198 2777 potest
1221 2728 1266 2777 per
1288 2709 1416 2763 dimidiam
1443 2707 1659 2760 marmoratam

618 2785 664 2836 AB
683 2781 825 2835 adhibitam.
863 2783 947 2846 Quare
964 2785 986 2834 si
1003 2785 1030 2834 iu
1047 2785 1127 2849 ellipsi
1143 2791 1189 2836 tus
1205 2785 1309 2848 planeta
1326 2778 1512 2834 constituendus
1530 2777 1570 2828 val
1587 2779 1613 2828 iu
1634 2777 1658 2828 0

618 2855 656 2906 vel
675 2855 701 2904 iu
720 2853 748 2914 G,
767 2861 828 2905 tunc
845 2856 989 2913 videamus,
1007 2863 1037 2906 ut
1053 2855 1122 2908 ΔΟΒ
1140 2856 1180 2907 vei
1197 2855 1264 2906 AGB
1292 2860 1371 2906 totam
1396 2853 1467 2903 istius
1485 2851 1533 2901 loci
1550 2845 1588 2910 (iu
1607 2864 1660 2915 quo

617 2925 720 2990 planeta
737 2928 835 2990 ponitur
853 2923 920 2988 aeae)
938 2925 1062 2985 exhibeat,
1081 2935 1107 2978 et
1125 2926 1170 2979 ΟΒ
1187 2928 1226 2979 vel
1245 2925 1287 2977 OB
1306 2927 1339 2976 sit
1356 2923 1560 2976 distantiarum
1597 2919 1658 2972 Hoc

554 3058 558 3063 Ι
618 2998 709 3055 sitiet,
728 2999 880 3064 geometrica
898 3000 952 3050 erit.
991 2999 1026 3048 et
1042 3001 1068 3049 iu
1086 3006 1132 3050 ma
1148 2998 1242 3063 eliipti,
1271 2999 1350 3063 podto
1367 2995 1471 3060 planeta
1488 2995 1515 3044 in
1533 2992 1571 3048 0.
1595 2998 1661 3044 tune

490 3106 493 3131 ,
618 3067 665 3120 ΒΔ
683 3075 738 3120 tota
755 3071 870 3134 muodo
889 3085 939 3120 non
957 3076 1004 3129 eet,
1022 3085 1069 3123 nee
1086 3070 1131 3122 Bc
1149 3071 1278 3129 distantia,
1296 3077 1325 3122 ut
1342 3067 1450 3120 deberet.
1480 3063 1508 3118 Si
1526 3078 1583 3116 vero
1600 3063 1659 3130 pla·

619 3147 706 3192 netem
723 3156 750 3192 re
768 3156 827 3193 vera
844 3143 914 3207 ponis
931 3143 957 3192 in
970 3143 1018 3194 alio
1035 3142 1099 3202 loco,
1117 3142 1230 3208 quanin
1243 3141 1272 3201 o,
1291 3151 1438 3206 coequatae
1454 3135 1519 3190 adG
1536 3142 1661 3202 punem

492 3212 496 3238 ³
619 3213 824 3280 coaequationem
842 3207 966 3279 inquinet
1029 3221 1032 3236 ⁶

706 3284 911 3366 Keplerus:
941 3285 1026 3348 Hace
1057 3293 1203 3366 arguunt,
1229 3291 1260 3347 te
1293 3283 1446 3347 involvere
1478 3287 1510 3342 te
1543 3277 1659 3360 ipsum.

619 3372 740 3435 Tribuis
763 3373 845 3445 mihi,
870 3375 949 3455 quod
971 3369 1031 3439 alio
1054 3373 1122 3437 ioco
1149 3373 1350 3458 aequationis⁸
1367 3369 1506 3452 angulum
1529 3387 1659 3449 compu-

619 3469 697 3537 tem,
722 3463 782 3525 alio
806 3463 831 3528 O
854 3465 1008 3546 planetam
1031 3465 1182 3539 collocem,
1208 3471 1242 3526 ut
1264 3461 1290 3525 si
1315 3462 1400 3526 CBA
1423 3459 1465 3523 sit
1486 3465 1662 3538 coaequata

619 3552 786 3627 anomalia,
811 3545 870 3615 uo'n
894 3553 936 3615 sit
957 3560 1061 3616 tamen
1084 3550 1137 3615 OB
1161 3551 1307 3615 distantia
1331 3549 1433 3632 justa,
1456 3566 1510 3611 nec
1534 3545 1559 3610 C
1583 3547 1659 3628 pla-

232 3693 233 3696 ,
289 3713 292 3723 ¹
619 3647 699 3728 ueta.
743 3641 856 3722 injuria
879 3641 951 3705 mihi
972 3643 1016 3705 lit.
1062 3642 1128 3704 Imo
1145 3640 1176 3712 ,O
1201 3649 1249 3703 est
1270 3641 1404 3723 planeta,
1430 3637 1482 3704 ΟΒ
1505 3631 1660 3700 distantia

296 3730 400 3811 justo,
434 3725 519 3790 ABG
548 3737 725 3810 coaequata.
777 3731 820 3794 Te
849 3749 921 3793 vero
952 3731 1010 3794 hoo
1038 3731 1177 3812 impedit,
1212 3731 1289 3814 quod
1323 3728 1408 3794 ACB
1444 3726 1658 3808 aequationem

300 3838 357 3880 nou
386 3815 566 3879 constituam
590 3825 622 3880 et
651 3825 751 3881 tamen
781 3819 866 3884 ABG
896 3829 1091 3902 coaequatam
1122 3819 1229 3884 diram.
1275 3817 1449 3883 Assnevisti
1478 3815 1556 3878 euim
1582 3813 1657 3877 huic

301 3905 420 3982 rationi,
446 3925 521 3987 qnae
540 3907 633 3985 valet,
656 3928 722 3972 cum
744 3908 886 3989 planetae
908 3909 968 3971 iter
986 3909 1028 3971 sit
1050 3908 1187 3973 circulus.
1218 3911 1263 3973 At
1285 3907 1435 3990 perpende
1455 3914 1578 3968 eausam
1601 3922 1660 3967 cur

235 4065 241 4078 ,
299 3995 349 4060 hic
372 3995 435 4059 fieri
457 3995 514 4058 hoc
537 4015 595 4059 non
618 3998 725 4082 possit,
749 3999 830 4064 nudo
853 3998 970 4081 quideut
994 3998 1112 4061 damno.
1149 3999 1229 4063 Nam
1254 3997 1279 4060 si
1302 3997 1388 4062 Bcs
1411 3995 1540 4058 dicerem
1564 3993 1654 4074 opti-

300 4105 367 4150 cam
390 4084 608 4166 aequationem,
633 4086 716 4152 CAF
738 4095 823 4150 esset
845 4087 996 4151 anomalia
1023 4088 1171 4164 eoceutri3
1200 4097 1237 4150 at
1257 4105 1314 4150 non
1338 4093 1401 4158 est,
1434 4083 1504 4166 quia
1525 4079 1578 4146 FC
1603 4091 1659 4146 εει

299 4175 363 4251 illa,
386 4181 419 4238 et
439 4173 492 4237 ΒΕ
515 4184 563 4238 εει
586 4176 651 4258 ejus
674 4196 781 4240 nomen
804 4179 853 4240 vel
876 4177 1067 4258 nuncupatio,
1092 4185 1232 4259 utsupra
1255 4176 1379 4240 dietum.
1420 4171 1474 4238 FO
1497 4189 1568 4236 vero
1591 4191 1657 4235 uon

299 4271 488 4328 mensuratur
510 4266 548 4326 ab
573 4265 682 4346 angulo
696 4266 790 4342 FAC,
813 4267 883 4350 quis
906 4275 956 4331 est
977 4267 1224 4331 circumferentia·
1239 4286 1296 4328 uou
1311 4263 1423 4340 circuli,
1448 4261 1503 4328 sed
1522 4260 1657 4342 ellipsis.

300 4355 397 4418 Misso
420 4352 512 4433 igitur
534 4355 645 4434 angulo
667 4353 767 4431 BOA,
796 4363 1001 4438 computamus
1029 4357 1170 4437 anguium
1192 4355 1276 4421 ABG
1307 4374 1362 4437 per
1385 4352 1438 4417 OT
1461 4359 1493 4415 et
1515 4349 1578 4426 ΤΒ,
1602 4351 1658 4413 vel

301 4462 354 4523 por
377 4441 430 4507 OB
454 4449 485 4504 ει
507 4442 577 4514 ΒΤ;
609 4452 734 4524 utraque
767 4445 860 4510 euim.
880 4445 968 4509 datur
996 4447 1034 4520 ad
1065 4446 1244 4527 positionem
1273 4445 1365 4526 ipsius
1394 4440 1446 4506 FC
1478 4441 1508 4504 h.
1532 4459 1559 4502 e.
1586 4439 1655 4502 Fu.

300 4531 348 4594 Ex
365 4530 470 4614 quibus
494 4531 640 4611 intelligis
656 4543 687 4594 ει
701 4551 829 4596 errorem
848 4544 931 4597 tuum
946 4537 1027 4598 circa
1049 4555 1147 4598 meam
1168 4543 1299 4598 mentem
1318 4542 1349 4596 et
1363 4533 1496 4614 ejusdem
1515 4547 1654 4592 causam.

389 4620 580 4672 Fabricius:
599 4621 720 4684 Physieae
738 4622 948 4686 multiplicationis
965 4639 1068 4676 causam
1085 4639 1134 4676 non
1153 4623 1261 4676 οειειιιιε
1278 4639 1326 4675 nec
1343 4637 1426 4674 veram
1448 4620 1577 4671 rationem.
1678 4641 1685 4654 ·

388 4692 587 4772 Keplerus:
611 4692 675 4755 Sed
696 4713 752 4754 uec
774 4711 862 4772 porro
886 4694 985 4759 dicere
1008 4696 1136 4778 amplius
1159 4696 1284 4778 poteris,
1308 4703 1340 4758 te
1363 4695 1502 4775 ignorare
1525 4709 1657 4755 causam

302 4781 446 4862 physicae
469 4781 738 4862 multiplicationis.
774 4782 854 4844 Dum
877 4784 956 4846 euim
978 4785 1144 4868 multiplico
1169 4783 1402 4847 ecceutricitatis
1417 4780 1571 4846 dimidium
1585 4783 1656 4857 (vel

301 4885 355 4951 pro
378 4887 416 4930 ea
441 4869 574 4932 valorem
606 4870 728 4935 maximi
749 4869 892 4954 trianguli
922 4873 953 4939 in
977 4875 1108 4940 secunda
1130 4873 1300 4950 redactum)
1323 4875 1354 4937 in
1377 4869 1654 4936 einus'auomaliae
