3606 5562
321 303 384 372 tlt
529 387 530 390 q
853 305 1010 362 namu
1028 305 1119 358 aaut
1193 345 1196 352 .

407 482 536 556 Quarto,
560 482 587 544 si
609 481 653 546 sic
675 499 733 546 nan
753 484 868 560 veniat,
892 503 958 546 cnm
980 501 1102 548 numero
1125 501 1268 546 annorum
1291 481 1369 546 infra
1391 479 1434 546 20
1457 488 1668 563 excerpantnr

320 570 457 634 similiter
485 569 517 643 1)
539 578 687 651 tempora,
711 579 743 634 et
764 573 912 635 addantur
936 573 1116 654 temporibus
1138 571 1295 653 prioribus.
1342 569 1378 646 2)
1401 573 1505 636 Motus
1532 571 1667 652 apogaei
1785 579 1786 582 ’

320 669 351 721 et
378 660 506 724 addatur
533 661 663 741 epochae
692 661 852 741 superiori,
886 663 997 743 rejecto
1024 661 1140 742 integro
1168 660 1288 723 circulo.
1336 658 1371 735 3)
1393 662 1498 724 Motus
1527 661 1603 723 nodi
1633 667 1667 720 et

320 749 513 811 subtrahatur
543 751 581 812 ab
609 749 722 830 epocha
750 749 920 830 superiore,
952 759 987 814 ut
1017 751 1075 831 ipsi
1107 751 1198 815 etiam
1227 749 1307 814 tituli
1335 750 1482 830 adscripti
1512 751 1665 824 indicant,

320 838 453 914 adscito,
478 839 504 900 si
528 857 602 919 opus
624 845 688 914 est,
711 839 828 918 integro
851 839 972 902 circulo.

406 927 518 1000 Quinto
542 947 685 992 summam
709 927 821 990 dierum
844 929 956 992 mensis
983 927 1138 1008 completi,
1167 927 1288 1008 iusuper
1310 927 1375 990 dies
1398 933 1467 990 tuos
1491 927 1663 1006 completos

319 1035 384 1078 oum
406 1016 488 1080 horis
511 1024 542 1078 ot
565 1016 711 1097 scrupulis
735 1018 811 1078 adde
833 1018 1018 1098 temporibus
1033 1019 1178 1080 hactenus
1194 1016 1331 1080 collectis
1346 1015 1420 1078 nihil
1443 1016 1576 1096 abjecto,
1602 1015 1663 1076 etsi

319 1105 469 1170 modulum
492 1105 578 1168 nnius
602 1106 670 1168 anni
694 1114 844 1187 superent.
906 1143 911 1154 ·

404 1194 498 1260 Sexto
525 1194 600 1256 haec
632 1213 747 1258 summa
780 1205 944 1275 tempomm
976 1203 1166 1277 comparatur
1193 1193 1232 1255 ad
1265 1194 1407 1258 tabellam
1437 1192 1660 1257 revolutionum

318 1283 510 1366 integrarum.
561 1283 639 1348 Nam
672 1283 748 1346 alias
779 1285 901 1366 propior
932 1285 990 1346 erit
1020 1283 1154 1364 proxime
1184 1282 1292 1344 minori
1323 1301 1445 1346 numero
1477 1291 1661 1363 temporum,

320 1373 397 1436 alias
418 1374 551 1454 prosime
574 1373 689 1452 majori.

404 1462 450 1525 De
473 1461 567 1542 primo
590 1482 663 1524 casn
685 1460 775 1542 prius.
822 1461 901 1542 Ergo
925 1459 1067 1524 subtrahe
1091 1461 1168 1543 qnod
1198 1467 1247 1524 est
1274 1459 1409 1540 proxime
1431 1459 1530 1524 miuus
1553 1480 1573 1521 a
1596 1460 1660 1528 tuis

317 1551 509 1632 temporibus,
531 1557 644 1614 motum
659 1570 729 1616 vero
751 1551 877 1632 apogaei
895 1553 985 1631 juxta
1006 1550 1151 1630 seriptum
1173 1550 1259 1621 adde,
1284 1557 1395 1611 motum
1418 1549 1488 1612 nodi
1512 1549 1659 1613 subtrahe
1778 1563 1781 1568 ·

317 1662 336 1702 a
365 1640 583 1721 superioribus,
616 1649 648 1702 ut
676 1640 757 1721 prins
789 1641 894 1719 etiam
909 1642 1029 1702 iactum.
1078 1639 1152 1702 (inm
1179 1637 1298 1700 residuo
1326 1639 1470 1720 temporis
1499 1639 1659 1718 ingredere

318 1730 450 1792 tabulam
472 1729 696 1810 inaequalitatis
719 1729 841 1809 primae.
887 1731 965 1792 Nam
989 1728 1016 1789 si
1043 1727 1193 1790 residuum
1223 1736 1306 1788 tuum
1326 1727 1461 1810 praecise
1484 1727 1660 1791 inveniatur

318 1819 373 1882 sub
396 1818 483 1880 titulo
505 1818 667 1898 temporis:
700 1820 778 1898 qnod
802 1819 892 1898 juxta
923 1817 1039 1881 invenis
1063 1819 1093 1878 in
1116 1816 1250 1896 margine
1274 1824 1322 1877 est
1344 1816 1483 1897 praecisa
1505 1816 1662 1880 anomalia

318 1915 484 1989 coaequata
506 1907 602 1969 centri
626 1908 759 1990 epioyoli,
783 1907 813 1970 in
837 1907 1029 1988 sequentibus
1049 1906 1165 1968 duabus
1188 1906 1330 1969 columnis
1354 1913 1452 1968 motus
1476 1907 1604 1987 apogaei
1626 1914 1661 1967 et

317 1997 400 2074 nodi,
431 2015 497 2058 cum
519 1997 624 2077 quibus
647 2016 703 2076 age
727 1997 887 2060 secundnm
910 1995 1063 2060 titulorum
1086 1995 1245 2076 requisita,
1274 2004 1391 2057 uttam
1416 1995 1543 2076 apogaei
1566 2015 1660 2077 quam

318 2085 484 2148 anomaliae
507 2093 605 2149 motus
630 2086 757 2150 addatur
779 2086 873 2149 motui
896 2085 1023 2167 apogaei
1046 2085 1182 2165 superins
1205 2084 1346 2160 collecto,
1369 2092 1469 2146 motus
1491 2102 1562 2146 vero
1586 2084 1661 2146 nodi

318 2173 509 2238 subtrahatur
531 2174 624 2238 motui
647 2177 715 2237 nodi
740 2176 874 2256 superius
893 2175 1028 2238 collecto.
1066 2173 1213 2256 Scrupula
1235 2191 1306 2235 vero
1328 2191 1366 2235 ex
1390 2173 1497 2235 ultima
1518 2173 1661 2235 columna

317 2266 521 2328 adserventur.
568 2263 623 2328 Sin
646 2273 744 2327 autem
773 2265 924 2327 residuum
953 2271 1035 2326 tuum
1065 2264 1208 2344 temporis
1237 2280 1295 2324 non
1318 2263 1453 2342 praecise
1476 2261 1658 2336 inveniatur,

317 2372 373 2433 ago
397 2363 430 2416 ut
453 2353 532 2416 solet
552 2353 633 2429 tisri,
661 2353 941 2434 proportionaliter:
974 2351 1109 2416 dividens
1138 2353 1215 2434 quod
1244 2351 1300 2414 tibi
1323 2359 1372 2414 est
1395 2350 1554 2414 etiamnum
1576 2351 1660 2414 resi-

318 2443 406 2504 duum
429 2461 482 2522 per
505 2441 704 2504 differentiam
727 2443 868 2522 temporis
887 2443 977 2522 juxta
998 2441 1192 2522 adscriptam.
1202 2440 1236 2514 ⁸¹)
1271 2442 1306 2502 In
1328 2447 1411 2504 motu
1434 2459 1505 2502 vero
1528 2441 1659 2522 apogasi

317 2540 348 2593 et
376 2531 447 2592 nodi
476 2530 648 2592 aestimatio
675 2531 724 2592 rel
754 2531 817 2592 sine
846 2531 990 2594 divisione
1017 2530 1170 2609 perfacilis
1193 2537 1250 2592 est
1295 2531 1374 2593 Nam
1402 2529 1529 2612 apogaoi
1556 2537 1659 2591 motus

317 2619 486 2771 differenqqa
508 2638 657 2700 nunquam
680 2625 729 2680 est
750 2619 855 2698 major,
881 2639 969 2702 quam
993 2613 1057 2682 34”
1081 2619 1166 2692 (nodi
1191 2617 1278 2694 16⁴0,
1302 2611 1450 2700 uunquam
1472 2618 1568 2681 minor
1591 2617 1660 2681 27⁴¹

316 2707 400 2782 (nudi
427 2707 440 2772 1
469 2708 514 2782 ⁴⁴).

244 2860 250 2872 ,
403 2797 438 2860 In
462 2815 535 2858 casu
556 2795 733 2877 posteriore,
758 2802 846 2878 atque
870 2797 897 2859 si
920 2815 1034 2859 summa
1053 2805 1219 2877 temporum
1244 2795 1371 2858 collecta
1391 2794 1460 2875 plus
1484 2795 1604 2858 accedit
1625 2795 1660 2857 in

315 2886 419 2950 tabula
441 2885 659 2948 revolutionum
683 2885 721 2946 ad
743 2885 876 2967 proxime
907 2887 1050 2966 majorem
1073 2905 1217 2949 summam
1247 2885 1409 2964 temporis:
1441 2885 1582 2947 subtrahe
1607 2885 1658 2946 vi·-

316 2977 417 3040 oissim
440 2985 523 3045 tuam
547 2994 691 3038 summam
715 2995 733 3036 a
754 2975 888 3055 proxime
912 2977 1036 3064 majori,
1060 2995 1126 3040 cum
1148 2975 1311 3057 adscriptis
1333 2991 1404 3035 vero
1425 2973 1553 3038 motibus
1577 2991 1659 3053 apo-

315 3067 384 3147 gaei
407 3075 439 3128 et
461 3065 530 3129 nodi
554 3083 609 3145 age
633 3072 666 3127 ut
688 3065 779 3145 prius.
825 3064 895 3126 Jam
917 3085 990 3127 vero
1013 3085 1079 3127 cum
1093 3064 1221 3126 residuo
1244 3072 1315 3145 post
1337 3062 1581 3134 subtractionem,
1606 3061 1659 3124 obi
1727 3063 1734 3078 '

315 3174 353 3218 ex
374 3156 479 3218 tabula
501 3155 727 3236 inaequalitatis
749 3155 864 3233 primae
888 3154 1073 3234 excerpseris
1100 3154 1278 3216 anomaliam
1302 3161 1511 3233 coaequatam,
1543 3160 1660 3213 motum

315 3246 440 3326 apogaei
464 3251 495 3306 et
517 3251 630 3306 motum
656 3243 747 3304 nodi:
779 3263 843 3305 oum
871 3243 919 3305 his
947 3242 1127 3305 contrarium
1149 3243 1247 3304 titulis
1272 3241 1330 3304 erit
1352 3240 1529 3302 iaciendum.
1574 3241 1660 3303 Nam

292 3333 386 3415 'quid
406 3334 488 3415 prius
510 3334 577 3413 plus
601 3333 761 3395 addideras
789 3351 941 3412 apogaeo,
973 3333 1040 3412 plus
1069 3332 1261 3394 subtraxeras
1284 3331 1362 3393 nodo
1386 3348 1474 3410 quam
1497 3339 1550 3411 tua
1572 3337 1657 3391 tem-

314 3443 388 3506 pora
410 3422 556 3498 ferebant,
575 3423 639 3502 jam
663 3421 796 3484 vicissim
819 3421 898 3501 qnod
920 3421 1040 3484 residuo
1063 3429 1113 3483 tuo
1137 3422 1174 3482 de
1197 3420 1348 3484 anomalia
1370 3427 1402 3480 et
1423 3427 1504 3482 motu
1527 3419 1660 3500 apogaei

314 3512 457 3586 debetur,
485 3511 719 3574 subtrahendum
742 3529 891 3591 apogaeo,
921 3510 999 3592 quod
1026 3511 1062 3570 de
1085 3519 1168 3572 motu
1190 3509 1270 3584 nodi,
1295 3507 1463 3570 addendum
1486 3507 1572 3570 nodo.
1622 3507 1659 3571 Si

314 3610 346 3664 te
368 3601 456 3682 hujus
480 3599 636 3662 varietatis
659 3600 773 3674 taedet,
797 3600 885 3662 facile
909 3607 939 3661 te
960 3598 1100 3679 expedies
1120 3599 1320 3680 duplicatione
1343 3598 1464 3662 tabulas
1487 3597 1659 3676 inaequali-

316 3692 390 3753 tatis
412 3691 541 3770 primae,
572 3699 605 3750 ut
635 3690 779 3770 procedat
806 3707 898 3770 usqne
923 3690 962 3751 ad
985 3683 1058 3750 360.
1104 3689 1237 3771 Utroque
1261 3707 1333 3751 vero
1356 3707 1428 3748 casu
1452 3685 1575 3766 colliges
1598 3686 1657 3748 hoc

313 3788 403 3862 pacto
426 3780 524 3842 locum
546 3797 648 3840 vemm
671 3780 765 3842 centri
790 3778 915 3860 epioycli
939 3786 971 3839 et
993 3796 1094 3840 venum
1112 3777 1221 3860 [locum
1248 3777 1333 3850 nodi,
1363 3773 1461 3857 qualis
1485 3793 1552 3837 esse
1576 3775 1659 3838 solet

315 3870 344 3932 ic
368 3869 423 3932 ecli
446 3867 538 3931 sibus.
1091 3920 1096 3930 .

402 3888 545 4039 sgpcimo.
592 3957 706 4018 Locum
737 3974 840 4018 verum
867 3953 948 4017 Solis
981 3955 1043 4028 (vel
1074 3953 1204 4034 oppositi
1235 3949 1285 4030 Θ.
1335 3955 1415 4016 Nam
1447 3953 1474 4016 ai
1506 3951 1656 4016 distantia

314 4055 435 4130 superat
458 4044 478 4111 6
502 4049 601 4126 signa,
633 4052 704 4107 tunc
727 4064 764 4106 ex
787 4042 807 4108 6
831 4044 860 4106 in
884 4043 1083 4122 duplicatione
1106 4043 1180 4104 liunt
1206 4040 1245 4107 12
1269 4050 1301 4104 et
1323 4041 1514 4122 abjiciuntur)
1539 4062 1559 4102 a
1586 4041 1655 4103 loco

314 4139 408 4202 centri
431 4135 555 4218 epioyoli
579 4135 738 4210 subtrahe,
766 4133 918 4195 residuum
941 4132 1074 4214 duplica,
1107 4141 1140 4194 ut
1163 4132 1242 4212 apud
1262 4127 1449 4214 'Tychonem,
1473 4139 1505 4192 et
1527 4149 1596 4192 cum
1617 4131 1655 4192 iis

313 4245 437 4310 excerpe
452 4245 489 4288 ex
507 4225 612 4289 tabula
626 4222 850 4306 inaequalitatis
868 4231 1037 4289 menstruae
1052 4221 1250 4284 variationem
1263 4228 1446 4284 menstruam
1461 4231 1493 4282 et
1507 4220 1651 4301 prestha-

314 4401 515 4413 ...ὣ-...-

400 4509 428 4574 ⁴⁵)
446 4510 475 4560 In
493 4515 561 4560 motu
579 4509 684 4574 apogaei
701 4507 758 4559 nodi
777 4515 803 4559 st
825 4509 943 4572 scrupulis
966 4507 1124 4573 longitudinis
1149 4519 1205 4571 para
1229 4504 1414 4570 proportionalia
1432 4503 1545 4554 habetur.
1582 4502 1612 4556 Si
1628 4505 1655 4554 in

311 4583 491 4649 proportionum
509 4581 595 4650 regula
612 4582 688 4644 primo
706 4582 760 4631 loco
776 4585 880 4644 ponatur
892 4579 1165 4644 ffidarenhatompom,
1185 4578 1291 4628 secundo
1309 4576 1364 4627 loeo
1382 4575 1521 4626 differentia
1539 4576 1654 4640 apogaei,

312 4657 370 4706 nodl
388 4661 414 4706 et
430 4651 604 4716 scrupulorum,
623 4654 695 4702 tortio
714 4653 767 4702 loco
785 4649 908 4701 residuam
926 4657 1069 4713 temporum,
1089 4649 1126 4699 rol
1145 4651 1166 4698 si
1184 4646 1332 4697 anomallam
1350 4648 1428 4697 centri
1447 4653 1611 4712 coaequatam
1628 4647 1655 4696 in

311 4727 412 4776 minutia
430 4731 456 4775 et
473 4725 588 4776 secundis
606 4725 741 4782 lnroneris,
765 4723 812 4774 ihu
830 4721 930 4770 minutis
952 4721 1033 4785 primis
1052 4727 1077 4772 et
1094 4719 1208 4772 secundis
1226 4731 1315 4784 quaere
1333 4725 1429 4784 partem
1447 4718 1654 4782 proportionalem

313 4803 506 4863 competentem,
525 4796 588 4860 quod
607 4796 755 4846 commodius
774 4801 824 4856 eet,
847 4807 920 4859 quarn
938 4794 1003 4858 prior
1020 4793 1118 4854 modus,
1145 4791 1263 4858 reperitur
1281 4807 1305 4840 n.
1325 4803 1381 4854 pars
1398 4789 1585 4854 proportionalia
1603 4789 1652 4839 rel·

312 4875 363 4917 tom
381 4867 589 4931 multiplicatione.
