3552 5562
332 295 375 372 36
745 295 848 353 Litsras
867 297 973 366 Ksplsrl
991 296 1140 364 thorumque
1157 301 1259 350 mutuat

334 504 367 550 se
390 485 457 566 ipso
479 481 606 546 libratur
628 479 659 544 iu
681 479 829 562 diametro
852 475 996 562 epicycli3
1019 475 1135 561 rapitur
1157 496 1176 538 a
1197 475 1309 539 virtute
1332 495 1370 539 aa
1392 473 1466 542 Sole
1488 475 1695 542 inmundum

332 594 455 657 sparsa;
479 578 605 654 utraque
628 570 721 634 motio
743 577 793 632 est
814 567 1000 651 inaequalis;
1033 565 1156 630 libratio
1186 566 1352 631 intenditur
1384 574 1415 628 ct
1436 559 1601 630 remittitur
1625 585 1691 629 non

331 670 447 727 tantum
470 662 536 742 lege
560 661 685 723 duomm
708 658 897 734 circulumm,
921 665 955 720 ut
977 658 1007 720 iu
1031 655 1210 737 Gopemico,
1235 657 1289 719 sed
1311 655 1356 718 illi
1379 656 1437 738 ipsi
1456 655 1560 718 circuli
1583 655 1692 719 intan-

332 754 441 815 duntur
464 759 495 812 et
517 750 709 814 remittuntur
732 749 772 810 ad
792 767 964 812 mensuram
979 745 1144 809 crescentis
1162 753 1194 808 et
1212 745 1415 810 decrescentis
1430 745 1569 807 diametri
1585 743 1692 821 Solis3

332 848 444 924 quanto
466 841 563 921 major
585 837 764 922 apparentia
794 837 870 900 disci
893 836 1011 900 Solaris
1034 835 1066 897 in
1087 835 1233 917 perihelio
1262 855 1352 917 quarn
1375 835 1405 897 iu
1428 835 1564 916 aphelio,
1599 841 1691 897 tanto

332 931 428 1009 major
450 928 513 991 illic
536 929 660 995 diurnus
683 945 771 1009 quarn
793 927 853 1003 hic,
875 928 925 992 vel
949 943 1056 988 eversa
1072 924 1277 1006 proportione,
1300 931 1399 987 tauto·
1414 924 1526 1006 diutius
1549 932 1690 987 moratur

332 1020 455 1102 planeta
477 1017 508 1079 iu
531 1036 590 1080 uuo
613 1017 708 1098 gradu
732 1015 900 1078 anomaliae
927 1021 1111 1097 coaequatae
1135 1013 1165 1076 in
1195 1013 1332 1095 aphelio,
1364 1031 1452 1096 quam
1474 1013 1505 1076 in
1527 1009 1688 1094 perihelio.

333 1109 451 1189 Raptus
483 1113 554 1169 vero
587 1125 727 1170 mensura
759 1111 808 1168 est
839 1103 927 1186 copia
958 1103 1080 1166 luminis
1112 1121 1150 1164 ex
1173 1103 1244 1168 Sole
1267 1103 1297 1166 in
1319 1103 1474 1185 planetam
1497 1103 1532 1188 in
1550 1102 1690 1192 qualibet

333 1196 480 1260 distantia
502 1195 628 1277 allapsi,
658 1211 764 1276 nempe
796 1194 950 1276 quantitas
982 1192 1058 1256 disci
1091 1188 1225 1274 corporis
1249 1193 1377 1256 Solaria.
1425 1191 1617 1264 Quomodo
1641 1192 1688 1253 ad

334 1285 439 1350 mille
471 1285 638 1365 parietes
671 1283 881 1364 impingens
912 1284 1007 1346 hanc
1041 1281 1159 1345 solam
1191 1281 1288 1346 viam
1320 1283 1378 1345 ire
1411 1289 1571 1345 coactus
1598 1301 1687 1354 sum,

335 1374 526 1457 capitibus
549 1373 636 1436 illis
660 1371 701 1436 51
727 1373 965 1454 descriptum.

422 1464 488 1526 Hoc
512 1462 689 1545 simpliciter
711 1470 839 1538 certum,
865 1481 908 1524 ex
932 1462 1018 1526 sole
1041 1459 1248 1542 propagari
1271 1457 1355 1534 vim,
1383 1477 1484 1540 quae
1503 1457 1688 1540 planetas

335 1551 455 1632 rapit3
479 1559 581 1613 cetera
604 1552 647 1614 sic
670 1551 789 1634 quidem
813 1553 918 1626 dubia,
941 1560 975 1614 ut
996 1559 1098 1613 tamen
1120 1549 1284 1612 identidem
1307 1546 1405 1610 simile
1428 1547 1581 1630 quippiam
1603 1549 1688 1611 aliud

334 1648 405 1724 post
418 1640 501 1703 aliud
518 1642 558 1703 ad
574 1659 695 1722 scopum
711 1660 758 1703 rue
780 1643 904 1724 propius
927 1640 1064 1703 adducat.
1103 1639 1207 1702 Habes
1221 1639 1258 1700 de
1277 1657 1343 1701 meo
1360 1638 1505 1718 profectu.
1545 1637 1688 1702 Ceterum

336 1729 561 1794 Commentaria
582 1730 658 1792 haec
681 1731 812 1793 tortasse
835 1751 923 1793 nemo
945 1729 1006 1793 nisi
1028 1727 1108 1810 apud
1131 1748 1178 1792 me
1201 1727 1319 1790 viderit.
1357 1727 1462 1790 Habes
1485 1727 1687 1790 strationem

335 1815 480 1900 temporis
501 1819 661 1900 prolixam.
708 1819 789 1892 Quid
810 1838 884 1883 vero
906 1827 940 1881 tu
959 1819 1023 1899 jam
1047 1817 1132 1899 agis,
1155 1826 1315 1899 postquam
1338 1833 1385 1877 me
1408 1834 1475 1878 cum
1497 1817 1688 1900 meuMarte

337 1907 495 1970 delusisti?
541 1909 656 1989 Nempe
688 1910 858 1990 catalogum
889 1927 1030 1972 recenses
1058 1917 1176 1981 eorum,
1207 1925 1282 1989 quae
1311 1903 1342 1966 in
1365 1905 1452 1966 Luna
1474 1905 1577 1988 'l'poho
1601 1913 1633 1966 at
1654 1913 1689 1968 tu

337 1996 567 2079 praestiteritis,
592 2005 623 2059 et
644 2005 753 2077 postea
777 1998 950 2078 subjungis,
982 2017 1030 2060 me
1053 1998 1128 2060 haec
1151 1994 1250 2058 omnia
1273 1993 1468 2076 aequiparare
1492 1994 1686 2076 sterquilineo

336 2085 465 2167 Augias.
511 2088 598 2150 Boua
620 2086 721 2148 verba.
769 2087 850 2159 Quin
882 2096 914 2149 tu
945 2087 1047 2169 potius
1071 2083 1255 2167 exspectasti
1277 2083 1405 2146 reditum
1429 2089 1512 2146 tuum
1534 2083 1688 2158 Hsfniam,

336 2183 371 2239 ut
392 2173 537 2256 inspectis
559 2175 659 2238 literis
681 2177 757 2238 meis
780 2193 934 2252 cerneres,
963 2197 1002 2239 an
1032 2175 1093 2238 tale
1126 2174 1277 2258 quippiam
1307 2172 1489 2236 contineant.
1536 2170 1690 2237 Adhaesit

337 2263 499 2328 memoriae
522 2270 592 2338 tuae
614 2266 734 2345 Augias
757 2285 825 2329 vox.
871 2267 920 2329 Na
943 2264 1014 2348 quid
1041 2283 1153 2347 quaeso
1185 2281 1238 2344 per
1270 2262 1468 2338 calumniam,
1501 2281 1577 2345 quae
1610 2263 1691 2325 solet

336 2355 510 2437 plemmque
534 2351 674 2438 occupari
696 2355 777 2417 circa
799 2353 959 2419 invidiosa.
1005 2355 1107 2436 Atque
1130 2362 1168 2431 ut,
1185 2353 1307 2428 videas,
1338 2369 1386 2414 me
1408 2357 1511 2414 tenere
1533 2353 1689 2427 memoria,

338 2443 385 2507 cui
408 2442 452 2504 rei
475 2442 546 2505 mihi
569 2443 672 2524 Augia
695 2444 845 2520 servierit,
869 2443 1005 2528 quamvis
1029 2444 1059 2506 id
1081 2451 1114 2506 tu
1137 2462 1175 2506 ex
1196 2441 1407 2524 praesentibus
1423 2439 1478 2503 tubi
1496 2438 1594 2503 literis
1613 2441 1689 2504 meis

337 2531 449 2595 rectius
472 2532 626 2613 percipere
649 2539 750 2614 putes,
782 2533 873 2608 scito,
905 2553 952 2596 me
979 2554 1039 2610 non
1063 2533 1279 2596 dehonestasse
1303 2529 1519 2594 astronomiam
1543 2529 1690 2605 convicio,

339 2638 429 2703 quarn
451 2619 574 2683 maximi
593 2623 661 2702 jure
685 2623 778 2700 facio,
811 2623 865 2685 sed
897 2641 983 2686 nsurn
1017 2641 1085 2685 esse
1109 2621 1302 2686 similitudine
1327 2639 1420 2701 eaque
1443 2618 1563 2682 minime
1586 2619 1616 2683 iu
1640 2619 1689 2694 iis,

339 2727 416 2792 quae
438 2710 543 2771 turcl
565 2710 668 2794 hoho
692 2711 909 2792 praestitistis,
932 2712 1102 2788 elevandis,
1132 2711 1213 2794 quod
1234 2710 1308 2772 mihi
1331 2717 1384 2771 aut
1406 2709 1452 2772 ira
1474 2715 1615 2771 caecatus
1637 2715 1691 2770 aut

340 2797 458 2861 malitia
481 2807 638 2880 conuptus
661 2819 728 2863 cum
751 2801 863 2882 insigni
884 2802 994 2882 injuria
1015 2802 1138 2878 tribuis,
1162 2802 1216 2863 sed
1240 2799 1271 2862 in
1294 2798 1515 2878 comparatione
1538 2797 1689 2880 hypothe-

341 2887 418 2950 sium
440 2887 628 2970 antiquarum
652 2909 718 2953 cum
739 2909 807 2952 meo
829 2891 937 2953 itinere
961 2890 1051 2952 ovali.
1089 2892 1135 2953 'l'u
1158 2908 1256 2952 meum
1283 2887 1369 2951 orale
1389 2888 1449 2950 iter
1472 2887 1689 2960 dehonestasti,

344 2994 400 3057 ego
424 2975 478 3040 tibi
501 2979 641 3061 centuplo
665 2979 857 3042 absurdiores
881 2981 979 3061 spiras
1002 2978 1192 3062 antiquorum
1214 2981 1305 3061 (quos
1321 2978 1481 3040 etiamnum
1496 2977 1600 3059 Tycha
1620 2976 1689 3037 imi-

343 3073 425 3128 tatus
448 3074 505 3143 est,
528 3085 588 3129 non
610 3087 689 3130 nova
706 3069 855 3149 fingendo,
881 3071 935 3132 sed
953 3076 1057 3131 vetera
1070 3066 1281 3150 relinquendo)
1297 3066 1432 3149 opposui.
1470 3067 1504 3130 Si
1521 3083 1690 3140 succenses,

343 3171 431 3216 ame
455 3174 514 3218 non
536 3173 626 3236 posse
649 3158 716 3220 tolli
739 3158 798 3220 iter
814 3157 913 3231 orale,
936 3165 1045 3242 quanto
1061 3157 1158 3240 magis
1175 3175 1351 3219 succensere
1374 3155 1466 3244 debes
1483 3151 1592 3238 spiras,
1616 3175 1691 3236 quas

343 3242 460 3305 sustuli.
508 3243 605 3317 Quasi
627 3248 816 3328 peccaverim
839 3247 869 3309 iu
893 3247 973 3311 ovali
995 3247 1116 3322 relicta,
1141 3267 1207 3310 curn
1232 3247 1324 3308 ceteri
1347 3245 1462 3326 antiqui
1485 3264 1543 3307 non
1565 3252 1691 3327 peccent

342 3332 397 3395 tihi
419 3330 450 3393 iu
473 3342 520 3395 tot
543 3335 642 3416 spiris.
688 3338 754 3399 Hoc
777 3344 826 3398 ast
847 3338 968 3400 multari
992 3338 1030 3400 ob
1052 3355 1141 3400 unum
1173 3355 1290 3398 carrum
1317 3333 1410 3400 timeti
1439 3334 1592 3409 relictum,
1626 3353 1694 3396 cum

343 3419 490 3501 reliquam
512 3423 644 3503 Augiam
667 3427 898 3506 expurgaveris3
930 3433 982 3489 tuo
1006 3445 1113 3502 sensu,
1141 3426 1191 3507 qui
1213 3421 1354 3508 repudias
1377 3439 1474 3485 meam
1498 3421 1616 3486 ovalem
1638 3443 1694 3485 ceu

343 3526 433 3570 uuum
455 3529 573 3573 carrum
595 3513 698 3588 fimeti,
722 3533 789 3576 cum
811 3515 924 3578 toleres
945 3515 1053 3597 spiras,
1077 3533 1153 3598 quae
1168 3522 1264 3577 totum
1279 3514 1430 3576 stabulum
1445 3518 1523 3588 sunt,
1548 3511 1693 3593 siquidem

343 3615 412 3658 mea
435 3597 531 3661 ovalis
555 3599 597 3662 sit
610 3619 686 3663 unus
708 3621 821 3664 carrus.
838 3623 879 3646 —·-
895 3603 957 3668 Sed
972 3604 1064 3685 piget,
1081 3605 1112 3667 iu
1126 3603 1373 3666 manifestissima
1388 3601 1538 3664 calumnia
1552 3601 1695 3666 diluenda

343 3685 584 3750 immorari...
629 3691 690 3753 Pro
712 3693 824 3754 Deum!
847 3693 1025 3756 Nondumue
1049 3694 1125 3759 satis
1147 3693 1284 3775 probasti
1306 3691 1393 3768 mihi,
1420 3699 1451 3753 ta
1473 3709 1541 3752 mea
1564 3691 1697 3771 epistola

345 3773 499 3838 caruisse?
536 3773 641 3840 Audes
664 3779 772 3842 iterum
794 3779 826 3842 iu
855 3781 966 3844 itinera
988 3783 1088 3846 oralia
1110 3783 1265 3867 insultare,
1290 3801 1358 3845 cum
1380 3779 1470 3854 scias,
1494 3779 1572 3861 apud
1587 3779 1696 3842 Ptole-

249 3864 252 3878 '
344 3881 462 3925 ruscum
486 3867 703 3949 etTychouem
726 3888 793 3932 esse
817 3869 951 3951 spiralia.
997 3870 1107 3934 Annon
1125 3872 1182 3934 tibi
1205 3872 1352 3953 descripsi
1375 3873 1404 3935 iu
1426 3870 1537 3935 scheda
1555 3870 1696 3932 modum?

348 3953 458 4015 Annon
481 3953 555 4031 dixi,
577 3955 608 4018 in
630 3956 698 4038 ipso
721 3959 813 4020 etiam
833 3957 1000 4040 Gopemico
1023 3979 1092 4023 esse
1115 3962 1230 4036 uvales,
1255 3980 1365 4044 easque
1389 3958 1488 4022 studio
1512 3977 1531 4021 a
1553 3957 1697 4042 'lychoue

346 4041 503 4105 traductas
525 4044 556 4106 iu
580 4065 651 4108 suas
673 4047 879 4130 hypotheses?
920 4050 1031 4113 Annon
1053 4048 1127 4123 dixi,
1151 4050 1269 4113 ovalern
1290 4067 1388 4113 meam
1410 4067 1447 4108 ax
1471 4046 1586 4110 duobus
1608 4047 1698 4129 priu-

347 4129 434 4210 cipiis
457 4131 691 4213 regularissimis
714 4137 871 4217 componi?
908 4137 1003 4201 Jubes
1025 4157 1072 4200 mc
1096 4139 1195 4200 omnia
1213 4141 1252 4200 ad
1265 4139 1426 4202 circulares
1439 4137 1588 4200 motiones
1604 4155 1697 4199 revo-

348 4237 434 4296 care;
467 4220 597 4284 nondum
621 4223 714 4304 igitur
735 4226 895 4306 intelligis,
933 4227 1038 4308 quales
1062 4227 1165 4290 ovales
1188 4229 1341 4292 fabricem.
1386 4228 1511 4292 Revoca
1532 4233 1565 4289 tu
1589 4233 1643 4314 tua
1667 4237 1700 4292 et

347 4309 535 4375 Ptolemaios
566 4319 597 4374 et
629 4313 837 4394 (loperuicaua
869 4314 907 4377 ad
924 4315 1077 4378 ‘circulos
1129 4317 1336 4381 Praestitisti?
1377 4315 1524 4380 Praestiti
1565 4322 1596 4377 et
1627 4335 1697 4398 ego.

348 4399 450 4462 Nolito
473 4404 594 4481 putare,
625 4420 673 4463 me
704 4403 855 4481 mentibus
886 4403 1083 4468 divinissimis
1115 4403 1255 4490 tribuere¹
1274 4405 1506 4470 destinationem
1538 4405 1601 4481 ovi,
1634 4407 1697 4470 imo

349 4496 495 4569 appetunt
516 4487 654 4566 circulos,
680 4492 734 4555 sed
756 4510 810 4573 per
833 4493 973 4558 accidens
997 4493 1179 4572 exorbitant,
1201 4503 1236 4558 ut
1248 4495 1423 4558 mlemaeo
1437 4494 1578 4576 planetae
1599 4511 1697 4576 appe-

350 4581 418 4639 tunt
440 4577 618 4662 epioyclicos
642 4589 673 4642 et
693 4582 879 4646 ecoeutricos
900 4591 1015 4661 motus,
1049 4584 1103 4646 sed
1133 4603 1188 4666 per
1217 4583 1357 4646 accidens
1378 4585 1411 4648 iu
1434 4583 1532 4665 spiras
1555 4593 1696 4665 aguntur.

351 4664 444 4728 Ratio
467 4676 515 4730 est
535 4666 625 4748 plane
648 4671 763 4732 eadem.
811 4671 870 4743 Qui
899 4691 984 4734 meas
1015 4673 1118 4736 uvales
1149 4673 1262 4754 carpit,
1294 4682 1401 4754 carpat
1431 4681 1463 4736 et
1491 4671 1698 4739 confusionem

353 4763 526 4835 aspectuum
557 4757 587 4820 in
621 4757 801 4824 calendario
834 4779 886 4822 seu
917 4761 1124 4844 Ephemeride.
1178 4763 1301 4838 Mones,
1338 4763 1383 4826 sic
1412 4763 1555 4845 physicas
1587 4781 1698 4828 causas

354 4859 504 4929 quaeram,
526 4863 564 4907 ue
586 4847 706 4913 interim
728 4849 845 4913 coelum
868 4871 887 4912 a
908 4869 956 4912 me
978 4850 1040 4914 vim
1060 4852 1203 4932 patiatur.
1243 4853 1320 4936 Ego,
1343 4852 1384 4914 uri
1407 4851 1589 4928 Christiane,
1613 4853 1641 4916 si
1664 4851 1698 4917 δ’
