3606 5562
715 327 756 389 n·
774 335 857 391 tuas
981 299 986 316 Ι
1397 335 1460 406 681
1485 328 1489 335 ’

73 549 76 560 ·
125 518 177 580 boc
199 511 246 597 fit)
275 509 415 596 aequatio
443 521 598 576 menstrua
624 514 708 576 nulla
734 521 798 583 est,
826 513 991 594 ubicunque
1014 514 1102 578 Luna
1128 515 1195 597 ipsa
1218 511 1272 579 'sit
1316 518 1365 580 Ita
1387 519 1463 583 satis

124 607 229 670 clarum
253 605 390 678 allicitur,
414 603 589 666 tarditatem
609 621 647 692 ex
661 603 818 666 intervallo
834 611 922 666 aucto
938 622 1006 666 esse
1026 604 1116 682 duplo
1135 605 1278 684 majorem
1291 606 1322 668 in
1338 609 1461 687 copulis,

124 713 207 776 quam
228 695 277 756 vel
299 693 331 756 in
353 691 484 774 planetis
514 691 637 766 ceteris,
666 693 714 754 vel
737 691 829 754 etiam
852 691 880 752 in
904 693 972 772 ipssa
993 693 1095 767 Luna,
1121 713 1184 756 cum
1208 693 1271 772 ejus
1295 713 1462 774 apogaeum

123 791 168 846 est
189 783 218 846 iu
241 782 361 863 quadris
369 801 378 857 ;
412 789 444 843 et
465 782 497 842 id
520 801 612 844 causa
635 780 752 860 quidem
776 781 863 864 lpujue
893 787 1063 848 menstruae
1091 781 1316 863 inaequalitatis
1344 785 1462 864 prioris.

205 872 304 934 Valde
328 869 420 950 igitur
443 869 577 934 laboravi
602 871 757 944 hactenus,
781 879 815 932 ut
829 871 1005 934 variationis
1029 872 1182 951 negotium
1205 891 1272 934 cum
1295 873 1353 936 hac
1375 894 1462 937 meu-

122 972 202 1024 strua
234 959 412 1042 aequatione
444 958 482 1022 ab
514 958 621 1022 iisdem
652 957 751 1022 causis
785 959 918 1040 physicis
940 959 1150 1024 deducerem:
1191 962 1246 1024 sed
1278 963 1389 1024 trustra
1422 963 1463 1024 lui
1576 1034 1581 1044 ¹

122 1051 277 1136 hramnus:
309 1050 438 1112 alterum
465 1067 504 1110 ex
531 1049 628 1112 altero
658 1056 717 1114 uon
747 1050 898 1128 sequitur,
928 1049 1083 1128 quodlibet
1111 1057 1160 1112 eet
1182 1070 1200 1111 a
1223 1069 1276 1112 suo
1306 1051 1462 1130 principio,

116 1141 183 1224 'Non
216 1138 320 1201 dubito
352 1157 559 1220 apomeuoeoc
592 1138 651 1212 (sic
674 1137 868 1224 Ttolemaeus
901 1138 1049 1218 appellat)
1082 1155 1205 1200 causam
1233 1139 1262 1200 in
1286 1139 1354 1220 ipsa
1376 1140 1463 1203 Luna

122 1247 195 1302 esse,
216 1227 298 1290 sicut
319 1227 348 1288 in
372 1227 543 1290 uuiversum
566 1225 799 1291 eccentricitatis
823 1245 932 1288 causae
959 1228 1061 1290 insunt
1083 1227 1112 1288 in
1137 1226 1211 1308 ipsis
1233 1227 1331 1308 globis
1354 1229 1461 1310 plane-

121 1327 232 1391 tarum,
262 1316 439 1379 variationis
469 1335 541 1378 varo
575 1333 697 1378 causam
728 1333 795 1376 esse
825 1315 854 1376 in
879 1315 985 1392 Terra,
1009 1311 1114 1378 Lunae
1137 1315 1277 1390 metrice,
1306 1325 1461 1398 utrumque

122 1415 214 1468 umen
246 1407 407 1468 secundum
438 1404 686 1470 illuminationem
717 1404 838 1485 ejusque
868 1405 989 1483 phasea.
1036 1404 1144 1484 Itaque
1176 1405 1346 1468 consultum
1376 1415 1460 1486 puto,

37 1559 41 1568 ,
121 1493 322 1570 variationem,
346 1494 444 1556 etiam·
462 1513 538 1576 quae
562 1502 718 1556 menstrua
740 1500 797 1568 est,
823 1493 980 1556 acircello
995 1494 1059 1568 BL,
1085 1495 1135 1574 qui
1159 1513 1284 1570 annuus,
1307 1514 1460 1558 removere
1580 1513 1583 1522 ’

121 1583 221 1658 verbis,
247 1583 320 1646 illud
342 1602 414 1646 vero
429 1582 606 1663 simpliciter
629 1583 787 1657 affirmare,
812 1581 966 1662 portiones
990 1582 1167 1646 variationis
1191 1601 1363 1648 accrescere
1386 1603 1460 1664 gra·

49 1724 56 1750 ,
120 1673 199 1736 dibus
223 1671 514 1740 distantiaeLunae
538 1671 651 1735 aSole
675 1671 743 1750 (aen
771 1671 889 1750 augulis
913 1671 1012 1746 ΕΑΒ)
1036 1671 1065 1732 in
1090 1673 1281 1754 proportione
1309 1680 1461 1754 quaeunt
1556 1665 1560 1674 '

120 1761 263 1842 quadrata
279 1762 394 1840 siquum
413 1759 575 1824 distantiae
590 1761 694 1824 Lunae
713 1759 879 1842 aqnadris.
918 1760 1008 1823 Addo
1027 1757 1314 1824 demonstrationem
1333 1761 1459 1826 inchoa·

104 1860 176 1912 ‘tam
190 1850 437 1930 aequivalentiae.
469 1849 519 1912 Sit
535 1849 564 1914 G
578 1850 702 1930 quadra,
716 1849 745 1912 N
761 1849 877 1929 copula,

121 1937 183 2014 GH,
199 1939 255 2010 HI,
270 1940 323 2012 IK,
343 1938 411 2011 KL,
425 1940 494 2012 Lu,
510 1941 574 2003 MN
597 1947 701 2019 partes
724 1938 877 2019 aequales.

120 2027 181 2099 ΝΟ,
200 2026 265 2100 ΟΡ,
284 2026 349 2104 Pu,
368 2025 437 2103 QR
458 2027 522 2104 RS,
547 2029 598 2093 ST
621 2027 747 2090 totidem
769 2037 873 2106 partes

119 2117 236 2197 duplae:
263 2117 346 2181 sinus
368 2117 427 2197 ipsi
450 2118 512 2180 sint
535 2119 604 2193 NA,
625 2117 697 2189 ΜΒ,
719 2115 783 2190 LO,
803 2115 871 2190 KD,

117 2205 165 2281 lu,
178 2206 240 2270 flu.
281 2207 322 2268 Et
340 2207 402 2270 sint
419 2207 575 2288 duplorum
597 2225 718 2270 arcuum
741 2204 873 2285 sagittae

117 2295 176 2363 NT.
195 2293 266 2368 OV,
280 2295 348 2370 PX,
364 2294 432 2372 QY,
451 2295 522 2372 ΒΧ,
543 2294 615 2357 SV:
646 2294 875 2358 Demonstravit

117 2375 201 2463 igitur
211 2382 320 2447 Justus
334 2386 476 2466 Byrgius‚
493 2392 526 2448 ut
539 2384 598 2448 AN
614 2384 653 2446 ad
667 2383 739 2458 ΒΜ,
753 2383 874 2463 duplam

79 2515 82 2524 ι
118 2493 178 2536 esse
207 2474 430 2556 proportionem
460 2475 515 2536 TN
543 2474 582 2537 ad
606 2472 681 2547 VO,
715 2473 794 2536 siout
826 2480 874 2534 est

118 2561 210 2644 dupla,
222 2562 378 2644 proportio
401 2565 540 2645 quadrati
553 2563 613 2626 AN
638 2563 676 2626 ad
695 2561 873 2644 quadratum

27 2651 28 2658 ’
116 2651 181 2716 ΒΜ.
224 2654 275 2715 Ita
304 2652 449 2714 linearum
479 2654 517 2728 A,
550 2651 587 2727 B,
617 2649 658 2726 0,
684 2653 729 2725 D,
761 2649 805 2721 Ε,
837 2652 871 2725 F,

115 2741 258 2822 quadrata
285 2741 389 2804 insunt
417 2742 608 2826 proportione
637 2740 667 2802 iu
697 2739 785 2802 lineis
808 2741 873 2816 TN,

117 2828 180 2903 VO,
197 2831 265 2906 XP,
290 2829 360 2904 YQ.
382 2829 454 2905 XR,
478 2829 550 2905 VS,
583 2829 633 2894 obi
657 2847 774 2909 semper
797 2829 873 2890 duae
988 2863 991 2870 .
1106 2871 1124 2904 ,

118 2917 171 2980 0V
202 2930 233 2982 et
262 2919 316 2982 VS
348 2928 480 2999 aequant
513 2919 708 2992 diametrum,
739 2917 784 2980 sic
806 2915 874 2990 PX,

116 3006 180 3083 ΗΧ,
203 3011 248 3072 sic
271 3007 340 3084 ΟΥ,
363 3008 442 3080 YQ:
471 3015 506 3070 ut
527 3009 571 3070 ita
601 3006 699 3070 lacilis
722 3007 764 3069 sit
792 3005 930 3068 collectio
959 3027 1101 3076 summae.
1147 3014 1195 3078 Ex
1221 3017 1278 3081 hoe
1307 3021 1455 3099 quadam—
1575 2984 1578 2994 Ι

117 3105 199 3160 tenua
220 3107 358 3180 apparet,
381 3118 439 3183 quo
462 3087 657 3160 lu'ndameuto
680 3096 794 3158 nitatur
815 3094 895 3174 apud
909 3095 1080 3177 hebonem
1104 3101 1241 3168 circellus
1264 3108 1453 3184 mutationis,

119 3187 157 3247 sic
178 3189 286 3252 affixus
309 3187 348 3250 ad
372 3187 501 3250 orbitam
523 3186 644 3257 Lunae,
672 3194 707 3247 nt
728 3185 786 3246 NT
807 3203 873 3246 eam
896 3186 981 3265 quasi
1010 3197 1118 3271 tangat
1140 3191 1171 3254 iu
1193 3195 1241 3270 Δ;
1273 3214 1329 3259 neo
1352 3205 1454 3261 umen

118 3273 168 3338 NT
190 3285 292 3340 manet
313 3277 446 3356 ejusdem
469 3275 673 3356 longitudinis.
720 3271 795 3338 Cum
819 3274 898 3338 enim
920 3275 978 3340 AT
1000 3277 1189 3344 librationem
1219 3283 1314 3348 iaciat
1336 3305 1455 3368 semper

119 3359 167 3428 lr‘
188 3367 217 3429 iu
240 3367 427 3449 apparentia,
451 3365 509 3428 erit
531 3365 622 3444 igitur
644 3363 743 3427 brevis
766 3363 964 3444 inpetigines,
988 3366 1077 3448 longa
1100 3369 1129 3432 iu
1145 3371 1336 3453 apogaeo.*)
1366 3375 1456 3438 Ponit

121 3462 213 3520 autem
235 3458 352 3519 Lunam
381 3455 413 3516 in
435 3455 464 3516 A
486 3454 516 3515 in
541 3458 578 3529 00,
607 3454 638 3516 in
661 3455 687 3517 T
710 3454 740 3516 in
763 3460 884 3516 octaute
913 3453 1037 3533 gibbus,
1062 3457 1092 3520 in
1115 3461 1145 3522 A
1168 3461 1350 3544 inquadra,
1373 3464 1403 3526 in
1425 3464 1454 3527 N

121 3543 146 3604 iu
168 3553 287 3610 uetante
311 3544 451 3618 falsatae,
476 3543 507 3606 iu
528 3544 559 3607 A
582 3562 698 3607 rursum
720 3541 750 3610 iu
774 3545 813 3620 ό.
858 3540 925 3622 Ego
948 3562 1020 3606 vero
1048 3565 1158 3611 causas
1185 3551 1325 3634 physicas
1349 3555 1455 3618 eodem

121 3633 255 3698 ducentes
279 3634 323 3696 sic
345 3633 472 3713 explico,
495 3639 529 3694 ut
552 3633 588 3696 de
612 3651 709 3696 annuo
733 3639 815 3708 motu
833 3631 938 3694 Lunae
957 3632 1071 3712 aSole,
1095 3637 1144 3720 qui
1168 3647 1217 3702 est
1237 3643 1455 3707 revolutionum

123 3717 158 3784 12
178 3732 209 3786 et
235 3719 315 3788 132⁰
337 3716 401 3798 45‘,
424 3722 493 3786 illas
517 3723 635 3803 quidem
658 3719 859 3785 revolutiones
886 3719 925 3786 12
949 3724 1115 3802 aequaliter
1137 3727 1298 3810 dispertiar
1320 3731 1351 3793 in
1374 3741 1453 3796 tem·
1507 3755 1511 3766 ’

119 3827 186 3889 pora
208 3813 362 3896 aequalia,
395 3811 561 3891 superfluus
584 3828 655 3874 vero
682 3807 760 3876 132ο
782 3807 836 3874 45’
865 3810 963 3872 tribuo
995 3812 1220 3880 illuminationis
1253 3820 1404 3900 phrasibus·
1421 3831 1455 3884 ut

119 3903 243 3979 regulae,
267 3904 326 3964 imo
350 3900 507 3982 apparenti
535 3899 686 3964 latitudini
714 3899 818 3962 circuli
845 3897 1071 3964 illuminationis
1095 3907 1143 3969 vel
1166 3907 1346 3972 semicirculi
1370 3913 1454 3983 (uam

119 3989 152 4050 de
174 4009 265 4054 causa
287 3991 356 4073 ipsa
378 3987 524 4052 efficiente
543 3989 637 4070 jubeo
659 3989 850 4053 considerare
873 3989 1105 4072 metaphysicos,
1130 3995 1271 4075 quidnam
1293 3999 1352 4072 sit,
1375 4000 1455 4081 qnod

119 4077 170 4140 irae
193 4081 296 4165 regulq
318 4087 420 4142 amiur
441 4079 470 4141 in
494 4077 640 4142 movenda
662 4077 764 4155 Luna,
788 4077 815 4141 si
837 4096 895 4142 uon
918 4079 1023 4142 volunt
1049 4085 1185 4160 credere,
1216 4087 1336 4150 luminis
1358 4087 1454 4168 ipsius

119 4175 149 4228 ut
169 4170 211 4233 rei
234 4169 380 4242 naturalis
403 4169 480 4232 hanc
502 4186 570 4230 esee
593 4168 678 4244 vim).
725 4168 795 4232 Jam
819 4185 890 4230 vero
918 4168 1096 4234 decrescunt
1122 4173 1233 4253 phasea
1263 4176 1323 4238 sic:
1353 4177 1454 4257 posit'a

119 4257 146 4318 A
167 4257 270 4335 Terra,
292 4257 354 4322 NG
377 4256 580 4332 comentrico,
612 4257 640 4321 N
664 4259 785 4338 copula,
810 4254 839 4318 G
862 4257 993 4337 quadra,
1023 4259 1150 4325 latitudo
1173 4263 1277 4326 circuli
1299 4263 1452 4328 illumiua-

119 4346 202 4410 tionia
225 4348 336 4412 Terrae
359 4347 408 4409 vel
430 4346 534 4409 Lunae
564 4347 743 4410 altrinsecus
775 4363 924 4426 apparens
957 4355 1005 4410 est
1032 4349 1063 4412 iu
1084 4353 1277 4432 proportione
1307 4354 1452 4418 linearum

119 4433 183 4512 NA,
201 4439 397 4512 MB,...HF.
429 4434 562 4520 Cumque
578 4436 681 4511 Terra,
706 4443 852 4517 quatenus
875 4434 1042 4499 illuminata
1063 4438 1120 4502 hoe
1138 4440 1346 4520 adjumentitio
1369 4452 1453 4506 motu

118 4536 232 4590 moveat
257 4527 390 4603 Lunam,
419 4525 522 4588 itidem
552 4533 700 4604 quatenus
728 4523 898 4587 illuminata
919 4533 967 4588 est
989 4525 1058 4604 illa,
1089 4529 1195 4592 eadem
1221 4549 1291 4592 vero
1315 4532 1452 4612 utrinque

365 4667 428 4676 ..—

198 4725 227 4801 ⁸)
247 4731 302 4786 Est
320 4733 404 4788 etiam
424 4729 536 4786 libratio
550 4735 673 4801 tempore
694 4730 856 4803 inaequalis,
877 4733 1030 4788 absolvitur
1046 4731 1117 4787 euim
1132 4747 1151 4787 ιι
1164 4735 1265 4806 copula
1278 4735 1307 4793 in
1321 4738 1452 4808 quadram
1496 4781 1500 4790 ,

118 4825 206 4867 rerarn
233 4811 433 4870 semidiameter
452 4811 501 4867 AT
522 4809 573 4876 lris,
596 4809 654 4865 rire
673 4811 764 4866 brevis
794 4813 864 4868 isaeo
892 4819 992 4886 quarta
1019 4811 1119 4870 muria
1149 4813 1248 4883 merit,
1279 4817 1338 4873 eivs
1363 4818 1451 4892 longa

120 4883 245 4963 tampnis.
276 4891 330 4950 'lta
347 4893 433 4951 etiam
452 4891 547 4965 Tyolro
568 4891 691 4948 amnibus
711 4893 796 4950 modis
816 4901 944 4952 versatur
962 4894 991 4952 in
1009 4893 1135 4967 populea
1236 4899 1238 4914 '
1274 4937 1279 4946 .
