3604 5534
614 293 971 368 mmwm
1405 295 1466 370 m

109 477 297 555 continuata,
325 485 362 541 ut
382 486 466 542 secet
488 485 643 561 utromque
667 478 865 541 eccentrioum
889 480 918 542 in
937 481 1051 542 dnobus
1074 479 1193 561 punctis
1216 481 1293 542 infra
1316 487 1348 542 ot
1366 497 1467 560 supra,

110 567 275 630 constituet
301 569 385 630 infra
415 569 574 632 maximam
603 569 856 648 intercapedinem
881 592 920 649 ap
945 570 1100 650 aequalem
1129 569 1187 649 ipsi
1210 572 1266 647 tp.
1314 567 1376 631 Sed
1399 570 1469 649 quia

112 677 164 720 oon
186 657 293 718 lineae
321 679 360 720 ex
384 659 401 718 λ
425 658 477 719 scd
501 659 597 720 lineae
622 677 659 719 ex
682 663 699 719 δ
722 658 883 737 designant
914 667 997 721 certa
1021 669 1052 720 et
1075 659 1179 720 eadem
1212 665 1364 722 momenta
1385 648 1466 720 tcm-

111 747 199 827 porie,
225 747 341 828 quibus
365 747 415 808 hic
431 763 505 827 opus
528 731 682 821 habemus,
707 747 832 808 ducatur
846 748 938 828 igitur
954 753 1006 826 δρ,
1031 767 1138 810 secans
1152 748 1337 810 ecceutricos
1352 748 1381 808 in
1397 770 1422 821 a,
1439 769 1466 826 ρ,

112 843 141 896 ot
162 855 222 896 uno
249 845 283 897 et
309 837 415 898 eodem
439 845 588 898 momento
610 838 735 918 planeta
758 837 806 898 hic
829 836 859 897 in
884 860 906 912 o,
931 837 993 898 illic
1018 837 1045 898 in
1066 859 1084 916 ρ
1108 846 1189 900 certo
1213 838 1335 899 incidat.
1373 837 1469 898 Terra

111 925 201 1004 igitur
224 926 255 986 in
282 926 367 988 linea
390 931 433 1006 dp
456 931 606 1001 versante,
631 925 748 987 scilicet
771 923 800 986 iu
824 946 853 999 rr,
878 926 1004 1006 plancta
1032 925 1147 987 sivein
1172 947 1186 987 r
1210 927 1274 988 sive
1297 925 1326 986 in
1350 947 1368 1005 ρ
1393 943 1466 986 con-

111 1015 218 1086 sistat,
252 1015 395 1096 utrinque
426 1017 529 1077 eodem
562 1015 590 1076 in
624 1017 689 1077 loco
721 1014 838 1076 zodiaci
870 1015 1039 1076 videbitur:
1073 1033 1142 1076 narn
1174 1015 1255 1077 linea
1278 1036 1318 1093 ep
1350 1013 1467 1077 ratione

111 1103 213 1183 optica
237 1101 339 1166 instar
362 1105 465 1184 puncti
488 1111 635 1184 apparet:
660 1112 693 1164 at
716 1103 809 1164 Terra
833 1104 870 1165 ad
895 1105 980 1185 hujus
1006 1105 1102 1165 lineae
1126 1105 1224 1166 latera
1246 1105 1384 1183 utrinque
1408 1122 1464 1165 ex·
1495 1126 1500 1134 ·

111 1195 257 1268 cedente,
290 1195 445 1273 quantitas
474 1193 570 1254 lineae
594 1215 632 1272 ep
655 1201 782 1272 apparet
810 1194 904 1273 major
927 1201 1017 1274 atque
1046 1193 1158 1273 major,
1181 1194 1252 1274 quia
1275 1211 1313 1254 ex
1336 1191 1466 1272 obliquo.
1530 1225 1548 1238 ··

111 1281 279 1352 Quaeritur
302 1285 444 1361 punctum
468 1283 547 1344 orbis
563 1283 700 1356 Telluris,
727 1300 764 1342 ex
787 1300 844 1362 quo
867 1283 998 1344 visoriae
1021 1301 1104 1362 pers
1128 1290 1161 1344 et
1177 1300 1268 1361 perp
1291 1281 1466 1343 incedentes

111 1373 244 1433 omnium
276 1371 406 1433 maxime
447 1372 604 1433 discedant
642 1372 861 1451 maximumque
901 1372 1041 1450 angulum
1074 1373 1111 1432 ad
1145 1371 1242 1433 visum
1279 1369 1468 1432 constituant

111 1479 255 1540 errorque
281 1461 324 1522 sit
347 1461 507 1535 maximus,
542 1461 567 1522 si
595 1461 719 1540 planeta
741 1460 770 1521 in
796 1482 813 1539 ρ
842 1466 990 1540 ponatur,
1024 1461 1143 1541 quando
1167 1460 1272 1522 debuit
1292 1459 1363 1539 poni
1388 1458 1417 1518 in
1442 1480 1464 1521 o.

111 1549 246 1612 Primum
272 1549 299 1610 is
323 1551 449 1630 angulus
481 1551 576 1630 major
606 1549 664 1611 erit
693 1549 772 1611 infra
794 1549 824 1611 io
848 1572 862 1610 a
886 1569 974 1630 qnam
1002 1568 1095 1630 supra
1124 1550 1204 1612 circa
1227 1569 1260 1624 a,
1293 1548 1363 1628 quia
1386 1549 1467 1609 orbis

111 1639 226 1700 Terrae
252 1657 290 1700 ex
314 1640 335 1717 β
358 1639 525 1719 descriptus
547 1640 644 1702 visum
667 1639 789 1721 propios
813 1639 851 1700 ad
875 1661 913 1720 ep
939 1657 1026 1719 quam
1049 1640 1088 1700 ad
1111 1659 1128 1700 r
1151 1640 1301 1701 admovet.
1348 1635 1464 1700 Deinde

111 1747 179 1790 cnm
204 1732 248 1807 dp
272 1727 314 1789 sit
336 1727 416 1790 ultra
431 1730 483 1805 τβ,
508 1747 578 1808 ergo
594 1751 631 1807 ep
655 1727 802 1808 obliquius
826 1726 984 1806 inspicitur
1007 1747 1045 1789 ex
1059 1729 1196 1809 partibus
1220 1727 1352 1812 sinistris
1376 1743 1466 1806 quam

111 1835 148 1878 ex
173 1817 304 1879 dextris.
344 1817 444 1879 Minor
467 1817 556 1898 igitur
580 1817 738 1897 apparebit
761 1816 821 1880 illic
838 1835 925 1897 quam
940 1815 998 1890 hic,
1022 1817 1114 1879 etiam
1132 1815 1297 1898 inaequali
1317 1815 1467 1878 distantia

111 1906 244 1969 Telluris
269 1926 290 1967 a
312 1912 352 1987 ὄρ
376 1907 464 1968 linea.
511 1905 592 1986 Ergo
624 1914 766 1986 punctum
799 1913 932 1967 nostram
965 1907 1167 1985 quaerendum
1198 1915 1247 1968 eat
1268 1905 1300 1968 iu
1327 1904 1468 1984 partibus

112 1995 241 2057 dextris.
286 1995 372 2070 Dico,
398 2018 436 2075 ap
460 1997 618 2058 maximum
642 1995 821 2058 subtendere
845 1995 971 2082 visionis
995 1997 1136 2076 angulum
1157 1995 1224 2056 visu
1247 1995 1412 2057 constituto
1437 1993 1468 2056 iu

112 2103 147 2144 eo
172 2091 296 2164 puncto,
319 2083 370 2146 ubi
393 2086 520 2147 circulos
544 2086 655 2146 Terrae
670 2103 698 2144 -a
722 2083 831 2146 circulo
859 2103 914 2163 per
936 2106 976 2163 ap
1006 2084 1095 2146 ducto
1124 2085 1267 2164 tangitur.
1315 2083 1364 2145 Sit
1387 2081 1466 2144 enim

111 2174 185 2234 talis
209 2174 340 2236 circulus
358 2192 413 2253 per
428 2196 467 2253 ep
491 2175 667 2254 descriptus,
694 2173 743 2253 qui
758 2174 900 2234 circulum
914 2195 959 2235 oo
980 2173 1010 2235 in
1029 2174 1166 2254 partibus
1181 2191 1286 2235 versus
1302 2193 1324 2234 o
1340 2178 1465 2252 tangat:

111 2271 215 2324 tactos
241 2262 296 2324 fiat
317 2261 348 2324 in
371 2271 521 2346 punctos
544 2271 576 2325 et
598 2263 637 2324 ab
661 2285 684 2332 e,
708 2286 726 2343 ρ
751 2262 847 2323 lineae
871 2271 982 2324 exeant
1004 2281 1071 2324 cum
1094 2263 1123 2324 in
1151 2269 1324 2324 contactum
1346 2283 1375 2335 r,
1403 2269 1465 2322 tum

112 2351 141 2412 io
166 2352 257 2432 plura
281 2352 343 2415 alia
365 2361 478 2433 puncta
507 2352 607 2416 circuli
631 2371 675 2414 oo
702 2359 772 2414 ante
798 2359 829 2413 et
856 2360 926 2431 post
957 2359 1139 2415 contactum.
1187 2350 1264 2415 (lum
1286 2351 1378 2430 igitur
1402 2350 1463 2411 cir·

113 2441 199 2502 colos
223 2441 368 2504 circulum
391 2443 420 2503 in
444 2461 501 2504 uno
525 2444 589 2505 solo
612 2449 723 2523 puncto
756 2448 879 2520 tangat,
912 2459 981 2520 ergo
1010 2441 1139 2506 omnium
1172 2440 1346 2522 angulorum
1377 2457 1465 2500 arura

114 2547 152 2590 ex
176 2553 200 2605 e,
227 2551 247 2609 ρ
271 2531 413 2592 exeuntia
435 2541 467 2593 et
488 2531 518 2594 in
541 2533 661 2614 punctis
685 2530 787 2593 circuli
810 2551 856 2592 oc
870 2531 1086 2594 concurrentia
1109 2531 1290 2598 secabuntur
1313 2549 1332 2590 a
1354 2527 1464 2591 circulo

113 2637 167 2699 per
189 2641 239 2700 ap,
263 2629 475 2702 praeterquam
493 2640 538 2694 ea,
1348 2643 1352 2650 ·

113 2727 190 2788 quae
247 2709 331 2786 ina
370 2717 540 2774 contactum
945 2709 998 2775 mg.
1018 2705 1060 2758 ⁶⁹·

113 2797 292 2860 circulorum
334 2800 540 2862 terminantur.
596 2821 603 2832 ·

112 2883 198 2957 Quae
225 2895 326 2948 autem
350 2907 438 2950 crura
458 2907 495 2950 ox
517 2911 540 2958 r,

111 2984 298 3054 precantur
322 2997 348 3049 a,
363 2977 474 3040 circulo
500 3001 539 3060 ep

110 3073 180 3129 aute
195 3083 286 3126 suum
300 3084 486 3142 concursum,
503 3087 540 3128 ea

110 3153 134 3215 si
150 3153 178 3216 in
195 3154 346 3218 alterutro
360 3165 537 3236 punctorum

109 3243 256 3305 sectionis
281 3245 409 3318 coirent,
431 3245 536 3326 majori
656 3279 673 3322 ,ι

107 3334 220 3412 angulo
246 3333 363 3396 coirent
384 3333 487 3408 OEucl.
512 3335 535 3410 I,

106 3419 187 3496 20:
214 3431 247 3484 et
272 3431 343 3486 sunt
357 3442 460 3485 omnes
480 3444 536 3486 ao-

106 3511 168 3590 goli
219 3511 251 3572 in
299 3511 538 3574 circumferentia

107 3619 198 3680 super
217 3621 258 3678 ap
283 3609 439 3681 segmento
463 3621 536 3664 coo-

107 3689 209 3752 stituti
249 3692 394 3771 aequales
435 3689 534 3764 OEucl.
598 3753 608 3799 t

108 3777 161 3854 ΠΙ,
188 3777 262 3854 21),
287 3780 437 3860 ergaqui
459 3781 537 3842 adr
618 3834 619 3855 ,

108 3869 314 3942 (contactum)
351 3869 449 3948 major
489 3878 543 3931 est·
600 3935 618 3958 .-

109 3958 218 4020 ceteris
243 3957 391 4021 omnibus.
412 3976 441 4037 q.
457 3977 483 4020 e.
505 3960 533 4020 d.

109 4045 150 4108 m
172 4047 267 4128 igitur
285 4048 487 4130 quantitatem
506 4047 535 4109 in

111 4135 308 4200 familiaribus
330 4136 463 4199 numeris
486 4137 534 4198 iu-

111 4225 311 4307 vestigemus,
343 4243 419 4307 opus
450 4226 534 4287 nobis

113 4322 155 4376 est
177 4317 351 4397 cognitione
377 4314 473 4394 ipsius
496 4337 534 4394 ep

108 4695 140 4740 ea
156 4679 357 4745 nmatione
384 4672 533 4750 monpe-

100 4765 190 4837 ιω,
212 4775 290 4849 aa
320 4770 407 4839 rua·
450 4759 535 4822 n...

95 4865 318 4948 attpmpra
334 4859 377 4926 tr·
394 4851 460 4916 188)
481 4865 532 4910 ‘¹⁸-
