3604 5534
637 301 698 362 Pare
715 303 806 360 Prima.
844 301 925 374 Caput
942 303 976 358 V.
1033 285 1038 296 ’

112 559 117 572 ¹
139 488 249 554 itineris
274 486 439 570 planetarii
462 487 727 570 aequipollentem,
752 486 889 551 diversae
914 493 1013 550 tamen
1042 505 1138 568 appa·

139 580 271 654 rentiae3
310 579 402 660 idque
437 577 657 660 praestabimus
688 577 887 640 hanelatioue
922 577 1006 639 visne
1041 596 1079 638 ex
1109 603 1139 641 α.

139 671 300 732 Possemus
334 668 412 729 idam
445 686 498 748 per
526 667 615 748 linem
647 667 754 748 capitis
777 667 851 742 ΙΙΙ.,
881 664 972 728 etiam
1000 675 1140 729 manente

137 759 196 820 risu
212 758 245 819 in
262 782 283 819 α
299 765 332 818 ει
351 757 500 820 translato
523 755 700 831 eccentrico,
726 755 872 838 lineisque
894 755 1049 835 parallelis
1073 775 1139 817 ma-

136 847 281 922 nentibus,
308 855 342 908 nt
357 847 401 909 ita
416 846 575 910 eccentrici
590 844 758 926 quantitate
774 853 913 908 manente
932 845 1009 908 situs
1025 844 1139 906 solum-

135 937 216 1000 modo
240 937 388 998 varietur.
435 935 523 1007 Quod
547 941 647 997 autem
676 934 740 1013 jam
767 933 969 1008 instituimus,
1000 933 1044 996 sic
1067 952 1138 1015 per·

136 1027 279 1088 liciemus.
336 1025 483 1106 Suscepto
523 1026 589 1087 loco
608 1023 707 1092 ,visus
745 1031 832 1085 extra
862 1023 992 1104 priorem
1029 1023 1137 1086 lineam

134 1115 282 1197 apsidum,
307 1115 357 1194 qui
380 1115 462 1193 altpt,
486 1121 520 1176 ut
535 1115 573 1192 βγ
596 1113 636 1174 sit
655 1113 809 1193 quantitas
834 1113 895 1174 alia
918 1114 956 1174 ab
971 1134 1018 1191 cy,
1043 1131 1138 1174 novae

133 1205 249 1267 scilicet
291 1203 529 1266 eccentricitatis
557 1201 606 1266 vel
635 1221 731 1263 novae
761 1201 976 1264 semidiametri
1013 1202 1139 1284 epicycli

132 1293 274 1374 majoris,
309 1312 433 1374 agemus
456 1311 509 1373 per
532 1295 570 1371 βγ
592 1309 700 1354 novam
733 1291 842 1354 lineam
873 1291 1009 1372 apsidum
1031 1293 1082 1369 βᾶ,
1107 1299 1139 1352 ει

132 1386 189 1446 inc
210 1382 383 1445 scribemus
404 1382 568 1464 epicyclum
587 1381 678 1460 priori
697 1383 864 1460 aequalem.
903 1379 1048 1451 Quamvis
1067 1398 1137 1442 vero
1235 1399 1238 1408 ’

132 1480 266 1535 centrum
292 1470 419 1554 epicycli
441 1471 490 1534 hic
512 1471 553 1532 eit
571 1469 633 1531 ind
656 1470 770 1550 apside,
794 1479 971 1532 nontamen
994 1489 1137 1550 ponemus

128 1563 189 1642 jam
217 1562 379 1643 planetam
401 1561 432 1622 in
463 1565 574 1640 puncto
605 1558 662 1640 ipsi
686 1582 700 1639 γ
728 1560 863 1640 proximo
892 1568 927 1621 ut
953 1561 1053 1640 prius,
1084 1560 1137 1622 sed

132 1653 325 1714 considerato
353 1650 461 1730 angulo
490 1655 560 1729 ayt,
593 1648 714 1729 duplum
741 1648 769 1709 ei
799 1655 966 1710 statuemus
998 1650 1138 1728 angulum

132 1745 330 1820 dervenses
353 1761 377 1816 e,
401 1749 433 1802 ει
454 1738 609 1821 planetam
631 1739 660 1800 in
683 1742 709 1799 θ
731 1737 906 1812 locabimus,
929 1738 1055 1828 qnando,
1070 1739 1135 1819 epi-

132 1832 230 1912 cyclus
262 1829 366 1892 estin
390 1834 408 1889 t
436 1828 557 1910 apside3
588 1827 631 1889 sic
661 1827 740 1888 enim
771 1827 969 1908 collocaretur
997 1828 1129 1910 planeta,
1156 1824 1277 1894 etiamsi
1300 1833 1383 1904 visus
1407 1835 1436 1900 iu
1462 1861 1482 1899 α
1548 1859 1553 1867 ’

132 1929 161 1981 ει
182 1920 341 2003 epicyclus
363 1917 394 1979 in
414 1923 432 1980 t
454 1923 546 1980 esset.
585 1917 650 1980 Hoc
673 1917 776 1997 itaque
799 1925 890 1996 pacto
910 1917 949 1979 ad
968 1936 1094 1998 unguem
1120 1920 1225 1983 eadem
1246 1923 1361 1985 veritas
1384 1934 1486 1988 manet
1595 1949 1598 1956 ·

131 2008 294 2090 compositi
317 2007 433 2070 itineris
454 2006 631 2088 planetarii,
662 2005 841 2087 apparentia
868 2025 939 2070 vero
967 2015 1120 2071 mutatur:
1151 2011 1269 2091 quando
1293 2011 1370 2075 euim
1394 2015 1484 2077 incli-

131 2106 238 2162 nantur
261 2098 363 2160 lineae
387 2095 531 2172 visoriae,
564 2103 598 2158 ut
624 2095 673 2158 hic
695 2095 754 2173 so,
778 2100 829 2157 αθ
851 2096 900 2159 vel
922 2098 973 2174 βη,
998 2117 1055 2175 oq,
1086 2107 1157 2162 tunc
1191 2099 1284 2163 etiam
1306 2102 1337 2164 in
1361 2103 1482 2168 diversa

133 2190 195 2250 loca
218 2187 279 2250 sub
304 2187 371 2250 fixis
394 2185 536 2249 incidunt.

217 2275 378 2357 Objicias,
406 2275 499 2338 etiam
526 2293 592 2338 cum
622 2272 751 2336 visor-iae
780 2272 876 2337 lineae
904 2274 1072 2355 parallelae
1102 2285 1185 2354 sunt,
1216 2279 1247 2340 in
1271 2278 1392 2344 diversa
1414 2281 1484 2344 loca

111 2367 183 2428 sub
206 2367 278 2428 fixis
303 2364 449 2440 incidere3
473 2382 531 2427 non
554 2364 646 2442 igitur
667 2381 742 2444 opus
766 2381 833 2426 esse
858 2363 897 2425 ad
919 2363 985 2439 hoc,
1010 2373 1045 2427 ut
1066 2366 1106 2428 ad
1129 2386 1161 2429 se
1178 2375 1280 2430 mutuo
1295 2367 1483 2436 inclinentur.

134 2455 337 2536 Respondes:
369 2473 469 2516 rerum
497 2451 617 2533 quidem
640 2452 697 2514 hoc
720 2461 783 2528 est;
807 2453 860 2515 sed
884 2459 955 2516 tunc
979 2454 1178 2537 interceptum
1205 2458 1335 2538 spatium
1360 2459 1484 2524 lixarum

134 2545 207 2608 iuter
235 2553 398 2624 utramque
428 2543 537 2605 lineam
559 2560 652 2623 penes
675 2542 773 2603 visum
795 2562 854 2604 non
878 2551 927 2605 est
949 2545 1104 2622 sensibile,
1130 2546 1188 2608 nisi
1211 2547 1358 2610 distantia
1379 2550 1484 2629 paral·

132 2634 256 2697 lelornm
283 2633 327 2696 sit
350 2632 389 2694 ad
412 2631 666 2695 semidiametrum
689 2633 813 2694 lixarum
837 2631 997 2696 sensibilis.

213 2724 252 2786 ln
278 2720 521 2786 consideratione
542 2719 677 2804 physica,
701 2730 822 2801 praeter
839 2715 890 2796 ea,
916 2740 992 2803 quae
1016 2742 1082 2805 cap.
1098 2725 1156 2787 111.
1179 2724 1269 2801 dicta,
1294 2725 1351 2788 hoc
1366 2745 1483 2808 quoque

134 2814 170 2875 ad
190 2811 417 2895 impetrandam
439 2812 516 2874 hanc
538 2809 654 2872 itineris
677 2809 869 2873 identitatem
891 2811 922 2873 in
936 2812 1055 2876 variata
1074 2814 1251 2894 apparentia
1265 2815 1322 2878 erit
1341 2822 1482 2878 statuen-

134 2903 213 2978 dum,
244 2909 394 2976 mentem,
428 2901 475 2963 cui
498 2900 595 2963 minor
617 2899 767 2982 epicyclus
791 2907 840 2962 est
861 2901 1054 2978 commissus,
1083 2903 1122 2965 ad
1145 2903 1227 2965 alind
1249 2911 1393 2985 punctum
1417 2925 1484 2968 am-

134 2991 209 3054 bitus
232 2991 403 3071 respicere,
433 3008 522 3071 qnam
551 2997 682 3052 mentem
709 2989 830 3070 majoris
858 2989 999 3072 epicycli:
1028 2992 1198 3054 restituitur
1225 2994 1305 3055 enim
1335 2993 1485 3076 epicyclus
1519 3015 1522 3020 ⁴

135 3082 226 3162 major
253 3082 306 3143 vel
338 3079 545 3143 eccentricitas
573 3079 604 3141 in
628 3079 760 3140 secunda
781 3077 931 3160 positione
954 3080 994 3143 ad
1016 3080 1127 3142 lineam
1148 3082 1207 3160 βὸ,
1231 3081 1328 3144 ιιιῐιιοι·
1349 3100 1420 3144 vero
1445 3083 1484 3144 ad

135 3171 241 3233 lineam
265 3193 329 3243 aa,
358 3189 416 3231 non
438 3189 492 3250 per
515 3170 612 3232 visum
635 3175 851 3243 transeuntem,
876 3169 946 3249 qnia
968 3169 1050 3231 visus
1073 3170 1104 3232 in
1127 3169 1259 3232 secunde
1281 3170 1431 3251 positione
1454 3172 1485 3233 in

133 3260 152 3338 β
172 3260 314 3341 ponitur,
348 3279 414 3322 cum
437 3259 467 3321 iu
489 3259 586 3340 prima
608 3256 756 3338 positione
781 3257 862 3329 (visu
881 3257 910 3320 in
935 3282 955 3320 α
978 3257 1159 3332 constituto)
1182 3265 1307 3340 uterque
1331 3259 1482 3342 epicyclus

134 3349 170 3410 ad
192 3349 326 3412 eandem
349 3371 392 3410 aa
414 3345 631 3411 restitueretur.
669 3347 738 3410 Non'
762 3345 864 3426 itaque
888 3347 1064 3428 simpliciter
1087 3347 1193 3410 eadem
1216 3349 1313 3410 forma
1336 3349 1485 3432 hypothe-

136 3457 200 3500 seos
231 3437 364 3522 physice
393 3445 509 3514 manet,
538 3446 571 3500 ut
597 3436 677 3498 idem
708 3435 766 3497 iter
797 3435 939 3516 planetae
972 3437 1152 3500 obtineatur.
1198 3435 1315 3509 Quodsi
1342 3439 1431 3500 etiam
1455 3438 1485 3500 in

134 3531 265 3610 secunda
290 3525 442 3607 positione
463 3528 544 3590 idem
565 3527 702 3589 imitatus
726 3525 819 3586 tuens
851 3525 1037 3589 restituendo
1069 3534 1226 3608 utrumque
1259 3527 1423 3611 epicyclum
1447 3527 1487 3590 ad

134 3618 258 3680 eandem
283 3616 396 3678 lineam
421 3617 557 3699 apsidum
571 3617 622 3695 fit,
646 3633 718 3695 ergo
736 3621 876 3676 manente
895 3615 1000 3679 eodem
1023 3616 1190 3678 eccentrico
1208 3617 1357 3699 utrinque,
1380 3617 1485 3679 eodem

134 3707 222 3768 etiam
253 3705 420 3788 epicyclio,
454 3703 536 3770 eitus‘
558 3706 699 3788 planetae
721 3703 752 3766 iu
776 3703 920 3786 epicyclio
951 3705 1009 3770 erit
1041 3705 1118 3769 alius
1149 3713 1239 3787 atque
1268 3707 1345 3769 alius
1369 3724 1426 3768 uno
1451 3715 1484 3769 et

135 3797 235 3858 eodem
260 3803 433 3871 moment03
455 3794 557 3878 itaque
581 3812 726 3874 expressa
749 3793 855 3857 eadem
874 3795 969 3858 forma
992 3795 1194 3878 hypotheseos
1215 3795 1420 3859 Ptolemaicae
1445 3795 1485 3857 ad
1594 3839 1603 3854 .

135 3905 260 3965 unguem
283 3885 319 3948 in
342 3886 475 3948 secunda
506 3884 671 3966 positione,
703 3871 767 3946 ite?
789 3883 886 3964 ipsum
913 3887 1055 3966 planetae
1089 3884 1264 3948 variabitur.
1310 3885 1388 3948 Hinc
1412 3902 1484 3965 ergo

136 3973 281 4038 inferetur
304 3975 394 4048 infra,
420 3976 537 4057 qnando
560 3972 679 4056 quidem
707 3973 805 4054 prima
836 3973 1024 4054 planetarum
1051 3973 1253 4055 inaequalitas
1277 3975 1396 4037 omuino
1420 3974 1485 4035 sal-

137 4065 233 4126 vanda
257 4065 302 4127 sit
325 4069 382 4145 per'
411 4065 606 4146 compositam
635 4060 815 4144 hypothesin
839 4083 905 4146 cap.
930 4064 986 4139 IV,
1015 4062 1107 4144 igitur
1136 4083 1194 4125 non
1224 4081 1313 4144 posse
1337 4063 1417 4138 fieri,
1452 4069 1486 4123 ιιι

136 4153 230 4232 prima
252 4153 461 4236 inaequalitas
492 4152 677 4236 expendatur
707 4169 801 4232 aeque
825 4151 854 4214 in
877 4153 976 4215 media
999 4172 1034 4215 ac
1057 4151 1087 4215 in
1111 4151 1268 4235 apparenti
1297 4151 1485 4232 oppositione

136 4243 328 4322 planetarum
352 4262 418 4305 cum
442 4241 531 4306 Sole:
564 4241 623 4304 nisi
651 4239 740 4302 simul
762 4240 812 4302 vel
835 4241 903 4321 ipsa
933 4241 1032 4304 orbita
1062 4242 1204 4321 planetae
1235 4241 1297 4303 situ
1320 4259 1374 4303 suo
1398 4258 1484 4302 erno-

137 4341 239 4395 ceatur
263 4331 455 4406 (differenter
478 4353 496 4396 a
518 4329 637 4396 circulis
666 4329 801 4391 theoriae
826 4327 922 4406 Solis)
945 4333 995 4394 vel
1016 4340 1148 4393 mutetur
1177 4331 1273 4392 forma
1295 4329 1486 4394 Ptolemaica

139 4421 242 4503 capitis
266 4421 327 4486 IV.

220 4513 330 4592 Atque
354 4509 413 4571 hac
436 4509 531 4573 lorma
552 4505 797 4588 transpositionis
820 4507 1041 4572 Maeetlinua
1071 4515 1120 4570 est
1147 4525 1232 4582 nsua,
1267 4525 1331 4569 cnm
1363 4501 1394 4569 in
1417 4525 1484 4571 meo

139 4597 281 4682 hlystcrio
308 4597 563 4681 Cosmographico
587 4597 722 4662 tabulam
737 4595 826 4659 'illam
850 4596 958 4678 capitis
981 4599 1053 4662 XV.
1082 4589 1252 4659 confideret.
1300 4594 1484 4676 Oopemicus

141 4689 232 4766 enim,
266 4689 340 4751 dum
362 4688 549 4753 Ptolemaica
575 4690 606 4752 in
638 4705 723 4750 suam
752 4687 922 4766 generalem
950 4686 1158 4771 hypothesium
1188 4685 1314 4768 (ormam
1344 4685 1484 4762 traducit,

141 4775 222 4857 fingit
243 4779 343 4841 rhum
367 4779 564 4842 constitutum
588 4797 655 4842 essa
678 4774 708 4836 in
728 4782 839 4856 puncto
859 4775 957 4858 aliquo
978 4777 1109 4860 proxime
1130 4772 1230 4835 Solem
1243 4790 1319 4853 pene
1330 4773 1483 4852 immobili,

143 4869 215 4948 quod
239 4875 310 4931 tota
332 4865 452 4932 Solaria
475 4868 553 4931 orbis
569 4863 792 4932 eccentricitate
808 4864 900 4928 distet
910 4887 930 4928 a
944 4875 1045 4930 centro
1061 4861 1203 4946 ipsissimi
1213 4863 1345 4947 corporis
1356 4854 1483 4930 Solaria.
