3680 5538
744 235 963 354 umbone
1324 271 1330 284 '
1456 291 1522 368 ιιι

176 473 237 537 ¹hou
265 475 478 550 propinquitate.
519 478 589 543 Quid
617 479 703 552 igitur
731 480 864 550 impedit?
904 478 980 533 Nihil
1008 487 1038 533 ιιι
1067 483 1147 548 poteo
1177 479 1328 532 ostendere.
1368 478 1430 552 Epo
1460 479 1522 551 quid

177 557 316 628 'impediat
335 561 485 624 ostendam,
507 563 555 614 sed
582 559 711 617 simulet
731 561 909 630 respondebo,
952 559 1134 628 Quodcunque
1162 557 1336 614 materiatum
1365 575 1464 629 corpur
1493 577 1523 616 ιι

182 637 242 709 ipso
263 645 359 710 aptum
378 647 473 695 natum
487 648 531 696 est
550 641 699 712 quiescens,
720 657 878 712 quocunque
898 642 957 694 loco
971 640 1121 710 reponitur.
1156 638 1225 692 Nam
1244 637 1320 709 quies
1340 645 1372 692 ιιι
1391 641 1523 694 tenebrae

181 719 301 788 privatio
323 721 457 791 quaedam
477 727 534 785 ιιι,
565 738 619 775 non
639 720 765 792 indigene
785 719 936 784 creatione,
962 721 1011 774 sed
1031 717 1130 775 creatis
1159 719 1326 782 adhaerens,
1356 726 1388 772 ιιι
1408 719 1521 774 nullitas

175 798 291 869 aliqua:
313 807 401 855 metue
421 798 538 856 vicissim
558 807 602 855 est
621 801 767 873 positivum
787 801 926 872 quippiam
945 807 976 854 ut
997 799 1055 856 lux.
1097 799 1194 868 ltaque
1214 797 1237 852 si
1257 797 1330 867 lapis
1350 799 1410 852 loeo
1432 816 1522 853 more·

174 884 241 942 tur,
271 879 299 934 id
318 897 373 935 nou
393 880 461 936 lacit
488 889 520 940 ut
539 881 715 937 materiatum
735 881 887 953 quippiam,
916 881 963 936 sed
991 887 1023 934 ut
1049 879 1094 934 vel
1115 877 1286 933 extrinsecus
1315 878 1447 948 impulsus
1477 880 1521 933 vel

181 964 318 1014 attractus
339 960 384 1014 vel
404 961 565 1016 intrinsecus
586 962 721 1016 facultate
742 964 858 1033 quadam
885 960 1026 1031 praeditur
1048 961 1083 1014 ad
1104 958 1205 1030 aliquid
1230 958 1403 1028 respiciente.
1443 959 1522 1014 Hanc

181 1038 275 1094 dicunt
287 1041 458 1096 aristotelici
478 1049 657 1113 appetentem
671 1043 758 1096 centn
778 1041 877 1096 mundi.
911 1042 999 1111 Nego,
1022 1041 1061 1094 cio
1074 1040 1145 1094 enim
1166 1055 1230 1092 vere
1251 1039 1427 1107 impediretur
1447 1039 1523 1109 sequi

179 1120 282 1174 Terrae
302 1127 411 1176 motum.
444 1121 574 1186 Probent,
595 1121 659 1186 seio,
675 1121 768 1176 tortiles
789 1122 907 1192 ipsorum
920 1121 1096 1191 probationes
1110 1121 1146 1174 ab
1161 1116 1233 1189 ignia
1254 1131 1354 1172 natura
1373 1119 1520 1183 contraria,

175 1215 250 1270 quae
271 1207 315 1254 eet
334 1201 432 1272 petitio
454 1201 586 1273 principii.
627 1204 698 1258 Nem
718 1202 791 1274 ignis
812 1219 866 1257 non
886 1201 958 1272 petit
978 1201 1097 1263 coelum,
1129 1201 1177 1254 eed
1202 1197 1275 1269 fugit
1296 1199 1416 1254 Terram.
1458 1200 1521 1253 Non

178 1280 252 1352 fugit
281 1287 404 1336 centrum
432 1283 537 1346 mundi,
568 1285 617 1338 eed
646 1285 748 1338 Terrae
774 1281 918 1338 materiam
947 1281 1036 1354 tigit,
1066 1287 1098 1336 ut
1127 1279 1205 1350 cujus
1235 1278 1360 1332 crassitie
1390 1279 1521 1335 obruitur.

176 1359 254 1432 Ergo
274 1362 359 1416 aliter
378 1379 432 1433 ego
452 1363 549 1418 definio
569 1363 747 1435 gramtatem,
768 1379 817 1418 seu
838 1363 914 1417 illam
932 1363 998 1426 rim,
1020 1378 1091 1433 quae
1111 1361 1259 1416 intrinsece
1280 1364 1371 1412 movet
1392 1359 1519 1430 lapidem,

177 1439 232 1496 vim
252 1441 435 1514 magneticam
457 1449 696 1515 coagmentantem
716 1443 823 1507 similia,
846 1460 916 1514 quae
931 1443 1025 1498 eadem
1047 1457 1157 1498 numero
1172 1445 1216 1492 ιιι
1230 1438 1257 1493 ιιι
1271 1453 1371 1510 magno
1386 1446 1416 1493 ιι
1436 1455 1521 1509 parvo

175 1537 300 1592 corpore,
323 1529 353 1576 et
366 1522 495 1577 dividitur
507 1540 558 1594 per
578 1525 662 1578 moles
676 1540 820 1594 corporum
840 1523 993 1593 accipitque
1007 1520 1186 1576 dimensiones
1202 1517 1311 1572 easdem
1325 1534 1385 1572 oum
1398 1536 1519 1590 corpore.

172 1600 318 1674 ltaque
296 1619 320 1656 ιι
349 1602 420 1673 lapis
442 1603 540 1674 aliquis
568 1610 642 1660 eeset
666 1620 738 1674 pone
758 1605 870 1658 Terram
890 1603 996 1674 poeitur
1024 1602 1053 1657 in
1080 1598 1197 1656 notabili
1221 1599 1317 1668 aliqua
1342 1600 1519 1669 proportione

173 1681 372 1752 magnitudinis
394 1684 429 1737 ad
450 1684 547 1738 molem
567 1685 693 1748 Telluris,
715 1691 745 1738 et
765 1700 844 1738 casus
866 1685 986 1746 daretur.
1007 1688 1151 1752 utrumque
1172 1679 1287 1734 liberum
1309 1693 1370 1732 ease
1391 1680 1427 1733 ab
1448 1678 1520 1734 omni

175 1761 231 1816 alio
251 1769 341 1818 motu:
363 1769 429 1818 tuno
449 1781 503 1835 ego
524 1764 583 1818 dico
603 1765 732 1829 ιιιιιιιιιιιι,
754 1771 786 1818 ιιι
802 1759 859 1819 'uon
879 1769 985 1818 tantum
1006 1762 1078 1833 lapis
1100 1763 1135 1818 ad
1155 1761 1267 1814 Terram
1287 1765 1344 1822 eat,
1366 1762 1414 1814 aed
1434 1760 1518 1816 etiam

174 1841 262 1898 Terra
274 1844 310 1898 ad
329 1843 460 1914 lapidem,
481 1844 655 1915 dividentque
675 1843 795 1916 spatium
815 1843 989 1912 interjectum
1009 1841 1037 1896 in
1052 1857 1150 1898 eversa
1168 1838 1346 1912 proportione
1360 1843 1524 1911 ponderum..

174 1921 265 1994 sitque
284 1929 319 1978 ut
337 1927 363 1977 Δ
383 1925 419 1979 ad
438 1924 462 1977 B
483 1940 568 1979 causa
586 1922 680 1988 molis,
706 1925 746 1978 sic
765 1923 810 1978 BG
828 1925 869 1978 ad
893 1924 947 1988 ΟΔ,
969 1929 999 1978 ιι
1019 1924 1039 1978 G
1059 1925 1135 1978 locus
1155 1920 1202 1976 ubi
1305 1969 1343 2018 m
1365 1966 1404 2012 Μ

170 2001 341 2075 jungentur,
363 2003 446 2074 plane
467 2021 502 2058 ea
522 2004 706 2076 proportione,
728 2021 783 2075 qua
802 2010 909 2060 etatera
927 2003 1023 2060 utitur.
1063 2003 1117 2060 Sed
1138 2019 1199 2058 oon·
1343 1997 1350 2010 '
1404 1998 1411 2012 ‘

175 2083 255 2138 trabe
276 2084 350 2138 vela.
384 2084 460 2147 Dixi,
482 2085 506 2138 si
526 2100 544 2139 a
565 2085 656 2155 lapide
674 2100 816 2140 removeas
840 2083 928 2140 animo
949 2083 1110 2140 facultatem
1126 2084 1202 2138 illam
1268 2105 1290 2154 Β
1392 2110 1410 2160 0

170 2162 308 2236 jungendi
328 2163 441 2229 cimilia,
469 2179 655 2220 remansuram
675 2164 703 2220 in
724 2164 816 2235 lapide
836 2181 938 2220 meram
957 2163 1146 2234 impotentiam
1166 2163 1200 2218 ad
1260 2157 1299 2212 θ·
1397 2169 1407 2188 ·
1433 2127 1479 2220 O

172 2245 332 2300 ιιιιιιιιιιιιιιιι
351 2244 447 2299 locum.
489 2245 526 2300 Ut
545 2243 632 2316 igitur
651 2243 702 2298 illa
721 2252 910 2316 expugnetur,
932 2243 959 2298 ιι
979 2251 1009 2299 ιι
1028 2244 1202 2299 contentione

172 2331 312 2380 extrema
331 2339 399 2394 opus
420 2331 471 2380 ιιι.
505 2325 577 2379 Dum
591 2325 798 2396 ergofingimus
812 2325 972 2396 lepidemin
994 2327 1244 2394 adrependeutem,
1265 2337 1398 2392 negamus
1419 2322 1445 2378 ei
1465 2322 1518 2378 vim

178 2403 361 2478 conjungendi
375 2403 482 2469 similia,
496 2404 549 2459 boe
562 2411 606 2460 ιιι
619 2405 795 2476 gravitatem,
810 2411 840 2459 et
853 2411 946 2460 tamen
959 2420 1020 2460 eam
1034 2405 1087 2459 vim
1101 2406 1203 2458 Terrae
1217 2401 1244 2457 in
1258 2402 1376 2472 lapidem
1388 2403 1517 2476 relinqui·

176 2501 246 2540 mus.
281 2486 350 2540 Erto
370 2484 422 2539 hoe
435 2485 483 2548 ita.
499 2486 619 2558 quamvis
632 2503 663 2540 re
676 2501 744 2540 vera
756 2486 904 2541 absurdum
917 2485 962 2548 sit,
977 2486 1159 2540 tantummodo
1173 2491 1205 2538 ut
1217 2482 1296 2536 nobis
1309 2499 1389 2538 casue
1404 2491 1518 2542 constet.

175 2566 302 2620 Habebit
314 2564 400 2636 igitur
419 2566 552 2635 pendulus
573 2566 625 2620 iste
646 2566 717 2637 lapis
739 2567 828 2623 adbrm
847 2566 901 2620 vim
921 2565 1075 2638 quiescendi
1095 2564 1123 2618 iu
1143 2564 1274 2628 conloco,
1295 2579 1332 2617 ea
1349 2565 1519 2637 repugnabit

175 2645 273 2700 virtuti
287 2644 406 2699 Telluris
429 2645 651 2702 circumacturae.
683 2647 730 2702 Ex
749 2662 846 2718 pugna
863 2647 1045 2702 materialium
1065 2649 1094 2700 et
1112 2659 1302 2714 corporearum
1318 2646 1518 2715 proprietatum

175 2727 226 2780 aet
238 2725 393 2796 permixtio,
408 2731 440 2780 ut
453 2725 594 2797 quaelibet
607 2725 732 2781 vincatur
745 2733 776 2781 et
794 2727 887 2782 vincat
899 2727 953 2782 ιιιιι
967 2740 1198 2796 suamoorporum
1211 2724 1394 2796 proportione.
1420 2727 1517 2797 ltaque

165 2805 240 2860 ,ιιιιιι
253 2805 396 2870 anteitur,
418 2807 489 2877 quod
502 2805 558 2861 dixi
572 2823 615 2860 me
636 2805 823 2870 indicaturum,
844 2806 1063 2877 impedimentum
1077 2821 1183 2875 nempe,
1204 2821 1256 2876 quo
1276 2804 1363 2860 minue
1382 2807 1516 2876 pendulus

174 2885 331 2956 hujusmodi
351 2886 423 2957 lapis
444 2885 640 2958 perfectissime
654 2886 730 2957 sequi
744 2887 831 2957 possit
845 2886 1059 2941 circularitatem
1071 2885 1196 2942 Telluris.
1229 2888 1321 2956 Atque
1334 2885 1386 2939 boo
1404 2885 1516 2956 impedi·

174 2973 296 3021 mentum
321 2972 366 3021 eat
389 2966 565 3020 verissimum.
609 2966 701 3028 Quare
725 2965 786 3036 jam
811 2967 981 3020 destruamus
1002 2981 1093 3020 casum
1120 2973 1242 3020 nostrum
1270 2964 1393 3018 actuum
1413 2972 1442 3019 et
1461 2966 1517 3020 sint

174 3047 244 3101 illae
258 3047 349 3101 lineae
364 3062 382 3100 a
395 3047 537 3116 superficie
557 3047 658 3100 Terrae
678 3045 707 3100 in
727 3045 846 3117 lapidem
865 3049 1008 3100 ιιιιιιιιιιιι
1022 3061 1077 3099 nou
1096 3051 1202 3100 tautum
1216 3051 1249 3098 ιιι
1267 3043 1364 3108 fulcra,
1384 3047 1432 3098 sed
1451 3061 1516 3100 rere

145 3172 150 3183 .
175 3127 204 3181 id
225 3129 298 3199 quod
316 3143 367 3197 per
386 3132 514 3182 naturam
534 3127 612 3181 nobis
632 3126 777 3191 indicatur,
799 3143 896 3196 nempe
915 3125 1004 3181 instar
1023 3140 1166 3180 nervorum
1186 3123 1405 3188 mnsbsimorum,
1426 3123 1465 3178 cic
1485 3131 1517 3178 ut

174 3207 250 3277 lapis
270 3205 324 3262 iste
345 3207 384 3260 sit
405 3205 433 3261 in
454 3213 518 3261 ectu
538 3208 682 3261 descensus
711 3207 746 3260 ad
773 3205 941 3276 superficiem
961 3212 991 3260 et
1011 3211 1133 3261 centrum
1153 3205 1270 3260 Terrae:
1298 3203 1370 3268 dico,
1398 3211 1513 3274 propter

175 3289 250 3342 banc
277 3286 468 3357 impotentiam
488 3289 524 3341 ad
542 3294 644 3342 motum
664 3287 771 3342 omnino
791 3287 924 3350 ιιιιιιιιιιιι,
954 3293 986 3340 ιιι
1009 3283 1082 3354 lapis
1110 3284 1155 3339 bic
1181 3285 1209 3340 in
1235 3285 1366 3340 ιιιιιιιιιιι
1392 3285 1514 3340 nonnihil

175 3369 291 3422 aberret
310 3383 328 3421 o
348 3367 541 3438 perpendiculo
561 3385 597 3422 ex
618 3375 712 3422 nentm
733 3368 834 3422 Terrae
863 3383 914 3437 per
934 3363 1102 3436 superficiem
1122 3365 1150 3420 in
1170 3371 1292 3420 cantuum
1311 3363 1411 3434 lapidis
1431 3367 1512 3420 ducto

174 3454 208 3502 et
227 3447 266 3502 eie
279 3448 366 3502 Terra
386 3448 423 3502 ab
443 3463 542 3502 occasu
563 3447 591 3502 in
611 3455 699 3503 ortum
719 3453 810 3512 eunte,
832 3445 931 3517 lapidis
950 3445 1172 3516 perpendiculum
1191 3444 1328 3515 paulatim
1347 3443 1375 3498 iu
1389 3445 1512 3502 occiden-

175 3527 251 3582 tales
272 3527 424 3599 superficiei
443 3535 538 3598 partes
559 3528 697 3582 deveniet:
719 3545 769 3583 uec
790 3528 901 3582 Terram
922 3525 1070 3581 omnimode
1090 3532 1229 3596 sequetur,
1251 3527 1299 3580 sed
1318 3527 1355 3580 ab
1375 3541 1412 3580 ea
1430 3528 1512 3582 relin-

176 3615 286 3680 quetur.
327 3608 423 3664 Habes
443 3623 569 3671 causam,
599 3625 648 3662 cur
666 3608 738 3678 lapis
757 3624 811 3662 nou
831 3608 932 3662 debeat
959 3606 1036 3678 sequi
1057 3606 1184 3669 Terram,
1214 3606 1323 3677 qualem
1343 3612 1373 3662 tu
1393 3608 1428 3660 ad
1447 3614 1513 3662 tuae

176 3688 334 3742 sententiae
355 3687 582 3743 confirmationem
603 3705 658 3742 nou
676 3687 792 3758 potuieti
812 3688 908 3743 dicere.
932 3687 1021 3741 'Audi
1040 3703 1113 3740 nunc
1132 3687 1303 3744 solutionem.
1336 3687 1439 3743 Verum
1458 3696 1510 3754 est,

176 3769 201 3823 si
222 3767 294 3838 lapis
314 3768 432 3824 notabili
459 3768 605 3823 intervallo
626 3784 644 3821 a
664 3767 750 3822 Terra
770 3767 897 3831 distaret,
928 3767 986 3822 {ore
1012 3773 1045 3822 ut
1063 3765 1116 3820 hoe
1135 3767 1251 3826 accidat
1290 3770 1330 3820 At
1353 3784 1424 3822 nuno
1449 3775 1514 3824 suat

176 3848 237 3906 860
258 3848 387 3903 milliaria
406 3865 425 3903 a
445 3855 537 3903 centro
558 3849 594 3902 ad
614 3847 791 3918 superficiem,
812 3856 842 3905 et
860 3864 925 3903 vero
946 3847 1024 3902 nulla
1043 3846 1101 3901 avis
1122 3852 1177 3902 tam
1197 3849 1255 3904 alte
1274 3847 1365 3913 volat,
1387 3852 1419 3901 ιιι
1437 3848 1512 3904 dimi·

175 3928 252 3982 dbrm
282 3930 361 3983 unius
389 3928 513 3984 milliaris
542 3928 617 3983 absit
645 3943 663 3982 a
691 3929 763 3992 colo;
793 3945 860 3982 sane
889 3926 954 3998 quie
980 3925 1008 3982 in
1034 3926 1147 3982 aethere
1173 3944 1228 3982 uon
1253 3927 1342 4000 magis
1370 3933 1440 3998 apta
1468 3935 1513 3983 est

174 4009 288 4080 volare,
316 4025 398 4081 quam
418 4027 467 4064 nos
487 4009 515 4062 in
535 4013 614 4072 aere,
646 4025 725 4080 quam
745 4008 817 4080 lapis
839 4008 866 4062 in
886 4023 959 4078 aque
978 4013 1061 4076 aptus
1081 4013 1125 4060 ιιι
1143 4014 1251 4064 namne.
1291 4007 1449 4062 Confessum
1468 4013 1513 4063 est

175 4095 284 4153 autem,
315 4090 389 4144 aerio
409 4087 579 4144 altitudinem
600 4104 653 4142 non
673 4090 806 4143 excedere
827 4087 961 4142 dimidium
988 4086 1121 4142 milliaria.
1161 4088 1200 4142 Et
1225 4087 1315 4142 vidisti
1343 4095 1374 4142 tu
1393 4104 1512 4161 unquam

175 4169 297 4240 lapidem
309 4171 356 4224 rel
369 4170 481 4241 globum
501 4175 582 4224 tenta
595 4169 739 4224 altitudine
754 4168 929 4232 decidentem,
951 4173 1080 4238 quantum
1094 4183 1159 4222 ares
1173 4175 1355 4240 asmqnuutur
1374 4169 1511 4224 volando?

175 4251 255 4322 Ergo
275 4259 336 4306 esto
357 4250 428 4320 lapis
444 4249 504 4319 jam
525 4248 696 4320 quantumvis
725 4248 886 4312 altissimae,
914 4247 960 4318 qui
989 4247 1030 4302 bis
1050 4245 1195 4304 millesima
1221 4256 1301 4320 parte
1325 4247 1511 4304 eimidiemetri

176 4331 296 4386 Telluris
318 4348 337 4386 a
357 4330 497 4401 superficie
518 4329 600 4394 absit,
621 4335 704 4400 atque
724 4329 748 4383 is
769 4335 853 4400 quota
872 4343 937 4398 pars
957 4332 1001 4382 ιιι
1019 4327 1139 4398 corporis
1157 4329 1282 4395 Telluris,
1302 4335 1334 4383 ut
1347 4327 1407 4398 ejus
1426 4328 1510 4400 perti·

176 4411 259 4466 naoia
278 4410 434 4482 quiescendi
455 4412 570 4480 deroget
598 4408 694 4463 virtuti
714 4408 830 4464 Telluris
859 4410 895 4462 ad
923 4409 1102 4462 movendum?
1141 4409 1212 4464 Inito
1240 4409 1374 4464 rationem
1402 4409 1509 4474 calculi,

176 4498 286 4562 tempus
307 4491 456 4546 dmumera
497 4491 601 4559 Nempe
621 4489 650 4543 in
671 4504 728 4543 une
746 4489 817 4543 bora
836 4491 870 4544 de
890 4488 1000 4542 Tellure
1019 4493 1086 4542 eunt
1106 4487 1163 4544 225
1183 4489 1313 4545 milliaria
1336 4489 1387 4544 sub
1407 4505 1509 4562 aequa·

176 4577 252 4636 tore,
274 4574 323 4627 sed
344 4578 409 4626 runt
436 4570 464 4626 in
484 4569 597 4625 aethere
618 4567 767 4638 composito
787 4576 862 4624 motu
885 4569 936 4622 sub
962 4575 1111 4640 aequatore
1130 4568 1157 4622 in
1186 4569 1275 4624 media
1293 4573 1373 4625 nocte
1398 4571 1510 4626 millam

177 4651 307 4708 milliaria
320 4650 492 4721 trajicienda
514 4656 544 4706 et
563 4649 591 4703 ιιι
604 4665 658 4703 uuo
672 4651 797 4712 secundo,
819 4665 930 4720 quonum
952 4648 981 4702 in
994 4649 1064 4704 bora
1077 4655 1141 4702 sunt
1154 4648 1240 4716 3600,
1260 4665 1325 4721 pars
1341 4653 1397 4723 eq„
1411 4651 1458 4708 vel
1478 4654 1507 4722 Ἰ,

177 4731 235 4788 {ere
255 4732 338 4787 nnius
358 4730 490 4786 milliaris.
530 4731 626 4800 ltaque
646 4736 731 4800 quota
750 4745 815 4800 pars
835 4736 879 4784 ιιι
898 4728 969 4798 lapis
989 4730 1023 4784 de
1043 4743 1155 4797 corpore
1175 4729 1301 4796 Telluris,
1322 4737 1403 4787 ιιιιιι
1421 4731 1508 4802 parti-

177 4813 240 4868 cula
260 4815 296 4868 de
315 4809 392 4866 mille
412 4811 539 4880 passibus
557 4809 647 4864 deerit
665 4809 693 4864 in
713 4809 838 4881 qualibet
862 4807 1052 4864 verberatione
1072 4807 1167 4878 pnlsue
1189 4807 1271 4881 (quae
1297 4812 1408 4867 metitur
1426 4828 1509 4868 uuum

175 4895 325 4950 secundum
346 4884 500 4960 temporis),
521 4883 577 4962 quo¹
593 4889 680 4945 minus
701 4889 772 4960 lapis
785 4889 889 4945 recidat
908 4888 937 4943 iu
955 4886 1184 4960 perpendiculum,
1204 4892 1275 4947 unde
1294 4889 1348 4947 tuit
1366 4891 1508 4964 perpendi·
