3640 5538
765 285 927 364 mrim
1451 297 1514 372 521

176 467 243 532 dem
272 467 366 531 otiam
392 467 503 534 oresoit
524 489 639 534 summa
661 490 699 536 ex
721 423 984 540 semimuoronibus
1011 476 1133 542 umbrae
1156 479 1267 542 Terrae
1296 495 1391 563 exque
1412 484 1535 564 paral·‘

177 555 297 620 luxibus
321 555 403 625 Solis
426 558 563 642 utrinque
586 561 724 625 collecta

699 669 932 732 Theorema
952 669 1000 734 11.

173 751 344 833 Angulus
380 753 630 834 parallaxeos
661 757 789 838 puncti
822 759 1028 840 cujuslibet
1063 759 1097 824 iu
1132 778 1320 841 supremo
1352 767 1520 847 margine

175 842 326 923 umbrae
359 843 501 906 Terrae
531 843 567 906 in
595 846 790 910 horizonte
827 847 980 928 positae
1016 858 1158 932 aequat
1192 853 1374 932 angulum
1403 874 1518 938 appa-

174 931 295 995 rentis
336 932 608 998 semidiametri
643 935 791 998 umbrae
814 937 964 1012 Terrae,
1003 957 1092 1018 qnae
1129 940 1426 1007 semidiameter
1462 957 1520 1008 est

174 1021 269 1102 apud
304 1019 402 1084 illud
437 1032 630 1102 punctum,
669 1032 705 1087 et
738 1025 909 1106 angulum
941 1026 1088 1090 dimidii
1126 1030 1314 1094 mucronis
1349 1032 1516 1096 umbrae

565 1161 568 1168 .
673 1115 1002 1194 Terraejuuotoe.

260 1199 296 1264 In
319 1199 432 1262 schem.
454 1199 546 1281 priori
569 1209 702 1264 sumatur
729 1202 825 1266 lineae
847 1201 903 1268 Ec
925 1213 1066 1286 punctum
1255 1205 1308 1272 lug.
1330 1205 1353 1256 ¹·

171 1287 212 1364 F,
243 1307 361 1370 exque
393 1289 557 1354 descendat
583 1290 613 1352 iu
636 1290 691 1356 Bc
720 1292 975 1374 perpendicularis
997 1291 1065 1366 FG,

172 1387 204 1441 et
235 1386 450 1442 connectantur
480 1379 506 1441 F
536 1381 651 1444 oumB
682 1388 713 1442 et
741 1378 771 1443 G
798 1400 864 1444 oum
886 1381 924 1444 Ε.
969 1382 1067 1464 Igitur

172 1467 201 1530 iu
225 1471 261 1538 Δ
275 1466 366 1545 FBO,
389 1469 534 1550 producto
558 1469 652 1532 latere
673 1468 734 1546 CF,
758 1470 816 1534 erit
839 1471 968 1534 exterior
985 1470 1066 1534 EFB

172 1557 307 1638 aequalis
326 1558 516 1621 interioribus
535 1567 566 1620 et
580 1558 728 1639 oppositis
743 1558 833 1634 FBO,
848 1561 872 1622 F
874 1559 926 1626 CB
940 1560 1065 1640 junctis.

171 1645 234 1710 Sed
257 1647 383 1728 angulus
405 1645 485 1709 ΕΓΒ
509 1645 639 1710 etEGB
663 1656 734 1711 sunt
757 1648 796 1710 ad
819 1667 934 1712 omnem
958 1670 1067 1713 sensus

172 1735 371 1800 subtilitatem
393 1735 545 1816 aequales.
584 1735 685 1809 Quare
713 1737 804 1800 etiam
826 1735 913 1800 EGB
930 1762 969 1793 =
985 1738 1066 1804 EOB
1096 1758 1112 1796 u

170 1823 214 1906 -l-
239 1823 329 1889 GBF.
366 1823 426 1886 Est
447 1843 518 1886 vero
537 1825 615 1888 EFB
638 1824 753 1902 (EGB)
776 1827 941 1908 parallaxis
964 1826 1066 1910 puncti
1128 1864 1129 1875 κ

169 1915 197 1977 F
223 1913 253 1977 iu
276 1932 414 1995 supremo
443 1913 587 1994 margine.
607 1916 729 1978 umbrae
759 1915 883 1979 orientis
911 1917 959 1978 vel
983 1917 1065 1980 oooi-

171 2003 290 2080 dentis,
323 2004 393 2087 quia
415 2003 467 2065 FE
499 2003 599 2085 tangit
631 2023 758 2086 corpora
780 2005 909 2067 Telluris
932 2015 964 2068 et
986 2005 1067 2072 Solis

141 2093 201 2157 'iu
223 2091 259 2164 Ε,
282 2093 321 2167 D,
350 2101 385 2156 ut
406 2092 452 2154 ita
482 2093 548 2156 risu
575 2093 603 2154 lu
626 2093 654 2156 E
684 2095 783 2174 posito
814 2095 919 2157 eadem
944 2093 997 2160 FE
1026 2095 1067 2158 sit

170 2181 308 2257 horizon3
347 2191 380 2244 et
409 2178 508 2256 FBO,
544 2182 574 2246 lu
608 2201 634 2244 e.
671 2181 755 2248 FBG
787 2191 835 2245 est
868 2185 995 2264 angulus
1036 2185 1066 2246 in

170 2279 273 2335 centro
293 2270 405 2334 Terrae
428 2271 839 2350 apparentis-semidiametri
861 2272 983 2336 umbrae
998 2269 1065 2350 ΡΘ,

168 2379 224 2444 per
250 2370 391 2442 puuctum
421 2361 447 2424 F
479 2360 602 2436 duotae;
634 2361 713 2424 siout
742 2359 828 2425 FEG
858 2370 906 2424 est
938 2363 1076 2444 angulus·

169 2450 304 2532 ejusdem
323 2447 445 2513 umbrae
469 2467 505 2511 ex
521 2449 547 2511 Ε
562 2457 672 2530 puncto
695 2450 859 2514 horizontis
877 2443 971 2526 iisse,
997 2469 1064 2516 rur-

105 2543 107 2548 '
168 2540 302 2624 eumad
339 2557 456 2601 ornnem
494 2558 614 2602 sensum
651 2539 786 2620 aequalis
823 2541 932 2619 angulo
968 2538 1064 2604 FBG.

166 2627 303 2710 Denique
333 2625 430 2704 Fen,
464 2627 495 2689 irl
524 2635 572 2690 est
602 2627 688 2693 ΕΟΒ·
716 2637 763 2691 est
793 2628 920 2710 angulus
949 2629 1065 2692 dimidii

166 2717 315 2781 mucronis
338 2716 470 2793 umbrae,
508 2735 535 2800 q.
559 2735 585 2778 e.
609 2717 639 2779 d.

253 2806 411 2870 Breviter:
435 2805 604 2870 Parallaxis
619 2807 723 2868 Lunae
742 2805 939 2870 horizontalis
953 2814 1064 2888 aequat
1174 2801 1177 2808 ’

165 2895 419 2960 semidiametrum
444 2896 567 2959 umbrae
582 2893 694 2957 'lemae
709 2903 741 2957 et
754 2895 887 2976 ejusdem
910 2893 1063 2958 dimidium

163 2973 336 3050 mueroner'n
355 2985 489 3067 junctos.

472 3109 679 3172 Tbeorema
701 3105 759 3170 111.
825 3147 829 3156 =

162 3215 325 3278 Jnnotae
357 3216 576 3298 parallaxes
600 3212 708 3276 Solis
739 3220 775 3275 et
805 3213 930 3294 puncti
959 3209 1063 3290 certi

163 3305 209 3367 de
232 3305 382 3368 umbrae
405 3305 539 3388 Terrae
563 3304 600 3366 in
623 3303 822 3366 horizonte
845 3302 1059 3383 positorum,

160 3396 339 3476 aequales
368 3402 456 3457 sunt
478 3392 770 3456 semidiametris
794 3389 898 3454 Solis
923 3397 1059 3454 sturn-

161 3483 251 3547 brae
274 3485 428 3560 Terrae,
449 3484 566 3566 -apud
597 3482 633 3546 id
662 3489 840 3563 punctum
867 3498 1056 3561 appareu-

456 3573 576 3638 tibus.
597 3570 755 3652 juuotis.

248 3661 283 3724 Iu
298 3661 461 3737 sobemate,
476 3661 547 3744 quia
559 3661 646 3724 DBA
660 3660 707 3721 vel
722 3658 819 3735 DEA,
834 3656 1055 3724 semidiameter

158 3751 256 3827 Solis,
275 3753 372 3833 major
387 3760 436 3814 est
450 3769 537 3832 quam
552 3749 644 3824 Bne,
669 3748 834 3830 parallaais
849 3747 941 3824 Solis,
956 3767 1052 3829 quau·

157 3841 249 3906 tituto
281 3841 381 3923 anguli
420 3839 502 3904 Bou
539 3839 605 3920 (qui
638 3848 688 3900 est
725 3837 901 3900 semimuoro
929 3837 1052 3900 umbrae

156 3930 286 4006 Terrae,
330 3929 403 3994 Sole
432 3930 462 3992 iu
490 3930 521 3992 A
550 3927 665 4009 posito)
691 3944 746 4008 per
774 3926 929 3990 tireorerna
949 3927 991 4000 1..
1020 3935 1052 3993 et

155 4018 242 4084 FBG
270 4020 319 4083 vel
340 4017 425 4083 FEG
451 4017 689 4093 (semidiameter
718 4015 843 4078 umbrae
865 4015 895 4078 in
918 4016 1050 4080 transitu

154 4109 261 4173 Lunae
293 4105 365 4183 ΡΘ)
402 4116 451 4170 est
486 4107 582 4170 minor
620 4125 708 4188 quam
744 4103 843 4174 Ere,
885 4105 1050 4187 parallaxis
1090 4119 1092 4124 ·

153 4198 260 4262 Lunae
273 4197 482 4262 ·boriaoutalis
508 4197 538 4260 iu
557 4205 667 4277 puncto
687 4195 722 4269 F,
755 4193 861 4257 eadem
880 4194 1048 4276 quantitate

153 4286 256 4370 anguli
279 4286 361 4352 Bou
373 4305 436 4374 ⁸per
455 4287 609 4348 theorema
622 4285 668 4359 11,
692 4283 772 4348 illius
793 4283 885 4364 igitur
903 4301 1045 4348 exeamus

153 4386 187 4440 et
200 4377 289 4460 burins
310 4378 446 4442 delectus
464 4383 535 4438 sunt
552 4374 704 4456 aequales.
739 4371 843 4434 Junoti
863 4390 934 4453 ergo
947 4371 1045 4448 Des,

152 4463 239 4532 FEG
261 4475 333 4530 sunt
355 4466 495 4548 aequales
514 4463 627 4546 janctis
648 4461 743 4537 Bne,
765 4460 855 4537 EFB,
879 4481 908 4544 q.
933 4482 959 4526 e.
983 4462 1013 4525 d.

680 4565 901 4632 Problema
923 4570 965 4634 11.

150 4664 271 4729 Datis
286 4661 551 4744 parallaxibus
565 4657 800 4723 luminarium
823 4657 1131 4732 horizontalibus
1150 4661 1490 4751 etsomidiametro

303 4751 406 4818 Solis
437 4758 640 4833 apparente
662 4749 834 4811 inveniro
855 4749 1173 4823 semidiametrum
1197 4763 1343 4835 Terrae.
1434 4821 1437 4828 .

235 4845 268 4910 A
298 4860 416 4909 summa
441 4839 640 4923 parallaxiurn
674 4835 758 4902 Solis
786 4846 818 4900 et
844 4835 949 4904 Lunae
977 4842 1217 4948 horuontaliun
1232 4856 1319 4921 uniar
1341 4861 1487 4929 umus·
