3582 5558
652 293 806 360 Argumenta
827 295 948 360 Cupitum.
1409 295 1471 360 163

190 469 269 537 (lsp.
293 471 378 524 XIX.
417 469 446 534 1)
469 473 522 524 iltsi
548 473 670 522 hsetenus
694 473 802 524 efficium
826 474 888 524 lecit
904 475 1045 539 hypothesis
1063 476 1164 526 invente
1182 475 1207 524 in
1224 479 1293 526 motu
1303 475 1469 540 longitudinis

116 544 178 594 eires
195 541 268 594 Setis*
282 545 438 612 oppositum,
457 545 647 600 demonstretur,
666 557 723 594 enm
741 550 825 594 temen
844 545 952 595 efficium
970 561 1018 596 nou
1038 548 1120 596 fecere
1138 549 1164 596 in
1177 553 1245 596 rnotu
1258 546 1473 598 istitudiuiseires

117 610 175 666 eutr
196 619 354 680 oppositum·
402 613 429 678 2)
456 615 648 668 Demonstrstur
672 623 768 676 sutem,
796 631 876 680 neque
900 617 1059 668 Brshcunsur
1084 618 1191 668 oiiieinm
1218 618 1258 668 hic
1281 620 1377 674 insere,
1400 619 1472 681 idque

119 695 248 752 unumque
267 689 296 738 iu
315 689 398 738 iorrne
416 687 594 751 Goperniesns.
633 684 664 748 3)
686 687 756 738 Idem
780 690 809 738 in
832 689 910 738 iorms
927 689 1099 752 hypothesium
1116 689 1270 740 Ptolemaios
1287 697 1313 740 et
1330 689 1472 740 Brsheeus.

118 755 146 819 1)
170 757 335 816 Ostenditur,
356 774 462 810 errorem
487 760 559 810 uiros
576 758 720 810 latitudines
743 760 769 810 in
788 774 817 810 eo
836 774 905 818 esse,
933 761 998 824 qnod
1023 776 1072 810 non
1090 761 1163 810 tuerit
1180 762 1275 811 hisects
1293 761 1471 812 euoentrioitus.

119 827 148 891 5)
176 832 213 880 At
241 832 264 882 si
292 832 419 883 hiseoetur
446 831 633 888 eccentrieitus,
671 838 731 882 tunc
757 829 905 894 hypotheses
931 832 1047 882 eberrere
1076 833 1102 882 iu
1129 832 1288 899 longitudinis
1314 839 1390 890 mutu
1436 831 1473 882 lix

118 901 207 966 quihus
233 915 316 954 osnes
341 901 446 968 psteht.
474 916 539 968 quse
565 917 606 952 rue
632 901 756 966 impulerit
783 909 811 954 ut
835 902 938 954 desertis
955 904 1077 954 veteribus
1095 903 1236 969 diligentius
1255 918 1327 970 super
1344 901 1383 954 his
1401 904 1472 952 rebus

117 987 276 1039 mmm·
831 997 837 1008 ¹
1262 1019 1270 1038 e

205 1044 283 1109 Csp·
303 1043 361 1096 XX.
399 1041 427 1107 1)
451 1045 486 1096 Ut
503 1044 577 1109 priori
595 1045 678 1108 espite
696 1050 849 1108 permotum
866 1045 1004 1096 latitudiuis
1022 1047 1089 1096 circe
1107 1043 1171 1096 Solis
1189 1048 1334 1111 oppositum,
1353 1045 1389 1096 eie
1407 1059 1473 1096 nuuc

117 1130 160 1180 per
186 1121 286 1166 nsokun
315 1116 475 1181 longitudinis
505 1122 576 1166 estre
605 1115 742 1180 oppositum
770 1115 833 1166 Solis
862 1119 960 1168 emerim
979 1118 1130 1168 convincitur
1159 1117 1223 1168 haec
1247 1131 1306 1168 mee
1322 1117 1472 1182 hypothesis.

117 1183 146 1246 2)
174 1186 219 1238 Sic
245 1195 274 1240 et
291 1185 434 1249 Brshesns,
453 1187 534 1240 medio
553 1187 616 1236 Solis
638 1188 716 1236 motui
738 1188 830 1238 inuisa.
869 1185 897 1247 3)
923 1188 1106 1238 Demonstratio
1132 1189 1269 1252 spplicstur
1287 1189 1363 1238 etiem
1381 1187 1473 1248 icrmee

116 1265 232 1310 motuum
254 1259 424 1310 l’toiemsiese
451 1267 478 1310 et
499 1258 656 1310 Brehesnse.
700 1255 730 1319 1)
755 1258 855 1324 Digitus
881 1260 1017 1310 intenditur
1042 1261 1075 1312 sd
1100 1261 1181 1310 tontes
1199 1275 1307 1310 errorum
1326 1266 1351 1310 et
1369 1260 1402 1309 ed
1420 1274 1472 1308 eor·

117 1331 237 1382 teudonis
262 1330 372 1380 modum.
409 1328 436 1392 d)
459 1331 634 1380 Protheorems
657 1330 814 1394 interficitur,
839 1330 924 1396 queles
949 1331 1031 1382 lineee
1048 1333 1073 1382 iu
1092 1332 1166 1396 pinno
1192 1331 1320 1396 eclipsim?
1348 1332 1399 1380 siut
1416 1331 1471 1380 sub·

116 1401 266 1468 stimmdse
294 1401 366 1452 lineis
393 1401 527 1452 dhtsndm
554 1399 670 1466 plsnetse
697 1415 714 1450 e
732 1400 799 1452 Sole'
816 1403 842 1452 in
866 1403 940 1466 pleno
960 1403 1093 1454 ecoenuici
1110 1404 1236 1467 plaeetne,
1255 1402 1354 1468 quando
1371 1401 1474 1466 pluuete

117 1472 237 1524 hstuerm
255 1473 364 1536 sliquurn
381 1472 545 1524 lsdnduem
1383 1509 1387 1519 .

206 1543 288 1608 (inp.
307 1541 373 1598 XXI.
411 1542 509 1594 (lemno
527 1559 558 1594 ex
577 1545 713 1611 monstris
724 1550 849 1609 petuntur
865 1545 1010 1604 efficientes,
1030 1551 1059 1596 nt
1075 1546 1140 1596 isles
1157 1537 1300 1611 hypothesis
1317 1559 1401 1600 verum
1418 1553 1472 1610 pro-

117 1616 176 1666 dst:
196 1621 225 1667 et
243 1613 390 1672 ostenditur,
409 1623 531 1681 quotenus
549 1616 575 1665 id
588 1615 645 1667 tieri
663 1617 748 1681 possit.

205 1688 292 1752 Atque
309 1685 351 1736 hic
368 1685 425 1737 iinis
442 1688 519 1751 pertis
537 1687 672 1746 monndse,
691 1689 784 1754 inque
802 1693 897 1740 veteres
915 1702 970 1738 suns
988 1688 1106 1740 imitatus.

657 1828 833 1904 PARS
879 1831 970 1894 ΙΙΙ.Ι

208 1927 290 1998 Cup
309 1933 388 1984 XXII.
424 1931 485 1984 hies
500 1935 577 2000 Igitur
593 1935 709 1986 methodo
726 1950 792 1996 usus,
817 1943 897 1987 totum
915 1937 1042 2003 negotium
1060 1936 1090 1986 de
1108 1950 1170 1986 noro
1188 1937 1278 2000 incipIo
1296 1950 1346 1985 nou
1365 1935 1475 1999 aprime

114 2007 162 2058 sed
187 2019 205 2057 s
224 2005 340 2056 secunde
356 2002 543 2070 lneequslitnte.
580 2006 613 2056 Et
631 2004 660 2068 1)
679 2007 831 2072 explicentur
848 2011 1006 2063 occurissem
1031 2007 1118 2073 quibus
1135 2008 1263 2058 inciderim
1280 2009 1305 2057 iu
1324 2007 1475 2072 suspiciones

116 2081 149 2130 de
174 2085 304 2142 amunte
323 2075 414 2128 circulo
432 2077 457 2126 in
475 2077 572 2127 theosin
583 2075 647 2127 Sohs
665 2085 794 2144 rogueote.
832 2077 860 2140 ⁰2)
880 2080 1029 2130 Demonstro
1048 2081 1073 2128 ln
1091 2079 1168 2128 trihus
1186 2078 1358 2145 hypodresinm
1376 2079 1473 2128 iormise

118 2151 203 2214 posite
224 2155 351 2214 seuuemo
370 2145 447 2212 (quod
464 2149 522 2198 mihi
540 2147 678 2212 piscehst),
696 2151 772 2202 videri
790 2151 873 2200 orbem
891 2165 1008 2218 mspnum
1027 2148 1475 2215 (oeurnteuscoeprcycrorlmgerr
1500 2204 1502 2210 ¹

116 2230 145 2272 et
165 2221 262 2278 minui,
287 2220 353 2285 quod
376 2219 490 2270 Brshens
507 2221 644 2271 smerehst.
681 2219 709 2282 3)
728 2222 843 2272 Truditur
860 2223 990 2288 methodus
1008 2222 1191 2272 ohservationes
1208 2222 1312 2272 idonens
1328 2219 1474 2284 inquirendi,

117 2309 150 2342 ss
169 2293 261 2358 qrrihns
280 2305 393 2356 sequens
410 2293 458 2340 itte
476 2291 599 2355 probetur.
636 2288 665 2358 4)
684 2292 875 2344 Demonstretur
891 2309 930 2344 res
948 2295 1003 2359 ipss
1020 2309 1051 2343 ex
1069 2292 1164 2343 dushm
1182 2289 1280 2343 selectis
1298 2292 1474 2342 ohserrstioui·

115 2366 162 2414 hus
191 2370 220 2414 et
237 2363 368 2428 mpposits
384 2363 705 2422 restitntIone'Brshesus,
725 2379 788 2430 quse
806 2366 887 2416 medio
905 2365 968 2416 Solle
986 2366 1066 2414 motui
1080 2365 1198 2414 inuititur.

190 2432 287 2498 acsp.
307 2433 399 2484 xxr11.
436 2433 546 2484 Inventis
575 2436 692 2500 superiori
720 2437 802 2500 espIte
826 2437 926 2486 duorum
945 2435 971 2486 in
990 2436 1089 2500 sodieco
1108 2436 1216 2486 locorum
1233 2434 1357 2485 distantiis
1377 2431 1476 2483 Soliss

116 2507 197 2556 Tem
217 2511 245 2555 et
268 2505 388 2568 ediuncto
406 2505 460 2556 lone
478 2507 584 2571 spogsei
603 2507 667 2562 Solis
685 2517 730 2558 s'eu
749 2507 966 2568 schutterense,
992 2508 1201 2558 demonstratione
1226 2506 1379 2572 geometrice
1387 2505 1475 2568 'inpri-

115 2579 180 2628 ritsr
195 2585 224 2628 et
242 2577 418 2628 eeceorneitss
436 2577 521 2628 urent
538 2576 602 2627 Solis
620 2578 658 2628 rel
676 2578 783 2637 Tenue,
813 2580 854 2644 qui
872 2579 995 2643 perlectus
1013 2581 1217 2646 prnepuppouitur
1235 2592 1297 2628 esse.
1413 2587 1417 2598 ·

209 2648 284 2712 cup.
303 2647 394 2698 XXIV.
424 2646 616 2698 Demonstrstnr
633 2649 699 2699 idem
717 2651 782 2714 quod
801 2665 855 2714 esp.
875 2649 954 2700 ml.
973 2651 1017 2700 sed
1040 2645 1249 2720 observetionihus
1269 2653 1374 2713 quotuor
1396 2647 1476 2712 megin

115 2721 258 2784 meso
277 2719 376 2775 nblstis,
395 2732 459 2784 quse
476 2725 561 2770 tenten
579 2719 688 2772 Mentem
704 2722 842 2772 hebent-in
861 2722 948 2772 eodem
966 2721 1098 2792 ecceutrici
1116 2722 1183 2772 loeo:
1202 2727 1298 2785 purtem
1316 2717 1411 2770 scilicet
1430 2717 1476 2768 sii-

115 2801 192 2856 qun
221 2793 255 2842 de
275 2790 338 2842 Sulis
366 2791 405 2840 rei
423 2790 515 2840 Terrse
541 2793 728 2844 eooentrioltete
750 2791 862 2843 'dsndsm
888 2795 1005 2856 sequuti
1031 2792 1134 2843 ctroulor
1160 2791 1234 2856 idque
1259 2791 1336 2842 etism
1353 2791 1380 2840 in
1398 2789 1476 2840 tribus

116 2864 202 2912 lsrnr'·
221 2861 396 2927 hypothesium
413 2865 478 2911 inter
494 2875 524 2912 te
540 2865 706 2928 comparetis:
725 2871 802 2930 stqne
821 2867 898 2915 etism
915 2865 1042 2929 supponite
1054 2865 1209 2914 mutumne
1221 2861 1476 2914 Brshesnsmetuum

116 2933 217 2994 Iisrfls,
237 2947 303 3000 quse
321 2934 402 2983 medio
421 2931 484 2982 Solis
502 2935 579 2984 motui
595 2935 716 2986 innititur.
988 2987 995 2998 ,

211 3005 290 3070 Cup.
310 3001 389 3058 XXV.
425 3003 536 3058 Inventis
565 3007 640 3072 im'tnr
666 3007 785 3072 superiori
811 3007 894 3072 eapite
920 3008 993 3058 utum
1013 3013 1038 3058 et
1056 3008 1129 3059 trium
1147 3005 1172 3054 iu
1191 3003 1293 3054 sedisne
1311 3003 1420 3055 locorum
1438 3003 1475 3052 di·

115 3077 222 3128 stsntiis
241 3075 307 3128 Solis
327 3075 452 3133 s'Ierrs‚
480 3075 690 3134 demonstretioue
708 3079 874 3144 geometrice,
906 3092 969 3142 quse
992 3078 1052 3128 nihii
1077 3082 1208 3142 prseteree
1232 3075 1347 3139 supponit
1364 3074 1412 3126 ulei
1430 3075 1477 3124 iter

115 3147 232 3212 pertense
251 3147 382 3204 circuiere,
401 3147 529 3211 inquiritur
546 3163 596 3198 non
614 3155 713 3200 uotum
731 3151 904 3200 eeoeutricites
922 3147 1081 3198 oisculiSolie
1099 3147 1137 3197 rei
1155 3147 1247 3196 Terrae
1269 3152 1297 3196 ut
1312 3161 1367 3210 csp.
1385 3143 1476 3194 XXIII.

115 3219 163 3270 ssd
191 3222 273 3272 eh‘asn
296 3219 374 3284 ipsius
402 3221 505 3284 spcgsrn
524 3219 589 3270 Solis
611 3220 649 3270 rel
668 3223 784 3272 contrarii
802 3221 893 3285 ephelii
911 3220 1003 3270 Terrse
1021 3219 1097 3278 locus,
1116 3219 1182 3268 idern
1201 3217 1265 3278 iere,
1285 3219 1326 3293 qui
1345 3231 1361 3266 s
1378 3215 1477 3265 Breheo

116 3299 157 3342 est
185 3291 305 3342 iuvenem
334 3305 366 3340 ex
387 3289 595 3342 ohsersstionibus
618 3290 683 3342 Solis
713 3293 830 3358 propriis,
869 3306 925 3342 curu
956 3292 996 3343 hic
1021 3293 1071 3342 sint
1097 3289 1280 3340 ohservationes
1306 3286 1476 3338 nummumo

215 3432 292 3496 Gsp.
310 3430 402 3481 XXVI.
434 3431 625 3484 Obeemntiones
641 3433 690 3484 hee
708 3439 814 3500 qustuor
833 3447 888 3498 cep.
908 3433 952 3484 IV.
971 3433 1051 3484 medio
1069 3427 1138 3482 motu
1156 3429 1221 3484 Solis
1240 3431 1273 3481 sd
1291 3445 1388 3488 rerum,
1408 3442 1476 3479 ere-

114 3503 251 3556 sn'tuiioue
270 3502 407 3553 Brshesne
425 3503 458 3553 sd
482 3518 565 3554 meum
592 3505 787 3564 treusieruutun
811 3512 837 3555 et
862 3503 985 3571 colligitur
1005 3505 1071 3554 idern
1097 3503 1154 3554 inde
1172 3503 1237 3570 qnod
1255 3501 1311 3566 cepss
1330 3499 1406 3550 XXV.
1444 3500 1477 3549 Et

116 3578 269 3641 proponitur
288 3574 465 3625 demonstrerio
483 3577 509 3625 iu
528 3571 639 3629 omnibus
657 3578 735 3627 tribus
752 3575 924 3642 hypothesium
942 3577 1033 3626 formis.
1063 3611 1067 3622 .

210 3645 285 3710 (inp.
304 3644 409 3695 XXVII.
455 3647 588 3698 Andeciuri
611 3649 687 3698 etiem
710 3649 826 3698 methodo
844 3647 937 3698 nudem
954 3648 1030 3712 plene
1048 3660 1218 3712 praesuppono
1235 3643 1324 3694 Mentis
1341 3641 1474 3692 restitutio·

115 3733 192 3777 mm,
223 3725 252 3768 et
271 3717 387 3767 msumtis
405 3716 459 3767 stis
475 3717 565 3768 Martis
583 3717 806 3781 observationibus,
830 3733 879 3769 uon
904 3721 985 3769 ulnus
1003 3726 1108 3784 quotuor
1125 3719 1161 3767 sio
1180 3716 1328 3780 comparetis
1346 3719 1375 3763 ut
1391 3728 1475 3778 supro,

115 3791 263 3840 dmonstro
285 3803 335 3839 non
359 3793 457 3838 tantum
482 3788 693 3842 eoeentricitstem
712 3789 774 3841 Solis
799 3805 844 3842 seu
860 3791 953 3841 Terrae
974 3797 1000 3840 et
1018 3790 1143 3854 ephellum
1160 3788 1232 3837 simul
1250 3793 1279 3838 nt
1296 3787 1430 3842 hectenus,
1450 3790 1476 3834 et

115 3863 304 3926 prepositorum
329 3860 424 3910 orbium
450 3859 497 3911 hoe
512 3863 647 3915 eeeentrici
665 3861 728 3921 inco,
758 3863 802 3913 sed
830 3864 905 3913 eninm
933 3864 1012 3926 ipsum
1029 3861 1118 3912 Mettis
1142 3859 1225 3910 locuni
1247 3859 1413 3908 eoceutricum
1430 3857 1476 3915 suh

117 3933 181 3992 fixit,
202 3934 246 3998 qni
264 3933 332 3997 putus
349 3934 595 3996 prsesnppouobetnr
612 3947 642 3984 es
660 3927 815 3985 restitutione
833 3936 954 3999 cognitus.
1168 3939 1173 3950 '

209 4001 423 4076 Csp.XXV1II3
460 4003 555 4056 Esdem
579 4005 631 4056 fere
656 3993 871 4057 demonstr‘otionis
897 4005 990 4062 forms,
1025 4005 1070 4055 sed
1095 4008 1207 4053 assumta
1234 3999 1297 4051 Solis
1320 4000 1360 4049 rel
1385 3999 1476 4048 'Ierrse

119 4077 312 4127 mencionem
331 4079 357 4124 et
375 4074 472 4137 spireiio
490 4077 564 4126 toties
579 4079 633 4139 lem
651 4079 826 4142 comprobetis,
853 4077 977 4139 adjunctis
995 4091 1053 4126 reno
1076 4075 1239 4139 compluribus
1257 4069 1475 4126 observationibus,

119 4155 182 4211 puts
199 4147 242 4198 hie
261 4147 377 4213 quinque,
396 4147 433 4195 sic
452 4150 599 4212 comparetis
616 4151 681 4198 iuter
698 4163 726 4198 se
744 4154 772 4198 ut
788 4149 924 4204 haetenusr
944 4148 1089 4205 ostenditur,
1112 4159 1210 4211 semper
1232 4157 1308 4194 unum
1320 4149 1352 4192 ⁴et
1371 4140 1476 4192 eundem

120 4219 218 4283 prodire
233 4219 318 4269 locum
335 4215 425 4266 Mentis
445 4221 622 4278 eceentrlcum,
647 4221 699 4270 lere
717 4227 745 4269 ut
762 4235 817 4284 cup.
836 4217 941 4268 XXVII.
961 4219 1104 4269 Memineris
1123 4215 1260 4274 antemio
1280 4214 1390 4262 omnibns
1402 4225 1474 4276 prse-
1510 4202 1516 4229 ¹

124 4291 270 4340 menibus
287 4291 367 4358 psrtis
386 4287 433 4338 111.
454 4291 575 4352 capitibus
593 4293 756 4355 praesupponi
774 4293 838 4340 viem
857 4291 950 4340 Terrse
969 4291 1105 4354 perfeetum
1124 4288 1258 4342 circulum.
1277 4293 1305 4334 nt
1323 4292 1362 4334 est
1379 4281 1476 4348 quidem

125 4363 156 4412 sd
173 4377 281 4412 numu.
318 4361 387 4412 Nem
412 4365 511 4424 propter
528 4375 629 4426 wem
649 4363 860 4413 eceentrioitetenr
878 4361 969 4425 ellipsis
988 4363 1037 4425 ipsi
1051 4373 1138 4425 pssum
1156 4360 1254 4409 demere
1272 4361 1362 4420 potest.

206 4433 282 4499 th.
300 4432 392 4485 XXIX.
433 4423 535 4482 PonItur
555 4435 709 4484 eceeutricns
733 4435 843 4497 perfecte
867 4433 993 4483 circularis
1012 4437 1038 4481 et
1054 4431 1228 4494 eccentrieitss
1256 4427 1356 4491 cognite
1374 4427 1474 4489 ejusque

128 4505 197 4570 dupin
218 4506 395 4558 ecceutrIcitss
419 4503 507 4566 puncti
525 4505 670 4569 sequetorii.
706 4504 776 4555 'que
794 4505 942 4571 geometrice
961 4520 992 4554 ex
1009 4499 1046 4553 his
1061 4503 1146 4567 positis
1160 4499 1313 4564 inquiruntur
1333 4493 1476 4566 distentius,

131 4579 197 4642 pu'mu
214 4593 328 4646 ηομ.
347 4583 376 4630 et
394 4574 529 4639 perinsus,
552 4577 660 4628 secundo
679 4576 812 4628 distentius
830 4577 855 4624 iu
874 4576 1000 4626 euomniis
1018 4579 1155 4640 ooseqpute
1173 4566 1228 4626 90⁰,
1248 4569 1321 4618 tertio
1341 4567 1475 4620 distentiee

39 4660 45 4727 ¹,
131 4649 230 4719 nilne
273 4651 377 4705 itidem
409 4644 592 4698 demonstretur
619 4655 645 4698 et
671 4647 850 4710 compendium,
873 4659 926 4696 nus
948 4647 1090 4712 operstione
1115 4649 1220 4708 quotuor
1245 4639 1376 4690 distentius
1394 4640 1474 4703 iuqui-

35 4732 44 4767 Ι

124 4727 188 4781 rudi
227 4727 348 4794 Amplius
376 4719 564 4769 demonstretur
585 4725 703 4783 puuctum
726 4719 824 4780 cisonii,
848 4718 913 4781 quod
939 4717 1121 4768 semidismetro
1145 4713 1230 4763 circuli
1254 4712 1332 4762 distet
1355 4713 1474 4794 scediso

118 4801 176 4858 εὴ
211 4803 337 4868 nmque
356 4793 549 4844 demonstretur
566 4797 681 4854 puuctum
700 4788 878 4860 situdleireuli,
896 4790 923 4840 in
940 4803 988 4855 quo
1006 4801 1058 4840 nnn
1074 4800 1130 4851 pers
1149 4783 1303 4849 emundetis
1321 4783 1350 4835 iit
1367 4797 1474 4837 ommum

110 4895 212 4938 ''¹²'‘
1202 4941 1263 4996 11*
