3680 5538
340 1377 393 1452 IN
420 1375 789 1454 COMMENTARIA
815 1375 884 1452 DE
911 1374 1137 1453 MOTIBUS
1164 1377 1353 1456 MARTIS

656 1573 801 1640 NOTAE
822 1569 1030 1639 EDITORIS.

263 2016 291 2081 1)
309 2033 335 2084 p.
354 2015 396 2068 et.
433 2015 541 2069 Tabulae
557 2018 603 2069 leae
622 2019 708 2070 eodem
725 2015 788 2068 torto
810 2022 921 2081 tempore
950 2016 1012 2069 adiit
1029 2016 1165 2084 Keplerua‚
1193 2033 1241 2084 quo
1265 2019 1378 2083 edlunxit
1395 2017 1519 2084 'dyohoma

173 2091 421 2158 Progymuumatum
439 2089 505 2141 edito
522 2089 639 2141 volumini
661 2092 737 2155 primo
756 2085 851 2150 (1002)
868 2089 946 2148 lolia,
971 2102 1035 2154 quoe
1053 2091 1182 2142 eontineut
1200 2091 1303 2150 „Lunae
1321 2097 1402 2142 motua
1419 2093 1518 2142 reetltu-

173 2161 282 2214 tionem⁸¹
302 2163 439 2227 inopertam
457 2162 523 2212 inter
539 2163 644 2228 popinae
662 2163 726 2212 illiue
739 2162 818 2224 operte
840 2156 889 2210 112
907 2166 934 2211 et
953 2157 1012 2218 11³,
1031 2161 1132 2227 rigueto
1149 2164 1256 2214 numeria
1273 2159 1403 2212 01-028.
1431 2161 1520 2214 inrum

173 2235 232 2285 illae
251 2233 353 2285 tabulae
371 2234 591 2299 manueoriptorum
602 2233 725 2299 Petropoi.
742 2231 798 2283 Vol.
812 2231 844 2284 11.
863 2233 1013 2298 inaeriptee:
1033 2231 1286 2284 Trenalormatio
1303 2232 1520 2299 hypotheeeoe

175 2313 206 2356 et
228 2305 412 2355 tebnlarum
439 2303 616 2356 Lunarium
642 2305 799 2369 Tyohonie
820 2303 940 2362 Brehe,
959 2303 1033 2369 plene
1052 2303 1085 2354 ad
1102 2310 1187 2370 typum
1205 2306 1367 2365 intormem,
1385 2306 1521 2371 prtemitae

175 2377 331 2434 dedicatione
350 2375 383 2426 ed
400 2375 556 2428 llerwurtum
574 2375 597 2426 d.
617 2375 641 2426 d.
660 2375 690 2435 X.
710 2375 763 2426 Cel.
782 2373 865 2438 Melae
886 2371 963 2424 16⁰³.
999 2374 1127 2442 Legentur
1141 2374 1197 2436 ea,
1222 2391 1286 2443 quoe
1310 2371 1473 2443 implimende
1491 2392 1522 2428 ex

174 2447 223 2502 hot
241 2449 332 2514 aoripto
349 2448 403 2497 rire
420 2453 485 2507 eunt,
506 2449 551 2498 eub
568 2447 644 2498 finem
661 2447 733 2510 hujus
751 2446 886 2498 voluminie.

115 2585 119 2593 Ι
264 2515 292 2582 2)
311 2535 336 2584 p.
355 2515 397 2568 ³2.
434 2519 670 2586 Lonpomonteuue‚
689 2517 800 2583 Tyetoni
826 2532 901 2583 supra
926 2517 1025 2568 modum
1052 2517 1182 2578 addictur,
1202 2518 1411 2586 Tenpnegeliiqne
1434 2525 1521 2572 eontra

176 2591 259 2644 etudie
276 2588 378 2656 Kepleri
406 2590 518 2642 deieneor
536 2606 585 2642 non
611 2593 715 2657 integer,
734 2589 870 2655 Keplerum
888 2592 1007 2642 acerrime
1034 2589 1178 2656 aggreditur
1199 2593 1225 2642 io
1248 2591 1325 2642 literir
1348 2605 1433 2642 mente
1451 2590 1520 2655 Melo

176 2661 246 2714 ttot
271 2663 353 2720 datie,
378 2664 426 2712 etei
448 2662 572 2713 exordium
596 2662 685 2714 harum
713 2663 839 2714 literarum
862 2661 925 2713 talia
950 2676 1001 2712 non
1023 2662 1156 2727 signifieat.
1201 2661 1243 2714 Sit
1270 2664 1336 2713 enlm
1362 2662 1518 2730 Loupornon·

175 2741 267 2786 unua:
286 2733 436 2786 Doetieeime
452 2731 489 2784 Μ.
508 2733 531 2785 J.
550 2734 666 2799 Keplere,
686 2735 765 2784 emiee
783 2733 859 2784 veteri
877 2732 1059 2785 neoeeaitudine
1081 2735 1236 2796 oonJunotna.
1271 2736 1359 2784 Annua
1383 2737 1435 2798 lem
1458 2735 1521 2786 alter

178 2807 276 2874 agitur,
304 2821 335 2857 oa
352 2820 399 2871 quo
425 2805 588 2856 nobilleeirnne
606 2805 645 2856 Fr.
665 2804 846 2870 Tenpnegliue‚
868 2819 945 2872 gener
963 2811 990 2855 et
1011 2818 1137 2856 soooeeeor
1162 2805 1360 2870 incomparabilia
1388 2807 1521 2856 tatronomi

177 2877 211 2929 D.
230 2876 354 2942 Typhonis
375 2875 465 2938 Bruhe,
484 2875 626 2942 wiburgun
652 2877 685 2927 ed
706 2891 747 2927 me
774 2877 881 2926 reribene
907 2877 972 2926 inter
990 2875 1040 2926 alie
1065 2882 1136 2926 tuem
1157 2881 1185 2926 ot
1211 2877 1271 2926 milri
1297 2876 1392 2927 videtur
1417 2877 1519 2928 nimiem

59 2940 70 2968 ⁸
177 2950 324 3000 industriam
342 2949 409 2999 elrea
424 2947 598 3000 refutationem
622 2949 729 2999 recentis
747 2947 923 3010 Tyohonienae
940 2948 966 2996 in
984 2946 1083 2997 Lunam
1100 2945 1240 3011 hypothesin
1265 2943 1351 3009 (veluti
1368 2949 1419 2997 ania
1444 2949 1519 2999 oeulie

178 3019 290 3084 vidioaet)
307 3018 367 3070 mihi
384 3019 475 3070 retulit.
505 3019 559 3085 Epo
577 3032 634 3070 vero
653 3021 706 3082 ejus
724 3019 801 3070 literis
818 3032 976 3082 reepoumrue
993 3031 1040 3068 noo
1058 3018 1084 3067 in
1101 3031 1188 3068 maner
1206 3017 1316 3068 defuncti
1332 3017 1455 3081 'lyehonia
1473 3033 1521 3069 neo

179 3095 256 3144 etiem
271 3093 384 3157 propriae
402 3092 569 3142 eonaolentiee
586 3091 752 3141 innoeentiam
770 3097 823 3139 tam
840 3103 881 3139 me
899 3089 1023 3140 erudelem
1042 3103 1096 3140 earo
1115 3089 1253 3140 existimavi
1274 3095 1399 3154 oportere,
1417 3089 1476 3155 quin
1493 3096 1520 3140 ιο

178 3165 211 3215 nlo
227 3165 277 3216 lrao
294 3163 417 3229 superfluo
434 3163 584 3226 ourloaitote,
606 3176 671 3227 queo
690 3161 864 3227 inprimitur,
886 3161 985 3211 biennio
1009 3167 1068 3211 ente
1087 3173 1101 3210 e
1119 3159 1203 3222 Styrla
1220 3159 1327 3226 Prapam
1348 3159 1408 3210 mihi
1430 3160 1519 3218 nimir.

177 3249 297 3300 apponere
315 3236 409 3299 eoepit,
428 3235 461 3285 od
478 3241 523 3286 tue
539 3235 615 3299 ipaim
632 3235 734 3298 inoepte
750 3231 901 3298 perdolende
917 3232 1015 3282 verbulo
1034 3243 1182 3282 revooarem.
1219 3231 1252 3280 Et
1269 3237 1349 3288 uerte,
1368 3231 1440 3282 modo
1460 3245 1518 3284 oon·

177 3307 237 3358 ditio
253 3320 310 3358 meu
327 3306 433 3364 tulieaet,
451 3307 490 3358 ito
507 3321 537 3357 eu
554 3306 619 3356 illiue
637 3313 664 3356 et
680 3318 738 3356 mea
755 3303 826 3355 timul
844 3303 958 3368 opinione
980 3304 1081 3364 meritur
1098 3303 1194 3364 tuimet.
1210 3308 1238 3351 ut
1255 3301 1364 3368 Propero
1380 3317 1420 3353 me
1439 3303 1519 3354 denuo

178 3378 307 3430 oonlerene
324 3377 409 3443 palem
427 3377 457 3428 de
474 3376 523 3429 heo
541 3378 632 3442 injurie
648 3384 730 3428 teoum
749 3375 940 3441 expostularem,
965 3375 991 3424 in
1009 3387 1083 3440 quun
1101 3369 1273 3438 inempeotate
1289 3375 1519 3440 inooneideretaque

177 3463 253 3514 opera
270 3455 316 3500 tuo
331 3449 440 3500 laborem
458 3451 550 3513 paritet
567 3454 593 3500 et
610 3449 746 3499 amicitiem
764 3453 873 3497 noetrem
892 3445 1033 3497 resolveret.
1069 3444 1109 3495 De
1127 3449 1152 3493 ιο
1170 3451 1307 3495 autern...
1327 3442 1361 3506 (r.
1380 3461 1401 3496 e.
1420 3461 1444 3511 p.
1463 3441 1519 3508 33).

176 3520 243 3571 Heio
261 3520 375 3586 equidem
392 3534 442 3570 non
460 3522 633 3576 retorsionem,
651 3518 696 3570 aed
713 3519 850 3570 modestum
868 3531 932 3582 quee
948 3533 989 3568 me
1013 3516 1110 3567 dooebit
1134 3516 1317 3580 responaionem
1334 3531 1439 3584 oppono,
1462 3516 1519 3568 dum

175 3591 216 3643 tie
234 3591 362 3643 Roetoohii
380 3592 513 3642 emioorum
533 3605 610 3642 eenee
628 3603 717 3641 maneo
735 3598 761 3640 et
777 3588 888 3654 epistolio
906 3595 948 3645 tuo
967 3587 1100 3647 dertituor,
1119 3586 1183 3653 quod
1200 3586 1249 3637 huo
1266 3589 1392 3652 trejieiene
1410 3588 1519 3641 Heinioe

175 3663 343 3728 imprudenter
360 3663 466 3729 neglexi.
491 3663 613 3728 Paineipio
631 3677 696 3721 vero.
716 3663 749 3711 mi
766 3661 883 3725 Keplere‚
903 3675 946 3710 our
964 3660 1007 3710 tibi
1025 3665 1155 3724 tantopere
1173 3653 1332 3724 applaudat!
1352 3659 1424 3722 Quod
1440 3661 1518 3726 hypo·

176 3735 261 3786 theseo
278 3735 367 3786 Lente
385 3735 579 3793 nmeiomutl,
598 3733 766 3784 lundomentie
784 3732 950 3796 Tyohonianie
968 3746 1000 3782 ne
1017 3729 1043 3782 in
1060 3730 1167 3781 minimis
1191 3731 1289 3795 quidem
1312 3726 1456 3784 eonrulrtal
1469 3768 1518 3782 ...

177 3805 308 3868 Queedtur
326 3806 464 3858 emendasti
483 3807 516 3857 ed
534 3806 628 3858 ἀιοιοοο
646 3811 703 3855 tuae
727 3805 893 3870 proportione·
917 3803 1028 3863 aellioet;
1052 3813 1217 3868 rerumquae
1239 3803 1334 3854 eeloulo
1357 3805 1519 3856 utremmtoo

175 3893 222 3944 per
238 3885 264 3928 te
280 3879 414 3943 promtiore
432 3878 569 3936 existimat,
589 3891 621 3929 ee
638 3883 705 3928 oerte
722 3877 763 3926 rix
783 3877 860 3926 menti
883 3875 969 3926 inoluti
987 3875 1019 3926 l).
1039 3873 1162 3938 'lythonit
1179 3873 1368 3938 reepondebunt
1380 3911 1387 3924 .
1399 3911 1424 3926 ..
1460 3874 1518 3934 Dio.

176 3963 283 4016 pueeeo,
306 3949 364 4014 quid
382 3957 408 4000 te
426 3950 566 4000 tabuimum
591 3949 698 3999 omnium
720 3946 976 4013 proetlrnplraererium
994 3952 1047 3997 tarn
1068 3944 1215 3996 ioeoundam
1238 3945 1358 3998 iabrioem
1375 3945 1472 4005 dooult.
1490 3952 1520 3998 ut

175 4021 241 4072 taler
258 4021 360 4072 tebulne
378 4022 467 4072 oeterla
484 4021 594 4071 eimiliter
616 4019 722 4086 planeda
741 4025 825 4070 meent
847 4031 987 4068 eommuneo
1006 4031 1036 4069 ao
1053 4017 1217 4075 renidentem
1240 4016 1372 4069 latentibua
1396 4017 1476 4069 edituo
1491 4025 1519 4070 ιο

175 4094 240 4144 vorle
257 4091 344 4144 horum
355 4091 553 4158 phaenomenir?
571 4091 668 4158 Ignnrir
680 4097 709 4140 tn
719 4091 794 4158 igitur
810 4088 932 4156 persuade
945 4095 971 4138 et
982 4088 1175 4155 intelligentibua
1193 4087 1277 4139 detine
1289 4089 1393 4152 empllue
1411 4089 1519 4140 absurda

176 4177 287 4216 narrare
324 4161 375 4215 Sed
392 4163 494 4215 ulterius
512 4163 546 4214 ad
563 4169 634 4213 tuum
650 4162 750 4228 dupino
767 4161 891 4213 stabulum
911 4159 1164 4226 pergamen-Dein
1182 4160 1310 4210 mannitio
1327 4160 1366 4218 ila,
1385 4175 1449 4225 quoe
1466 4163 1519 4226 ipee

177 4235 204 4286 ln
216 4236 305 4287 Lunae
317 4235 414 4287 tlroorie
425 4235 564 4300 perfecerit
578 4233 663 4284 oddtt:
682 4233 745 4285 heeo
757 4239 785 4284 tu
796 4233 830 4283 mi
842 4229 950 4296 Keplere
969 4238 1099 4298 oeteraque
1109 4231 1172 4282 iorte
1189 4232 1278 4291 omnin,
1297 4243 1362 4295 queo
1373 4246 1390 4281 a
1401 4231 1518 4296 Tyehone

176 4307 280 4358 brenta
298 4321 329 4359 ao
348 4307 476 4358 eloborete
493 4313 565 4364 eunt.
590 4305 741 4371 sterquilinio
758 4305 785 4354 ln
801 4305 899 4370 Augeae
922 4303 1019 4354 etebulo
1036 4303 1094 4354 ollm
1115 4302 1211 4368 sepulto
1239 4315 1345 4368 sequare
1362 4317 1412 4355 non
1428 4305 1519 4355 rereria

177 4387 312 4454 (Keplerna
328 4388 353 4438 tn
369 4388 501 4454 margine:
523 4379 595 4434 heeo
621 4395 672 4449 per
698 4376 940 4432 luoulentieeimem
967 4376 1094 4448 luJuriem
1113 4375 1179 4431 mihi
1205 4371 1326 4446 tribuit),
1347 4388 1464 4450 tuumque
1485 4384 1519 4437 nd

178 4473 210 4511 ea
221 4459 384 4526 expurganda
400 4473 495 4510 rutrum
512 4457 621 4508 intorem
633 4470 663 4508 ao
677 4469 772 4507 omum
789 4455 938 4520 promlmre,
956 4456 977 4506 et
989 4462 1015 4506 te
1027 4455 1159 4509 Hemulem
1170 4453 1302 4506 rediviam
1320 4463 1516 4520 apuoteeremua.

177 4533 213 4582 Ar
228 4533 254 4584 ld
272 4535 341 4583 οοοιο
359 4543 431 4581 nemo
448 4531 510 4582 latit
526 4536 600 4595 toque
621 4533 693 4578 tanto
710 4529 761 4578 aino
778 4527 900 4592 proeiert‚
922 4527 971 4576 ulai
988 4529 1042 4591 elea
1066 4525 1176 4578 omnim
1192 4526 1303 4592 purgone
1325 4533 1472 4592 eognoaeat.
1490 4533 1517 4580 te

177 4603 246 4656 orele
264 4609 293 4656 οι
316 4601 463 4654 ooeleatlbue
488 4600 638 4667 opponendi·
664 4599 854 4665 oonpruentiora
879 4597 1040 4650 aubedtnme.
1075 4597 1142 4650 llam
1163 4595 1222 4648 irino
1248 4603 1388 4649 aetronomo
1415 4599 1517 4651 vlotorle

177 4675 330 4740 apmanda.
356 4673 415 4724 hino
435 4671 584 4738 vuinmphne.
619 4669 650 4722 Id
667 4675 751 4721 eutem
768 4685 819 4720 non
836 4675 934 4728 metuo,
961 4669 1026 4735 quod
1043 4670 1076 4722 nd
1097 4667 1235 4734 praelitam
1262 4679 1391 4720 oeoauram
1409 4671 1516 4722 omnium

177 4747 296 4799 donorum
314 4749 341 4798 οι
357 4745 546 4810 intelligentium
564 4742 595 4794 de
612 4741 728 4793 deinuoto
746 4741 863 4806 ‘Pythone
880 4740 944 4792 haeo
962 4741 1061 4794 sordide
1077 4748 1123 4792 tuo
1140 4739 1271 4790 iurulentia
1292 4741 1372 4806 megin
1390 4741 1517 4794 eordeeeet

177 4837 204 4882 et
218 4829 321 4884 rordlda
343 4825 397 4876 fiet
436 4823 499 4886 (K.:
519 4816 700 4872 Debooohere
720 4815 748 4870 in
768 4815 875 4870 larvam
895 4829 913 4868 ο
933 4807 1191 4876 te'eonoinnetem.)
1211 4843 1252 4854 —-

238 4917 241 4924 ·
264 4900 326 4954 lun
344 4895 399 4948 edit
415 4895 446 4945 L.
465 4897 576 4961 eoltpeea
594 4893 787 4948 aamidlametror
805 4892 973 4953 lomiuarlum.
990 4893 1175 4954 ementem.
1193 4891 1283 4958 ollem
1299 4891 1435 4958 Keplaruni
1451 4893 1517 4946 relu-
