3552 5562
330 292 374 360 26
514 269 515 276 ¹
753 289 855 342 uterne
871 288 975 355 Kepleri
992 287 1143 356 altorum
1159 295 1263 342 menae

421 471 554 554 Oportet
571 470 635 551 jam
662 468 816 550 regionem
849 466 930 530 circa
951 465 977 530 Β
1000 466 1136 530 dividere
1158 465 1189 528 in
1212 462 1234 529 4
1257 467 1404 547 angulos,
1435 467 1578 549 aequales
1599 467 1673 530 datis

332 583 359 642 c,
381 563 412 638 d,
435 561 456 638 f,
481 581 509 638 e,
532 567 563 622 et
584 557 738 639 regionem
760 557 841 620 circa
862 557 893 618 A
915 556 946 618 iu
969 550 990 618 l
1013 556 1156 638 aequales
1178 555 1260 618 datis
1283 575 1313 636 g,
1332 556 1362 632 b,
1382 556 1403 629 i,
1421 556 1457 632 la,
1482 556 1525 618 sic
1549 555 1672 637 quidem,

330 660 366 714 ut
388 650 537 714 sectiones
560 657 723 731 quaternae
751 647 899 719 linearum
921 647 1007 708 exB
1034 655 1067 708 et
1095 663 1133 708 ex
1155 647 1186 707 A
1215 645 1455 708 concurrentium
1485 645 1618 708 incidant
1646 645 1673 707 iu

332 739 600 805 circumferentiam
630 738 695 818 ejus
719 736 840 812 circuli,
871 733 956 815 cujus
983 733 1041 796 BA
1070 735 1207 816 utrinque
1240 733 1415 797 eontiuuata
1446 734 1593 798 diameter
1623 744 1674 796 est.

331 830 390 893 Hic
422 829 573 912 cylindros
604 835 635 888 et
664 847 755 889 conos
785 832 817 886 et
848 823 988 906 quicquid
1010 830 1060 884 est
1090 823 1307 904 suppellectilis
1334 823 1535 904 geometricae
1564 823 1674 904 expedi,

331 917 476 1001 Apolloni
500 917 629 981 Gallice.
676 917 756 979 Nam
778 914 853 986 ficit
874 911 1015 974 instituta
1037 912 1270 976 restaurationis
1297 913 1517 977 astronomicae
1540 912 1675 994 ἅκριβιια,

331 1007 365 1072 ut
387 1009 435 1082 iis,
459 1027 537 1089 quae
561 1006 625 1086 jam
649 1001 874 1074 demonstrasti,
897 1019 1003 1082 parum
1027 1001 1085 1062 frui
1107 1003 1259 1082 possimus
1282 1002 1322 1064 ad
1342 1003 1458 1083 majora
1480 1001 1675 1083 adspirantes.

419 1097 532 1160 Modus
555 1116 612 1177 quo
636 1113 693 1176 ego
719 1113 784 1157 sum
806 1111 879 1154 naus
902 1091 934 1153 in
959 1109 1048 1172 opere
1073 1091 1159 1172 (quia
1180 1091 1230 1153 hic
1252 1091 1409 1171 problema
1431 1091 1611 1166 illustrabit)
1633 1091 1677 1152 hic

810 1181 875 1243 luit
898 1181 975 1242 Este
991 1180 1120 1242 circulum
1138 1180 1362 1260 propositarum
1381 1181 1548 1244 sectionum
1560 1179 1677 1244 DEFG.

523 1255 575 1323 ΕΒ·
596 1255 620 1306 5.
810 1271 895 1332 Haec
918 1277 967 1330 est
988 1268 1039 1330 via
1061 1269 1157 1350 ipsius
1184 1270 1326 1350 planetae
1357 1271 1482 1352 ejusque
1504 1269 1678 1351 quamorin

521 1413 587 1449 .‚-,
782 1359 864 1420 .illa
888 1358 1044 1420 stationes.
1086 1357 1231 1422 cenom
1253 1358 1319 1438 ejus
1343 1359 1385 1422 sit
1402 1361 1439 1435 B,
1463 1359 1611 1421 diameter
1630 1375 1679 1439 per

480 1459 503 1480 ’“
635 1439 692 1508 ’Χ
772 1525 778 1537 ·
808 1455 921 1528 puncta
957 1447 1017 1524 duo
1057 1447 1216 1528 proposita
1251 1451 1343 1531 (quae
1376 1449 1443 1529 jam
1480 1447 1543 1512 sint
1574 1447 1614 1524 O,
1644 1449 1679 1510 Α.

808 1539 838 1600 Α
857 1543 991 1598 centrum
1006 1536 1085 1598 unde
1109 1545 1299 1618 computatur
1313 1537 1535 1612 eocentricitas,
1560 1555 1602 1599 sc.
1619 1533 1696 1618 ipse'

807 1625 872 1699 Sol,
898 1625 1078 1690 Ocentmm
1101 1623 1313 1708 aequalitatis)
1336 1627 1489 1702 transiens
1507 1627 1563 1688 HI.
1602 1625 1679 1689 Gou-

806 1723 966 1778 nectantur
990 1713 1055 1790 CD,
1081 1713 1144 1790 ΟΕ,
1170 1714 1232 1790 ΟΕ,
1257 1716 1324 1791 GG,
1358 1717 1403 1780 sic
1433 1717 1504 1791 AD,
1528 1717 1597 1790 ΑΕ,
1619 1716 1679 1785 ΑΕ,

401 1843 453 1890 ⁵:
560 1833 561 1836 ¹
807 1805 880 1866 AG.
927 1805 1005 1868 Item
1027 1804 1094 1879 BD,
1116 1805 1182 1876 ΒΕ,
1204 1807 1267 1878 BF,
1289 1804 1367 1881 BG;
1399 1813 1465 1868 tnm
1495 1805 1588 1867 etiam
1618 1803 1679 1875 ΒΕ,

565 1919 584 1950 u.
758 1913 774 1972 g
808 1896 870 1969 EF,
894 1893 960 1966 EG,
985 1893 1061 1968 GD;
1086 1893 1212 1976 denique
1236 1894 1303 1956 GE.
1349 1896 1469 1957 Dantur
1496 1911 1569 1974 ergo
1592 1893 1680 1965 ΒΟΕ,

809 1983 901 2054 ΕΟΕ,
923 1981 1018 2056 FCG,
1042 1981 1131 2046 GOD
1153 2001 1192 2042 ex
1210 1983 1389 2045 intervallis
1418 1991 1586 2064 temporum
1610 1983 1681 2044 inter

812 2069 1050 2134 observationes.
1097 2072 1216 2133 Dantur
1240 2073 1331 2136 etiam
1354 2074 1452 2148 ΒΑΕ,
1471 2073 1566 2149 EAF,
1590 2070 1679 2142 EAG,

795 2160 902 2224 ¹GAD
926 2179 964 2220 ex
983 2159 1139 2222 distantiis
1162 2161 1293 2223 locorum
1317 2161 1442 2224 zodiaci.
1480 2162 1595 2237 Tertio,
1619 2160 1681 2242 quis

412 2273 415 2288 ·
812 2252 851 2323 D,
874 2250 916 2322 E,
943 2252 984 2324 F,
1008 2249 1038 2311 G
1068 2257 1139 2311 sunt
1169 2251 1199 2311 in
1229 2251 1357 2327 circulo,
1389 2250 1458 2313 ideo
1491 2247 1681 2332 quadrilateri

334 2353 448 2419 DEFG
469 2352 532 2416 bini
556 2345 699 2432 oppositi,
721 2350 755 2405 ut
776 2341 871 2413 ΒΕΘ,
894 2338 993 2413 EDG,
1017 2339 1132 2400 iaciunt
1154 2359 1300 2403 summam
1324 2339 1345 2402 2
1368 2349 1528 2414 rectorum,
1553 2349 1585 2402 et
1605 2335 1681 2402 EFG

335 2440 616 2509 circumferentialis
648 2443 696 2497 est
724 2429 865 2493 dimidius
897 2427 1040 2489 centralis
1069 2429 1169 2502 EBG,
1194 2437 1226 2492 et
1246 2431 1316 2506 BE,
1343 2430 1402 2492 BG
1434 2431 1580 2512 aequales
1611 2433 1681 2491 suut.

336 2535 454 2606 Quarto
478 2521 660 2613 postulatur,
682 2530 717 2585 ut
739 2521 829 2593 GBE,
853 2519 938 2579 ΕΒΑ
961 2517 1076 2578 faciant
1099 2537 1245 2580 summam
1269 2517 1289 2580 2
1312 2527 1471 2582 rectorum.
1509 2521 1596 2581 Haec
1618 2535 1682 2596 ergo

336 2629 407 2686 sunt
428 2619 576 2701 principia
605 2607 872 2677 demonstrationis
903 2605 1033 2687 petitae,
1063 2615 1281 2688 praetereaque
1308 2609 1400 2670 nulla.
1449 2608 1563 2673 Cetera
1591 2606 1683 2671 omnia

337 2718 527 2795 quaeruntur.
566 2707 633 2787 Ego
657 2703 756 2783 itaque
774 2699 817 2761 sic
832 2697 889 2775 egi.
927 2697 1069 2770 Primum,
1094 2699 1135 2757 ut'
1150 2697 1179 2759 in
1199 2698 1305 2776 regula
1328 2697 1398 2759 falsi
1422 2697 1555 2760 solemus
1579 2713 1683 2779 ponere

337 2802 367 2864 id
392 2801 470 2882 quod
501 2796 671 2880 quaeritur,
704 2790 747 2852 sic
780 2805 836 2867 ego
863 2785 951 2866 posui
984 2785 1081 2846 locum
1112 2787 1240 2867 apogaei
1262 2787 1293 2850 H
1320 2795 1443 2850 certum.
1490 2789 1558 2850 Hoc
1589 2785 1682 2867 posito

337 2897 501 2972 sequuntur
524 2884 628 2965 anguli
641 2881 741 2954 HAD,
760 2878 856 2950 HAE,
876 2875 970 2948 ΗΑΒ,
985 2875 1087 2948 EAG,
1110 2884 1143 2937 et
1164 2876 1384 2956 complementa
1406 2876 1445 2937 ad
1469 2877 1681 2940 semicirculum

336 2979 422 3053 IAD,
445 2977 528 3052 IAE,
552 2975 633 3049 lAF,
657 2969 741 3032 lAG.
790 2964 928 3028 Secundo
951 2965 1039 3043 posui
1062 2965 1149 3045 quasi
1178 2974 1292 3028 certam
1320 2965 1537 3048 longitudinem
1561 2966 1684 3028 mediam

337 3068 401 3132 sive
421 3064 603 3129 anomaliam
623 3057 765 3132 eecentri,
787 3056 844 3117 hoc
863 3052 1022 3128 estnon,
1037 3053 1133 3130 HGE,
1147 3055 1240 3130 HGE,
1255 3053 1353 3138 HOG,
1378 3075 1445 3118 cum
1464 3053 1685 3137 complementis

337 3157 420 3233 101),
435 3156 516 3230 IOE,
532 3153 609 3227 ICF,
629 3149 712 3214 ch.
750 3147 785 3208 ln
803 3141 965 3222 triangulis
988 3141 1080 3222 igitur
1102 3151 1231 3224 quatuor
1255 3163 1346 3227 super
1368 3145 1517 3208 communi
1540 3145 1608 3208 basi
1624 3143 1684 3216 Ac,

338 3267 415 3329 quae
440 3251 509 3308 sunt
531 3241 628 3316 Aue,
644 3236 739 3313 AEO,
759 3233 851 3309 AFO,
870 3231 959 3296 AGO
984 3233 1093 3295 dantur
1115 3234 1218 3313 anguli
1237 3253 1355 3310 omnes,
1379 3243 1411 3297 et
1432 3235 1517 3298 basis
1539 3234 1599 3299 Ac
1621 3251 1685 3316 per-

292 3385 295 3394 .
338 3335 469 3398 mittitur
492 3331 617 3413 arbitrio
640 3335 763 3391 nostro:
788 3321 924 3406 quaesivi
948 3339 1021 3402 ergo
1038 3322 1250 3403 proportiones
1273 3324 1357 3385 basis
1370 3323 1428 3388 Ac
1452 3325 1491 3386 ad
1506 3323 1605 3387 lineas
1622 3323 1685 3392 AD,

340 3424 409 3498 AE,
432 3425 498 3498 AF,
521 3421 592 3484 AG.
637 3419 771 3480 Rursum
793 3431 864 3493 ergo
887 3413 917 3473 in
941 3419 1069 3494 quatuor
1096 3411 1256 3492 triangulis
1279 3414 1319 3474 ad
1341 3432 1526 3476 communem
1548 3413 1685 3476 verdoun

338 3515 383 3588 A,
416 3529 492 3594 quae
522 3517 594 3571 sunt
615 3506 712 3580 DAE,
735 3505 828 3577 ΕΑΒ,
851 3500 949 3576 EAG,
973 3501 1079 3590 GAD,
1112 3501 1223 3564 dantur
1252 3502 1323 3564 bina
1354 3504 1451 3565 latera
1476 3504 1542 3584 jam
1572 3505 1686 3566 inventa

341 3619 409 3663 uum
433 3598 650 3680 comprehenso
674 3593 713 3654 ad
729 3595 774 3654 A:
800 3590 935 3672 quaesivi
957 3608 1029 3669 ergo
1053 3591 1084 3654 in
1105 3592 1233 3672 siugulis
1256 3593 1397 3672 angulum
1420 3613 1509 3655 uuum
1533 3594 1574 3655 ad
1596 3591 1685 3660 basin,

341 3688 463 3753 scilicet
483 3685 585 3762 ADG,
601 3683 698 3759 ΑΒΕ,
712 3681 808 3756 AFG,
825 3680 917 3744 AFE.
963 3679 1004 3740 lli
1027 3688 1164 3760 quatuor,
1189 3681 1259 3764 quia
1282 3690 1352 3744 sunt
1373 3691 1478 3763 partes
1501 3683 1685 3745 absumentes

342 3779 417 3841 duos
441 3779 471 3840 in
491 3773 695 3860 quadrilatero
712 3769 816 3834 cuculi
839 3767 1005 3849 oppositos,
1029 3769 1124 3832 additi
1144 3779 1175 3833 et
1188 3778 1290 3833 mutuo
1305 3772 1416 3834 debent
1430 3773 1531 3834 lacere
1548 3785 1685 3835 summam

340 3863 544 3932 2rectomm.
591 3864 637 3927 Au
659 3861 685 3924 si
708 3861 765 3922 hoo
796 3878 854 3922 non
886 3856 994 3932 fiebat,
1019 3857 1076 3920 luit
1098 3861 1172 3922 mihi
1194 3859 1360 3942 repetenda
1389 3861 1545 3944 operatio,
1575 3865 1685 3924 retentu

291 3993 297 4007 ·
340 3956 491 4038 positione
515 3951 711 4034 longitudinis
734 3949 850 4011 mediae
874 3955 906 4009 et
923 3953 1037 4010 mutmo
1062 3967 1216 4029 apogaeo:
1241 3952 1368 4014 retentis
1392 3971 1433 4014 sc.
1447 3949 1684 4014 inclinationibus

338 4045 396 4110 ΗΟ
420 4046 458 4109 ad
482 4049 693 4108 concurrentes
716 4039 746 4101 in
771 4037 807 4114 G,
832 4036 886 4099 sed
907 4037 1033 4100 mutatis
1057 4036 1302 4103 inclinationibus
1325 4042 1385 4104 ΗΔ
1408 4041 1447 4102 ad
1471 4048 1683 4104 concurrentes.

340 4137 435 4219 quue
458 4132 627 4197 laciendum
650 4128 708 4192 luit
729 4146 787 4192 non
809 4127 859 4189 bis
881 4134 998 4200 tantum
1021 4127 1106 4200 (nam
1128 4129 1233 4209 regula
1255 4130 1326 4193 salsi
1350 4139 1401 4193 aut
1421 4149 1512 4193 cossa
1533 4150 1593 4193 non
1616 4147 1685 4211 qua-

340 4225 430 4288 drant
452 4223 526 4296 huc)
551 4222 604 4284 sed
627 4218 821 4300 saepissime,
844 4217 938 4278 donec
961 4217 1062 4296 anguli
1087 4217 1160 4278 dicti
1183 4220 1318 4282 lacerent
1345 4239 1489 4282 summam
1513 4220 1684 4302 quaesitaru-

340 4315 424 4377 Tunc
457 4331 529 4393 ergo
561 4329 690 4392 pergens
722 4306 857 4388 quaesivi
889 4307 919 4367 iu
944 4305 1030 4368 GAE
1064 4326 1103 4368 ex
1132 4307 1212 4370 datis
1237 4310 1307 4386 GA,
1330 4311 1388 4372 ΑΕ
1411 4319 1443 4372 et
1466 4311 1553 4374 GAE
1578 4304 1685 4384 (cll),

341 4404 429 4466 ΒΑΕ
460 4401 575 4466 iaciunt
598 4399 700 4473 GAE)
724 4395 866 4475 angulum
889 4395 978 4457 ΑΕΘ
1001 4404 1033 4458 et
1056 4397 1113 4459 GE
1143 4399 1230 4461 basin
1260 4417 1445 4462 communem
1475 4399 1685 4480 triangulorum

344 4491 437 4568 GFE,
460 4491 554 4556 GBE.
601 4489 637 4550 ln
666 4484 818 4566 triangulo
848 4485 938 4564 igitur
961 4484 1045 4548 GBE
1076 4486 1165 4549 datur
1188 4489 1261 4564 GE,
1286 4497 1318 4551 et
1340 4489 1424 4552 GBE
1448 4497 1497 4552 est
1523 4489 1630 4570 duplus
1651 4481 1685 4543 ad

343 4579 436 4655 GFE,
460 4581 622 4662 quinctus
646 4576 746 4641 estin
769 4573 904 4656 partibus
928 4573 1023 4649 GFA,
1047 4577 1138 4640 ΑΒΕ.
1184 4580 1227 4640 Et
1249 4578 1319 4659 quia
1342 4579 1581 4660 aequeomrium,
1606 4577 1686 4638 datur

344 4674 376 4729 et
398 4671 525 4749 angulus
549 4670 589 4731 ad
605 4667 694 4731 basin
706 4663 802 4730 BEG.
840 4664 942 4726 Antea
963 4681 1035 4725 vero
1054 4665 1181 4729 dabatur
1195 4667 1294 4743 AEG,
1318 4667 1407 4730 datur
1429 4687 1501 4749 ergo
1525 4661 1686 4731 differentia

345 4757 521 4837 angulorum
544 4757 644 4833 ΑΕΘ,
665 4755 761 4830 BEG,
795 4752 913 4816 scilicet
938 4754 1032 4816 ΒΕΑ.
1078 4755 1149 4819 Jam
1180 4757 1210 4820 iu
1237 4757 1340 4833 BEA,
1373 4759 1443 4841 quia
1473 4758 1576 4821 nescio
1604 4753 1685 4816 anB

345 4845 540 4912 cecideritin
568 4847 678 4913 lineam
702 4844 777 4922 CA,
809 4851 843 4906 ut
864 4861 989 4908 necesse
1019 4853 1068 4908 est
1099 4845 1146 4922 (in
1169 4847 1392 4912 constructione
1423 4847 1543 4935 quidem
1569 4846 1599 4911 id
1627 4837 1685 4908 lieri

559 2217 570 2262 1
612 2208 628 2247 ll
