3606 5562
705 282 919 386 secares
1428 327 1491 396 rte

657 565 828 646 Quacum
850 561 986 648 eclipsis.

241 689 384 752 Latitudo
407 688 473 751 visa
496 707 533 750 ex
556 707 648 770 supra
669 689 760 752 dictis
782 689 811 752 id
835 687 932 751 medio
954 684 1218 768 proportionaliter
1240 683 1297 746 fuit
1312 679 1343 747 6⁴
1359 680 1424 748 30”
1445 687 1493 749 vel

116 812 122 824 ·
153 773 185 840 6¹
207 776 267 853 000;
291 778 333 841 sit
355 784 455 840 autem
477 772 508 840 6⁶
528 773 602 841 30”.
638 779 723 840 Haec
745 777 849 840 ablata
871 797 890 838 a
912 794 1027 839 summe
1050 773 1336 838 semidiametrorum
1358 770 1413 837 31‘
1426 769 1490 837 4700

151 866 293 948 relinquit
323 867 461 946 scrupula
493 865 653 931 obscurata
682 863 734 930 25.
761 866 839 941 17⁴¹,
875 883 951 946 quae
984 863 1099 926 iaciunt
1130 862 1240 944 digitos
1272 861 1407 943 proxime
1442 861 1491 926 10.

14 969 18 1007 ¹·
152 954 369 1036 Superiuerunt
391 953 478 1035 digri
499 952 530 1018 2.
576 954 619 1017 Et
639 963 739 1020 umen
770 975 837 1018 cum
859 954 989 1036 Pragam
1018 953 1097 1016 inter
1127 960 1160 1014 et
1181 950 1284 1015 Solem
1311 951 1399 1014 unica
1427 952 1493 1016 sola

151 1045 245 1107 nubes
268 1053 367 1118 esset,
398 1045 481 1108 coelo
508 1043 699 1108 circumcirca
724 1044 856 1126 patenti,
886 1043 999 1124 campis
1029 1041 1204 1118 illustratis,
1235 1041 1332 1104 lumen
1356 1041 1514 1104 diurnum.

151 1133 325 1197 notabiliter
338 1132 395 1196 init
416 1132 611 1211 imminutum,
635 1133 719 1215 quasi
743 1133 1010 1214 advesperasceret
1027 1138 1080 1194 aut
1100 1148 1269 1212 praegnans
1286 1130 1380 1192 imbre
1398 1130 1493 1194 nubes

13 1239 16 1278 ι
150 1230 248 1373 {otum
274 1223 389 1286 coelum
418 1230 615 1304 occupasset;
647 1219 788 1286 credibile
820 1220 929 1303 igitur,
962 1220 1012 1285 ubi
1041 1227 1127 1284 totus
1146 1217 1201 1283 Sol
1229 1227 1349 1294 tectus,
1380 1237 1493 1286 meram

13 1337 17 1366 v
165 1311 244 1376 uisse
266 1319 394 1375 noctem.

237 1451 281 1518 Iu
301 1454 371 1538 ipso
392 1471 483 1516 omos
504 1451 731 1538 umjoneioses
752 1451 888 1518 articulo
909 1453 965 1518 adi
987 1447 1046 1518 Sol
1067 1457 1150 1515 totae
1165 1449 1270 1534 fuissit
1291 1447 1411 1515 emt

238 1576 289 1639 Au
311 1576 369 1640 hoc
398 1577 484 1640 nobis
513 1597 587 1660 opos
615 1585 663 1640 est
692 1577 861 1658 cognitione
889 1595 979 1641 verae
1006 1573 1175 1638 latitudinis
1197 1575 1313 1639 Lunae.
1357 1576 1493 1640 Aecum

12 1631 13 1724 ]
150 1663 296 1729 hucterms
325 1686 398 1730 usus
430 1667 486 1730 sim
514 1666 663 1748 perallaxi
691 1686 729 1730 ex
754 1665 928 1749 Hipparcho
958 1683 1042 1739 meo,
1075 1672 1144 1727 utar
1169 1663 1233 1744 jam
1261 1683 1387 1746 quoque.
1413 1664 1494 1730 'Sed
1586 1679 1593 1694 ·

12 1779 14 1820 t
153 1754 299 1836 duplicem
323 1755 349 1818 is
373 1755 496 1819 exhibet
517 1757 574 1820 hoc
590 1756 651 1818 situ
664 1755 768 1819 Lunae
786 1753 965 1837 parallaxiu,
989 1754 1116 1817 alteram
1132 1753 1187 1816 sub
1202 1753 1374 1816 conditione
1393 1754 1495 1836 auguli

149 1843 229 1905 inter
251 1843 342 1923 plana
365 1839 523 1925 eclipticas
546 1853 577 1908 et
598 1845 666 1908 viae
689 1844 792 1908 Lunae
815 1841 854 1908 40
877 1839 945 1920 580,
969 1843 1108 1918 alteram,
1138 1841 1165 1904 ei
1186 1840 1235 1905 hic
1258 1843 1385 1925 angulus
1407 1861 1495 1906 meu-

150 1940 268 1994 suretur
294 1933 485 2014 quadrantali
514 1933 673 1998 latitudine
696 1934 799 2012 Lunae
822 1928 936 1998 50470
959 1929 1039 2008 30”,
1063 1949 1150 2012 quam
1174 1931 1374 2013 suspicionem
1396 1933 1494 1997 foveo.

148 2019 209 2083 llla
236 2027 284 2084 est
307 2019 360 2086 58¹
386 2020 463 2101 130,
494 2023 569 2085 haec
584 2019 646 2088 62⁴
672 2017 745 2087 460.
790 2023 896 2107 Itaque
925 2021 951 2084 si
983 2020 1210 2084 assumserimue
1242 2029 1437 2103 apparentem
1463 2021 1495 2085 in

150 2107 249 2172 medio
271 2109 460 2175 latitudinem
483 2109 515 2176 6‘
539 2109 614 2186 30”,
637 2111 859 2176 vera.latitndc
881 2109 1014 2191 prodibit
1035 2110 1084 2173 vel
1106 2105 1161 2174 460
1185 2105 1250 2174 30”
1272 2112 1321 2175 vel
1344 2106 1399 2176 490
1417 2107 1492 2176 4400.

149 2197 340 2280 Hipparchus
362 2219 446 2264 meus
470 2202 535 2264 vult
556 2201 618 2264 illic
640 2196 695 2265 480
718 2199 778 2278 500,
802 2201 851 2265 hic
873 2197 928 2294 430
953 2195 1074 2275 570400)
1120 2198 1285 2265 confirmat
1306 2199 1398 2282 igitur
1420 2201 1494 2264 haec

150 2285 271 2367 eclipsis
294 2289 434 2371 angulum
457 2309 605 2372 magnum.
904 2323 919 2358 ο

240 2375 316 2440 Cum
337 2377 430 2460 igitur
450 2379 480 2444 h.
497 2379 528 2443 2.
549 2376 600 2444 15¹
618 2379 735 2460 Pragae
759 2377 848 2442 luerit
870 2397 942 2442 vera
964 2376 1143 2458 conjunctio,
1167 2395 1243 2460 quae
1264 2378 1356 2442 horae
1380 2379 1494 2444 faciunt

10 2483 11 2492 ¹
150 2460 211 2528 330
233 2459 287 2529 450
310 2473 464 2549 tempora,
494 2467 586 2550 igitur
614 2469 645 2532 iu
672 2467 855 2544 meridiano,
886 2469 936 2550 qui
966 2474 1015 2532 est
1037 2465 1249 2530 occidentalior
1270 2467 1417 2549 Pragensi
1438 2487 1496 2552 per

149 2549 211 2618 33⁰
232 2549 287 2618 450
309 2555 366 2618 fuit
388 2565 457 2620 tune
481 2557 630 2634 meridies,
654 2545 776 2620 etcum
799 2555 960 2620 declinatio
983 2554 1065 2619 Solis
1088 2555 1130 2618 sit
1152 2549 1190 2619 70
1212 2553 1266 2620 300
1289 2565 1397 2635 austu,
1422 2577 1493 2640 ergo

10 2663 11 2698 t
149 2642 179 2704 iu
203 2643 361 2707 latitudine
384 2645 443 2708 loci
465 2643 504 2709 7⁰
525 2643 579 2710 30¹
603 2647 728 2709 australi
751 2645 808 2709 luit
830 2645 885 2710 Sol
907 2643 1069 2717 verticalis.
1112 2644 1144 2708 Is
1166 2643 1258 2726 igitur
1280 2645 1363 2710 locus
1385 2647 1443 2712 fuit
1463 2647 1493 2710 iu

9 2751 10 2790 l
149 2751 262 2796 oceano
285 2733 451 2811 Atlantico,
475 2735 523 2798 vel
548 2733 694 2810 (iniuste,
717 2741 787 2798 aute
811 2734 939 2798 insulam
962 2731 1167 2797 Ascensionie.

237 2821 295 2884 Hic
321 2823 413 2903 igitur
439 2823 582 2888 terminus
614 2832 680 2899 est,
709 2844 728 2886 a
757 2842 815 2906 quo
843 2825 1080 2905 computandum.
1125 2821 1206 2886 Nam
1232 2821 1275 2885 ibi
1298 2823 1416 2906 quidem
1439 2825 1493 2892 Sol

146 2910 325 2974 obscuratus
354 2911 474 2976 minime
504 2912 577 2990 fuit;
607 2913 695 2977 Luna
724 2913 802 2976 enim
823 2912 929 2976 habuit
951 2921 986 2976 et
1005 2911 1144 2994 apparuit
1165 2910 1275 2975 habere
1305 2913 1493 2980 latitudinem

145 2995 201 3065 lt‘
225 2995 289 3064 30”
314 3001 363 3064 vel
385 2996 440 3068 490
462 2997 527 3066 4400
550 3002 849 3084 septentrionalem„

236 3089 348 3154 Ceutro
371 3089 405 3167 S,
429 3092 507 3174 quod
529 3092 597 3156 loca
619 3089 683 3156 Soli
705 3089 992 3175 perpendiculariter

145 3175 283 3260 subjecta
296 3178 418 3256 iudicat,
441 3179 591 3246 scribatur
608 3182 736 3246 circulus
749 3181 894 3245 maximus
909 3179 992 3262 globi

146 3267 277 3330 Telluris
298 3267 368 3346 PE,
399 3269 429 3332 iu
460 3289 517 3353 quo
547 3269 588 3335 sit
611 3268 661 3334 SE
688 3277 803 3334 tractus
831 3271 992 3334 Terrarum

147 3355 302 3438 subjectus
330 3357 487 3441 eclipticae
517 3361 571 3423 hoc
601 3369 760 3424 momento.
805 3359 848 3424 Et
875 3357 992 3442 quiaS

146 3454 196 3510 eso
226 3442 429 3522 1906‘2,
461 3449 622 3530 sicigitur
652 3451 682 3513 A
713 3446 840 3526 θοὴ,
873 3457 905 3512 ee
935 3449 993 3514 AT
1048 3448 1075 3497 Μ

146 3535 261 3600 Terrae
294 3537 455 3618 aequatur,
489 3538 537 3619 qui
569 3539 600 3602 in
631 3539 687 3602 ho'c
717 3537 776 3602 situ
807 3545 932 3621 apparet
962 3538 993 3600 in

146 3626 242 3705 ligure
265 3625 422 3706 ellipeeoe‚
453 3635 485 3690 et
512 3627 553 3690 sit
574 3625 626 3691 SL
648 3629 686 3690 ad
710 3627 761 3692 SE
788 3636 905 3704 rectus3
937 3625 995 3690 erit
1029 3641 1049 3690 n

146 3721 263 3778 tractm
284 3713 437 3796 subjectus
452 3715 562 3780 circulo
578 3716 756 3793 latitudiuis,
779 3717 810 3780 in
824 3736 881 3798 quo
896 3716 993 3780 Luna.

105 3831 114 3848 ν
148 3799 324 3878 Quaeritur,
358 3813 500 3886 quantum
528 3806 569 3869 sit
595 3805 843 3888 progrediendum
872 3806 902 3870 in
930 3805 992 3885 SL,

148 3892 242 3956 donec
264 3893 391 3957 latitudo
411 3895 515 3959 Lunae
537 3891 592 3960 430
611 3893 676 3961 30”
697 3917 718 3957 a
738 3895 887 3977 parelluri
909 3894 991 3959 hori-

146 3981 259 4045 zontali
274 3980 328 4048 58¹
342 3979 418 4060 331‘,
441 3985 490 4048 vel
513 3983 641 4050 latitudo
660 3977 714 4050 490
727 3981 794 4048 440
809 4005 828 4047 a
842 3985 991 4066 parallaxi

147 4065 203 4134 62‘
237 4067 299 4135 16“
331 4072 544 4150 absorbeatur,
577 4073 678 4159 itaque
710 4081 814 4137 centra
844 4073 926 4138 Solis
959 4083 992 4138 at

146 4159 252 4223 Lunae
280 4159 387 4241 juncta
418 4163 488 4227 sint.
538 4163 740 4228 Parullaotica
767 4161 944 4246 Opticorum
977 4171 1110 4238 ostendit
1143 4193 1245 4238 arcum
1276 4171 1337 4240 52·
1359 4171 1414 4242 350
1443 4171 1492 4238 vel

145 4244 208 4313 530
229 4247 280 4326 00;
303 4251 331 4313 ia
353 4250 395 4313 sit
416 4249 478 4328 SL,
501 4260 533 4315 et
554 4254 581 4316 L
604 4254 688 4317 locus
711 4255 875 4334 quaesitus.
915 4251 1076 4324 Quaeritur
1098 4261 1163 4342 ejus
1186 4263 1340 4344 longitudo
1363 4271 1396 4328 et
1417 4264 1491 4328 lati-

146 4337 219 4401 tudo
242 4339 451 4421 geographica.
489 4339 539 4404 Sit
561 4361 632 4423 ergo
655 4342 682 4406 P
703 4344 790 4425 polus
815 4344 1005 4424 aequaturius
1029 4347 1150 4425 Terrae,
1174 4353 1309 4433 quamvis
1331 4353 1358 4416 ia
1380 4351 1411 4416 in
1433 4352 1491 4415 hac

146 4426 224 4489 iacis
247 4428 328 4508 globi
351 4446 410 4490 non
433 4428 482 4505 sit,
507 4431 562 4493 aed
584 4429 664 4493 iufra
685 4430 818 4494 nonnihil
841 4431 883 4493 sit
906 4431 1108 4514 absconditus,
1133 4448 1165 4504 et
1187 4457 1225 4502 ex
1247 4443 1397 4521 puuctoP
1418 4441 1491 4504 des·

146 4516 277 4580 cendant
298 4535 386 4582 arcus
409 4517 584 4582 circulorum
606 4537 795 4599 magnorum,
822 4519 872 4584 PS
899 4539 1005 4586 secans
1029 4536 1221 4609 aequatorem
1243 4529 1275 4593 in
1296 4529 1343 4607 R,
1374 4538 1406 4593 et
1427 4529 1490 4602 PL,

146 4623 256 4668 secans
278 4613 470 4689 aequatorem
492 4607 524 4668 in
546 4609 581 4670 Τ.
617 4608 675 4671 Est
698 4607 789 4687 igitur
808 4608 863 4672 PR
885 4610 1066 4680 meridianus
1089 4617 1171 4683 Solis
1194 4614 1255 4683 330
1271 4614 1326 4684 450
1350 4618 1490 4683 occiden-

145 4693 239 4756 talior
259 4694 425 4777 Prageuai,
458 4694 511 4758 PL
539 4714 610 4758 vero
637 4703 686 4759 est
714 4695 895 4762 meridianus
924 4701 981 4765 loci
1011 4708 1159 4786 quaesiti,
1192 4716 1224 4771 et
1246 4707 1302 4772 BT
1323 4707 1492 4772 differentia

237 4885 417 4953 *mimz
444 4887 1197 4958 cymeutmjmmguhcoudtesoetneunwctu.
