3604 5534
133 2874 356 2960 retropr‘ados.
395 2874 550 2960 Tenspoee
571 2878 680 2960 initae,
704 2880 788 2960 qaod
804 2887 990 2944 momentum
1006 2899 1067 2963 per
1082 2875 1139 2940 CV
1157 2880 1314 2960 narratam
1336 2881 1491 2944 antecedit

100 2981 105 2996 ¹
135 2959 193 3045 (sit
215 2973 331 3029 amesa
346 2957 429 3045 GT),
453 2986 525 3030 aram
539 2964 599 3030 sot
620 2967 745 3032 uidetur
766 2971 802 3032 in
823 2967 910 3032 tinea
925 2965 989 3042 OQ,
1009 2965 1143 3050 planeta
1164 2969 1200 3030 in
1217 2970 1284 3053 ep'as
1307 2970 1491 3051 appareatis

134 3052 194 3116 looi
216 3053 381 3138 opposito,
400 3062 484 3136 pata
496 3058 532 3118 in
547 3056 573 3130 1,
595 3053 758 3132 rideatur,
780 3064 810 3119 et
824 3058 982 3142 quiajam¹
996 3058 1137 3138 ponitur,
1160 3058 1195 3118 in
1210 3057 1267 3119 too
1287 3077 1364 3120 oasa
1378 3077 1491 3120 seuere

98 3134 106 3148 '
132 3141 403 3226 inaequalitatem
430 3145 618 3220 seeundum,
647 3147 719 3208 ideo
743 3144 816 3217 ch
839 3147 899 3210 enit
920 3144 1006 3208 tinea
1028 3165 1109 3218 aaa,
1139 3147 1197 3207 too
1220 3152 1273 3218 est,
1293 3152 1447 3227 punctam
1470 3168 1491 3210 a

133 3251 191 3312 asso
214 3231 387 3314 amenopis
408 3235 624 3297 eeeentrieitas
646 3237 707 3298 erit
728 3238 763 3300 in
786 3233 872 3300 linea
895 3232 960 3303 OQ.
1011 3234 1097 3312 Quia
1119 3234 1218 3316 instar
1241 3231 1282 3294 CI
1309 3235 1387 3296 nisio
1410 3233 1488 3319 pta-

131 3330 219 3385 netae
240 3322 434 3403 retromeat
451 3324 547 3404 prior
570 3329 706 3405 tempore
728 3333 772 3388 est
794 3323 881 3388 altra
905 3321 961 3385 CO
984 3325 1134 3386 mnenon
1158 3324 1377 3405 posteriorem,
1400 3325 1490 3388 ideo-

133 3431 189 3491 que
210 3411 326 3494 maffia
347 3411 383 3471 in
412 3411 629 3474 antecedentia
656 3423 842 3495 serpentem,
874 3414 935 3476 erit
963 3415 1062 3494 ipitar
1084 3409 1113 3474 et
1136 3409 1193 3482 OQ
1218 3411 1306 3476 altra
1330 3409 1387 3474 CV
1410 3411 1491 3484 etQ
1520 3479 1523 3488 ,

130 3521 244 3564 nomem
268 3503 616 3584 emnam-systematis
638 3501 726 3566 altra
749 3504 779 3563 V
801 3511 894 3566 uetus.
942 3502 988 3565 Et
1011 3522 1081 3565 eam
1111 3521 1150 3563 ea
1173 3494 1232 3562 OV
1255 3504 1298 3564 sit
1317 3503 1412 3584 saeta
1434 3501 1490 3576 10,

15 3587 17 3600 ’
130 3589 203 3671 plns
227 3589 363 3653 distans
386 3587 420 3651 ia
444 3594 662 3671 conmemoratio
685 3589 800 3672 anpalo
824 3589 905 3666 001,
929 3590 1016 3653 tinea
1037 3610 1107 3654 soro
1131 3592 1280 3673 apsidam
1293 3591 1353 3653 VD
1375 3590 1422 3656 vet
1436 3591 1490 3654 ΡΙ)
1544 3635 1547 3644 -

133 3674 171 3760 (a
192 3699 261 3761 qssa
284 3685 396 3742 mones
417 3673 549 3762 insipit)
571 3687 698 3745 maneat
719 3681 756 3744 in'
778 3681 862 3744 osani
891 3683 1026 3744 circuita
1047 3680 1108 3743 sibi
1129 3681 1194 3765 ipsi
1214 3677 1406 3764 parallelos,
1430 3703 1491 3764 ap-

128 3776 221 3850 paret
243 3768 368 3852 igitar,
386 3767 517 3832 ,maort
536 3773 685 3851 temporis
706 3769 869 3834 intervallo
898 3772 997 3832 statui
1020 3768 1184 3854 planetam
1212 3769 1345 3834 atterius
1373 3773 1491 3835 amisse

15 3887 16 3890 ¹
133 3859 220 3922 eirea
244 3865 394 3921 emnam
416 3853 445 3926 Q
467 3863 663 3940 systematis,
694 3881 788 3942 queam
810 3869 904 3925 arasa
926 3861 982 3922 sab
1004 3859 1121 3943 maioni
1148 3863 1298 3944 temporis
1327 3859 1490 3924 intervallo

134 3949 220 4010 eirea
243 3947 277 4007 V
304 3951 448 4010 omnem
469 3951 655 4031 systematis.

221 4034 516 4116 Apparetitsque,
546 4037 614 4116 quid
638 4040 669 4100 in
692 4039 749 4100 hae
772 4037 943 4099 reductione
968 4057 987 4098 a
1007 4036 1104 4097 medio
1129 4036 1166 4096 ad
1191 4043 1385 4117 apparentem
1408 4035 1489 4099 Solis

134 4133 248 4188 motum
278 4125 312 4185 in
345 4130 428 4185 motu
456 4128 616 4205 apparenti
645 4127 811 4190 eeeentrico
840 4127 1025 4190 immutetur.
1078 4127 1158 4188 Narn
1188 4125 1219 4188 in
1244 4124 1273 4187 G
1296 4134 1328 4187 et
1349 4126 1487 4207 opposito

134 4223 245 4293 punctu
270 4219 420 4274 versante
444 4221 546 4276 neutro
571 4217 759 4300 systematis,
789 4215 868 4278 linea
891 4224 989 4279 motus
1014 4215 1158 4277 essentiei
1182 4214 1355 4295 apparentis
1377 4223 1488 4289 manet,

136 4304 163 4365 in
186 4303 217 4376 Q
239 4308 457 4386 promovetur,
488 4302 528 4386 in¹
550 4307 688 4387 opposito
720 4305 899 4380 retrahitur,
931 4325 997 4368 cum
1026 4305 1092 4367 -illic
1115 4312 1235 4383 tempus
1258 4303 1416 4378 minuatur,
1441 4304 1489 4365 hie

137 4403 310 4473 augeatur.¹
347 4391 450 4470 Atque
472 4391 518 4454 ita
540 4393 597 4456 hae
621 4396 719 4457 lineae
743 4416 762 4456 a
784 4396 920 4475 pristinis
943 4395 1069 4457 multum
1084 4393 1242 4456 dissident.
1276 4391 1376 4463 Quare
1388 4393 1488 4464 etiam,

138 4491 203 4545 enin
232 4502 273 4545 ex
305 4478 357 4542 his
381 4479 496 4560 aliquot
518 4481 593 4544 loeis
617 4484 690 4546 visis
713 4485 852 4564 planetae
878 4486 909 4558 (e
934 4503 1055 4564 quorum
1080 4483 1199 4562 regione
1223 4481 1416 4566 supponimus
1439 4482 1486 4544 in-

138 4571 229 4634 veniri
255 4577 398 4634 centrum
422 4573 608 4651 systematis,
631 4593 737 4654 nempe
760 4575 790 4635 in
813 4567 879 4653 ipso
904 4573 991 4647 Sole)
1015 4592 1093 4633 nova
1117 4581 1147 4633 et
1165 4571 1295 4651 repetita
1310 4572 1484 4651 operatione

139 4681 245 4724 causas
270 4668 306 4722 et
330 4677 502 4720 mensuram
524 4660 749 4744 inaequalitatis
772 4662 885 4741 primae
909 4663 1133 4748 investigamus,
1158 4661 1281 4723 effectus
1303 4661 1487 4741 operationis

140 4751 271 4832 aptiori
295 4747 394 4810 multo
419 4746 528 4810 differt.

226 4839 321 4904 Nom
345 4837 423 4919 arsia
438 4846 592 4921 panaam
613 4839 770 4924 affieionis
791 4859 831 4905 ea
853 4839 971 4907 sinuato
985 4841 1050 4922 VP,
1074 4840 1108 4904 in
1130 4859 1189 4927 aaa
1212 4825 1363 4906 Brotean
1384 4841 1489 4925 ipsam
