3606 5562
645 279 662 317 ι
679 265 787 333 reserem
805 265 947 318 emensae
1408 270 1472 340 705

122 439 373 506 'transformatio
395 459 462 506 men
485 441 558 504 nihil
582 441 663 506 aliud
693 443 763 518 fuit,
796 461 883 524 quam
914 443 1053 525 ejusdem
1078 445 1277 510 restitutionis
1307 449 1472 530 ampliatio,

13 603 14 620 .
122 537 165 594 nt
194 529 431 612 intelligeretur,
463 531 589 594 diversis
614 531 835 616 hypothesibus
865 533 942 596 idem
972 535 1129 615 praestari
1176 537 1308 616 Turpes
1332 541 1472 617 affirmas,

122 620 236 684 modos
259 620 315 684 tibi
341 639 397 683 sex
420 633 601 702 superesse.
632 621 708 684 Mihi
735 641 806 685 vero
835 622 874 684 ad
901 642 998 686 meum
1025 623 1194 686 institutum
1221 628 1395 689 necessaria
1418 630 1474 692 fuit

122 709 369 800 transformatio,
393 717 427 772 ut
448 709 480 771 id
503 708 679 792 obtinerem,
702 710 781 791 quod
804 712 945 791 agebam,
969 711 1085 775 scilicet
1107 719 1141 789 nt
1162 713 1309 778 calculum
1331 716 1472 797 trianguli
1552 779 1558 792 ,

121 793 222 864 unius
238 801 271 862 in
294 799 414 869 tabulas
438 799 627 878 conjicerem.
672 798 793 866 Poterit
813 801 890 863 nlius
913 801 1041 866 forsitan
1068 801 1147 862 idern
1176 811 1331 883 praestare
1355 814 1474 868 retente

121 887 291 972 hypothesi
313 887 526 970 Tychoniana:
559 907 614 968 ego
644 895 713 951 tunc
743 889 861 970 quidem
884 898 946 954 tam
970 891 1041 952 felix
1069 909 1128 952 non
1154 891 1211 965 fui,
1241 899 1273 954 ct
1300 893 1473 957 inclinatum

13 1005 14 1036 1
120 998 174 1040 me
200 979 298 1040 fateor
321 977 360 1039 ad
382 977 505 1040 formam
529 977 693 1059 physicam,
718 997 806 1060 quarn
823 978 986 1066 amplector
1003 999 1077 1060 prae
1097 979 1214 1056 ceteris,
1238 981 1354 1062 quoties
1378 1001 1472 1064 aeque

122 1087 163 1130 ac
183 1070 315 1130 ceterae
349 1066 474 1128 officium
508 1066 587 1128 facit.
632 1065 680 1128 Ex
708 1067 895 1171 praefatibus
925 1069 964 1131 ad
986 1069 1171 1132 Hervartnm
1201 1069 1311 1151 aliquid
1342 1072 1472 1134 fortasse

13 1189 14 1196 .
120 1157 228 1237 ροιιιι
248 1155 376 1235 excerpi,
400 1155 477 1258 quod
493 1155 701 1220 refutationem
722 1155 771 1218 vel
790 1158 909 1220 omnino
928 1151 1190 1220 insimulationem
1202 1159 1334 1239 aliquam
1356 1161 1470 1241 sapiat:

122 1246 216 1328 quasi
239 1245 366 1308 obscura
389 1244 430 1306 sit
444 1244 619 1327 hypothesis
635 1251 666 1304 et
684 1245 769 1327 quasi
793 1246 914 1308 tabulae
938 1266 996 1308 non
1021 1245 1178 1308 sublevent
1201 1247 1347 1312 calculum
1368 1249 1472 1313 labore

13 1331 14 1354 l
120 1327 317 1415 triangulari.
354 1333 398 1396 At
421 1333 545 1414 primum
569 1351 624 1414 ego
647 1333 729 1396 illam
746 1335 963 1415 praefationem
983 1336 1028 1396 ita
1046 1336 1210 1412 immutavi,
1234 1345 1269 1399 ut
1287 1338 1471 1419 Tenguaglio
1541 1363 1544 1375 ι

121 1425 261 1506 placuit;
285 1423 391 1486 deinde
414 1422 487 1484 nibil
511 1443 548 1485 ex
571 1442 617 1485 me
638 1422 710 1498 dixi,
734 1423 789 1485 sed
808 1423 845 1486 ab
865 1423 934 1486 aliis
949 1433 980 1484 et
1000 1424 1038 1486 ab
1053 1385 1210 1488 Hervvartd
1228 1426 1269 1488 ad
1287 1447 1333 1489 me
1357 1428 1473 1510 scripta

122 1513 277 1589 assumti,
311 1521 344 1575 nt
375 1512 472 1574 literis
500 1520 652 1574 auctorum
681 1513 776 1574 cuivis
807 1513 911 1594 quovis
944 1499 1077 1594 tempore
1106 1513 1310 1578 demonstrare
1340 1536 1470 1597 possum.

13 1601 14 1606 ’
121 1607 171 1669 Tu
196 1622 284 1678 vero,
307 1601 334 1662 si
357 1598 477 1662 dubitas
501 1621 547 1662 me
571 1601 615 1663 ιιι
637 1600 667 1662 ιι
690 1599 878 1683 praefatione
901 1602 998 1686 loqni',
1028 1610 1097 1683 pete
1121 1603 1202 1665 illam
1226 1625 1244 1666 a
1267 1606 1471 1686 Tenguaglio;
1510 1644 1513 1650 ,

121 1700 231 1756 exstat
253 1692 333 1771 apud
356 1690 439 1752 illum
461 1710 548 1752 manu
571 1689 720 1754 Matthiae
744 1697 876 1764 (Seiffarn)
899 1689 964 1762 sine
994 1693 1112 1773 quidem
1141 1694 1322 1768 mutatione,
1354 1696 1472 1775 qualem

123 1782 309 1866 scripseram
337 1798 375 1841 ex
405 1778 564 1860 meipso,
596 1798 656 1841 non
688 1779 807 1862 qualem
836 1801 874 1843 ex
903 1781 1053 1842 sententia
1076 1781 1253 1862 Tenguaglii
1277 1783 1470 1846 immutatam.

124 1874 332 1950 Posteaquam
357 1868 518 1949 acceperis,
544 1867 652 1930 addam
677 1888 732 1950 ego
756 1888 832 1952 quae
857 1869 967 1932 fuerint
988 1876 1113 1946 mutata.
1151 1869 1235 1933 Nihil
1259 1891 1330 1952 ergo
1352 1872 1384 1934 in
1407 1892 1472 1936 mea

123 1958 394 2024 transformatione
418 1965 479 2032 est,
511 1957 589 2038 qnod
612 1966 760 2022 mereatur
783 1977 890 2022 nomen
913 1958 1115 2022 refutationis.
1134 2025 1137 2030 ,
1266 1961 1333 2022 Non
1359 1963 1472 2042 opinor,

13 2059 17 2094 Ξ
118 2059 157 2114 te
183 2049 214 2112 in
239 2047 377 2130 epistolio
402 2066 467 2109 meo
492 2047 617 2126 legisse,
647 2048 725 2128 quod
749 2047 941 2112 vehementer
963 2047 1035 2110 mihi
1058 2048 1238 2129 applaudam
1263 2048 1299 2111 de
1322 2051 1472 2114 haustor

13 2207 14 2216 ,
124 2146 214 2204 mata
236 2136 396 2220 hypothesi
419 2137 612 2218 Tychoniana
634 2136 746 2200 Lunae.
776 2140 898 2219 Itaque
926 2157 983 2200 non
1008 2155 1097 2217 aegre
1119 2137 1193 2199 mihi
1217 2137 1330 2200 iaciunt
1351 2139 1395 2201 tui
1419 2159 1512 2204 sex*
1596 2184 1598 2194 ,

124 2227 212 2294 modi
234 2226 302 2301 alii;
332 2225 405 2287 mibi
433 2226 472 2288 ad
502 2224 671 2288 institutum
700 2245 784 2290 meus
813 2227 919 2288 modus
947 2225 1066 2289 'suffecit
1088 2246 1123 2288 ac
1146 2227 1272 2290 forsitan
1296 2228 1375 2290 idem
1397 2249 1473 2292 unus

13 2327 14 2336 ’
126 2338 167 2381 ex
191 2316 251 2378 tuis
274 2334 328 2378 sex
332 2311 448 2378 fuerit.
483 2311 561 2386 Quin
579 2314 637 2376 hnc
656 2305 946 2379 commemoratione
953 2335 999 2378 me
1019 2334 1146 2378 excusas
1160 2316 1206 2378 de
1230 2336 1267 2378 ea
1290 2337 1474 2398 supervaca-

125 2425 190 2472 nea
212 2424 312 2486 opera,
337 2404 421 2484 cujus
445 2422 491 2466 me
515 2402 752 2466 insimulaveras.
798 2404 926 2468 Names
949 2405 1005 2468 tibi
1028 2404 1143 2486 placuit
1165 2425 1219 2466 sex
1242 2407 1337 2469 modis
1359 2407 1473 2484 ludere,

13 2575 15 2580 .
123 2494 245 2578 placuit
267 2493 392 2557 etmihi
415 2513 484 2556 uno.
530 2495 594 2556 Nec
618 2500 666 2555 est
688 2496 783 2575 major
806 2493 913 2574 gloria,
938 2494 1015 2575 quod
1040 2501 1072 2556 tu
1095 2493 1183 2556 hoc
1175 2514 1204 2556 ιι
1227 2495 1348 2576 ριοριιο
1371 2496 1473 2579 labore
1500 2499 1504 2508 “

125 2582 313 2666 suscepisti,
327 2601 382 2662 ego
406 2581 436 2643 in
459 2582 567 2668 alieno.
605 2583 684 2644 Nam
708 2601 783 2664 quae
808 2582 918 2664 publici
937 2583 1015 2662 juris
1039 2591 1118 2655 sunt,
1142 2583 1241 2646 aliena
1265 2585 1392 2666 amplius
1415 2585 1473 2648 nou

13 2725 14 2732 ,
124 2681 209 2738 ιιιι
255 2674 304 2736 Ita
326 2671 493 2734 Ptolemaei
517 2670 678 2734 observata
702 2669 886 2754 Gopemicus
920 2673 950 2734 in
977 2691 1061 2734 suam
1088 2672 1269 2753 hypothesin
1294 2675 1474 2750 transfudit,
1567 2715 1571 2724 -

124 2767 175 2828 ita
190 2761 331 2864 Maginqs
352 2759 590 2840 Oopemicana
582 2779 612 2822 ιι
636 2760 775 2843 antiquas
793 2761 994 2823 Ptolemaicas
1017 2761 1209 2864 hypotheses
1247 2763 1353 2844 Itaque
1376 2765 1403 2826 si
1425 2755 1474 2828 bic

125 2860 180 2916 est
202 2849 374 2932 scriptionis
396 2857 465 2911 tuae
489 2868 607 2929 scopus,
631 2856 665 2910 ut
687 2849 780 2925 dicas,
804 2869 851 2912 me
874 2849 947 2912 nihil
970 2849 1071 2928 magui
1094 2851 1293 2930 praestitisse,
1316 2852 1420 2954 aequis
1443 2861 1473 2916 te

124 2940 251 3006 auribus
275 2939 382 3001 audio:
407 2933 557 3019 nunquam
581 2931 749 3040 magnifeci.
786 2938 929 3041 Allegavi
952 2939 1109 3000 Hervvartc
1132 2958 1190 3002 nou
1215 2959 1303 3002 unam
1326 2941 1474 3022 privatam

125 3031 308 3104 utilitatem,
339 3047 428 3111 quam
456 3046 494 3088 ex
516 3027 572 3088 hoc
595 3026 737 3089 exercitio
760 3027 890 3109 percepi.
935 3027 1003 3089 Non
1026 3027 1127 3129 magni
1150 3035 1251 3090 tamen
1280 3028 1375 3105 facio,
1404 3029 1474 3111 quia

125 3141 190 3186 nen
215 3118 344 3200 imprimi
367 3116 471 3180 curavi
492 3117 648 3191 hactenus,
672 3121 727 3178 nec
750 3115 966 3178 communicavi
990 3115 1092 3177 amicis
1116 3115 1202 3178 enixe
1209 3117 1406 3210 petentibus.

218 3209 264 3272 nt
285 3208 342 3270 hoc
365 3211 454 3288 paeto
476 3226 535 3268 non
558 3205 677 3286 probas,
702 3225 749 3268 me
765 3205 975 3268 refutationem
989 3203 1140 3286 Tyehonis
1155 3195 1332 3282 instituisse,
1357 3207 1474 3270 scilicet

127 3297 220 3364 hoc
212 3317 308 3378 rpsum
331 3298 456 3360 refutas.
503 3295 581 3357 lllud
604 3294 719 3393 enixius
743 3296 823 3376 agis,
852 3303 884 3358 ut
907 3293 979 3356 mihi
1002 3312 1123 3375 scopum
1151 3293 1338 3375 potissimum
1362 3296 1473 3377 eripias

129 3387 324 3468 triangularis
352 3385 465 3450 laboris
488 3385 609 3446 sublati.
636 3373 786 3448 Primum
815 3384 877 3460 ais,
908 3373 1044 3446 consulto
1075 3384 1187 3445 factum
1210 3404 1229 3445 a
1252 3384 1409 3466 Tychone,
1441 3394 1474 3447 ut

129 3497 225 3542 causa
247 3484 339 3552 esset,
363 3495 415 3538 cur
430 3474 637 3537 adolescentes
657 3473 816 3556 triangulis
834 3492 956 3554 operam
974 3473 1089 3535 darent
1127 3471 1161 3534 Si
1184 3473 1395 3553 disputandum
1417 3475 1474 3538 hoc

130 3579 290 3642 sumerem,
315 3565 417 3639 credo,
441 3572 475 3626 ut
498 3571 545 3626 est
565 3562 819 3644 probabilitatis'
810 3561 972 3643 ungenium,
997 3561 1121 3624 dicendo
1145 3561 1234 3624 facile
1258 3564 1417 3638 efficerem,
1442 3571 1475 3626 ut

129 3666 163 3720 tu
188 3654 370 3718 eontrarium
393 3653 421 3715 ei
443 3655 582 3730 sentires,
607 3653 684 3734 quod
700 3653 801 3736 Tycho
821 3651 925 3715 sensit.
963 3650 1025 3714 Sed
1048 3669 1106 3712 non
1125 3658 1174 3712 est
1189 3670 1272 3731 opus,
1296 3653 1474 3732 praesertim

129 3745 212 3828 apud
225 3751 266 3820 te,
291 3743 340 3825 qni
360 3741 430 3818 scis,
454 3743 529 3806 artis
548 3749 670 3806 nostrae
687 3742 872 3824 ignoratione
887 3741 960 3817 fieri,
985 3739 1130 3820 utpotius
1151 3740 1254 3803 decem
1272 3742 1474 3806 astronomiae

127 3833 300 3897 valedicere
332 3832 445 3910 velint,
478 3850 566 3914 quam
596 3839 628 3892 ut
659 3851 734 3894 nnus
762 3833 802 3895 ad
828 3831 980 3934 triangula
1007 3827 1108 3893 veniat
1137 3830 1340 3892 astronomiae
1370 3849 1473 3894 causa.

129 3923 211 3988 lllnd
234 3922 343 3985 saltem
367 3921 474 3998 dicam,
496 3920 683 4002 propositum
705 3920 763 3982 hoc
785 3919 858 3983 mihi
880 3919 949 3981 ab
942 3938 1008 3999 rpso
1030 3919 1216 4000 Tenguaglio
1241 3919 1472 4000 suppeditatum.

13 4045 14 4072 l
106 4012 209 4078 'Cum
231 4013 310 4074 enim
333 4017 463 4074 sumeret
481 4009 629 4074 Matthias
653 4028 730 4072 anuo
756 4005 850 4074 1602.
875 4027 995 4089 operam
1020 4006 1169 4070 scribendi
1184 4007 1386 4089 Ephemerida
1406 4027 1473 4071 mo-

128 4111 215 4167 tuum
227 4101 331 4163 Lunae
355 4100 393 4161 ad
411 4119 522 4162 annum
544 4107 726 4181 sequentem,
749 4097 941 4179 triangularis
964 4097 1049 4180 labor
1070 4098 1159 4179 plane
1183 4097 1306 4159 multum
1329 4097 1472 4176 temporis
1537 4169 1544 4180 ‚

128 4189 280 4254 iusumsit.
326 4191 431 4270 Itaque
455 4196 486 4250 et
508 4187 710 4268 Tenguaglins
734 4199 766 4250 et
788 4187 936 4250 Matthias
957 4186 1014 4250 hoc
1044 4187 1142 4268 questi
1171 4192 1258 4261 sunt,
1289 4193 1338 4262 et,
1368 4194 1474 4250 contra

13 4335 14 4342 ,
129 4298 221 4363 quam
243 4287 275 4342 tu
294 4279 369 4380 jam,
393 4278 470 4340 satis
484 4278 602 4379 quidem
617 4297 649 4338 se
665 4279 846 4341 exercitatos
863 4295 930 4338 esse
948 4277 1115 4355 putarunt
1105 4296 1135 4337 ιι
1160 4233 1338 4356 triangulari
1358 4274 1472 4350 labore,

128 4371 184 4434 sed
207 4388 266 4430 non
290 4367 367 4446 satis
389 4365 533 4447 temporis
556 4373 586 4427 et
609 4365 731 4428 nimium
751 4367 845 4430 taedii
868 4386 900 4429 se
924 4365 1035 4430 habere
1063 4374 1247 4445 agnoverunt
1277 4364 1316 4426 ad
1346 4364 1472 4428 eandem

127 4459 211 4520 viam
233 4458 326 4520 toties
350 4455 484 4517 eu.udam
531 4455 675 4518 Dicebam
704 4476 759 4537 ego
782 4455 947 4530 Matthiae,
978 4453 1147 4518 existimare
1175 4471 1237 4530 me,
1265 4454 1307 4516 cit
1308 4445 1352 4516 ius
1380 4471 1471 4534 posse

128 4547 222 4612 scribi
251 4546 389 4620 tabulas,
421 4561 509 4625 quam
539 4544 623 4606 unius
651 4545 721 4608 anni
744 4545 951 4626 Ephemerida
998 4543 1072 4618 Ille,
1103 4542 1180 4605 idem
1210 4501 1268 4608 sibi
1290 4541 1405 4618 videri,
1435 4561 1471 4606 ac
1529 4621 1533 4629 ⁴

127 4636 264 4722 perinde,
287 4636 314 4697 si
337 4634 468 4697 director
490 4651 557 4695 esse
580 4632 680 4708 velim,
704 4633 831 4715 abrupta
852 4633 1066 4716 premeride,
1091 4650 1123 4694 se
1146 4629 1266 4693 tabulas
1288 4631 1371 4713 prius
1393 4649 1468 4694 con·

128 4728 272 4789 diturum.
318 4723 377 4787 Sed
401 4724 581 4786 factumest
605 4721 758 4785 simultate
781 4729 897 4799 nostra,
921 4731 954 4786 ιι
977 4728 1008 4784 ιι
1030 4719 1231 4801 Tenguaglins
1256 4739 1308 4782 suo
1331 4721 1468 4784 ministro

128 4817 214 4882 solus
235 4812 280 4875 uti
300 4813 388 4874 malle
402 4810 554 4875 videretur
576 4810 671 4886 (idem
695 4811 769 4874 enim
792 4813 975 4894 perlibenter
996 4831 1015 4874 a
1037 4829 1084 4874 me
1108 4807 1211 4886 audiit,
1234 4827 1324 4891 posse
1347 4809 1467 4874 tabulas

182 4915 274 4968 mres
287 4915 362 4966 onus
383 4917 418 4959 m.
1226 4912 1260 4966 ts
