3666 5532
397 283 462 354 ele
985 283 1144 358 mppnrhn.

395 469 478 552 eaque
498 465 604 548 puncti
628 467 721 535 rurodo¹
736 468 894 550 objicitur,
924 489 959 532 ac
983 471 1009 532 si
1032 471 1229 552 quantitatem
1251 471 1338 552 hujus
1362 469 1437 537 she
1459 476 1597 553 respecto
1621 469 1734 534 nullam

395 557 560 623 obtineret:
584 557 663 638 qnod
685 558 728 634 fit,
752 559 778 620 si
800 557 855 624 Sol
877 560 991 622 medias
1012 562 1115 623 Lunae
1136 559 1338 641 longitudines
1354 560 1497 624 obtineat.
1551 559 1621 631 Qua
1644 560 1735 642 igitur

391 666 537 733 'mensura
564 653 705 727 puuctum
725 645 784 710 hoc
808 649 957 712 enascitur
979 649 1009 711 in
1033 650 1163 725 lineam,
1194 649 1296 712 eadem
1319 668 1374 729 par
1397 657 1444 712 est
1466 669 1603 715 erescere
1628 657 1659 712 et
1682 671 1733 712 ec-

390 736 615 800 eeutriuitatem
633 744 662 798 et
686 739 893 816 aequationes.
939 738 1001 801 Sed
1022 738 1052 800 in
1077 739 1192 801 sinuum
1214 738 1402 820 proportione
1426 739 1461 800 tit
1482 737 1567 814 illud,
1589 759 1682 821 quare
1703 749 1734 802 et

393 827 450 895 hoc
473 825 502 888 in
524 825 716 905 proportione
740 827 855 890 sinuum
878 827 1040 890 distantiae
1063 827 1145 892 Solis
1168 849 1187 890 a
1209 829 1325 892 mediis
1338 826 1573 908 longitudinibus
1597 845 1732 892 creseere

394 920 518 979 necesse
540 922 597 976 eet

485 1001 681 1082 Transegisse
705 1003 777 1066 mihi
799 1005 923 1067 videbar
944 1005 1028 1069 hisce
1051 1005 1094 1066 sic
1117 1003 1298 1068 constitutis.
1334 1005 1379 1068 At
1391 1009 1500 1085 postea
1513 1023 1559 1066 me
1575 1005 1733 1088 deceptum

348 1151 351 1160 ,
393 1083 537 1182 intellexi,
561 1091 689 1153 nondum
713 1094 819 1174 quippe
843 1101 1027 1156 transactum
1051 1095 1146 1156 erat'
1139 1115 1168 1155 ru
1193 1094 1329 1158 solidum.
1374 1093 1452 1156 Nam
1475 1112 1528 1174 per
1541 1095 1599 1156 luas
1613 1096 1733 1176 quidem

394 1189 542 1247 extremas
565 1182 691 1261 apogaei
713 1183 816 1244 Lunae
840 1182 1028 1244 habitudines
1051 1183 1090 1244 ad
1105 1182 1208 1246 Solem
1229 1183 1376 1286 integmm
1395 1182 1450 1244 tuit
1464 1183 1546 1258 milri,
1570 1185 1731 1246 secundam

394 1273 472 1333 hanc
494 1269 740 1351 inaequalitatem
754 1272 857 1334 Lunae
880 1272 917 1332 ab
941 1289 1075 1351 apogaeo
1100 1273 1264 1351 ejusdem
1256 1272 1394 1354 incipere,
1418 1278 1508 1353 atque
1531 1271 1575 1334 sic
1596 1280 1731 1336 tantum-

393 1361 482 1424 modo
504 1379 592 1422 uuam
616 1367 648 1420 et
670 1361 794 1422 eandem
817 1361 958 1422 virtutem
980 1361 1178 1440 magneticam
1202 1361 1232 1422 in
1255 1379 1377 1441 corpore
1400 1361 1503 1426 Lunae
1525 1380 1653 1442 ponere,
1679 1364 1732 1424 sed

396 1467 460 1512 eam
484 1455 594 1530 postea
615 1449 768 1512 intendere
792 1457 845 1511 aut
866 1449 1032 1521 remittere
1066 1458 1153 1530 atque
1177 1449 1325 1528 ingenium
1350 1449 1414 1527 ejus
1437 1449 1498 1510 tale
1521 1456 1586 1524 est,
1625 1452 1731 1514 obser-

272 1563 280 1582 ·
394 1539 565 1602 vationibns
588 1538 784 1613 testantibus,
814 1549 847 1600 nt
869 1561 887 1599 a
910 1540 989 1600 linea
1011 1558 1065 1618 per
1089 1537 1189 1602 Solem
1213 1545 1244 1600 et
1266 1537 1402 1613 Terram,
1427 1538 1583 1600 sciliceta
1606 1542 1730 1620 copulis,

393 1628 525 1709 incipiat.
571 1627 652 1690 lieri
675 1627 753 1690 enim
775 1637 877 1709 potest
899 1645 952 1706 per
975 1628 1050 1690 alios
1074 1629 1150 1690 situs
1181 1625 1308 1708 apogaei
1330 1628 1369 1688 ad
1391 1625 1506 1702 Solem,
1530 1630 1670 1692 utnulla
1692 1631 1731 1691 sit

341 1709 345 1714 ’
396 1717 534 1798 aequatio
566 1717 698 1779 secunda
720 1717 806 1779 Luna
830 1723 915 1778 extra
939 1735 1103 1796 apogaeum
1128 1726 1285 1790 versante,
1319 1734 1360 1778 sc.
1386 1733 1451 1778 oum
1474 1725 1522 1780 est
1545 1717 1574 1778 in
1598 1719 1729 1800 copulis:

394 1815 426 1870 et
448 1805 581 1870 vicissim
605 1805 730 1881 accidit,
755 1814 788 1868 ut
809 1807 896 1870 Luna
919 1805 949 1868 iu
972 1825 1104 1886 apogaeo
1128 1805 1322 1886 etperigaeo
1344 1822 1469 1868 versans
1492 1805 1604 1868 habeat
1627 1816 1729 1869 tamen

394 1899 525 1978 aliquam
548 1894 755 1977 aequationem
779 1897 955 1956 secundam:
980 1895 1056 1974 quod
1077 1893 1333 1958 evidentissimum
1348 1901 1414 1954 erat
1433 1904 1648 1975 argumentum,
1673 1915 1730 1959 non

393 1997 495 2057 uuam,
524 1987 577 2046 sed
607 1985 682 2047 duas
705 1985 734 2045 in
755 1986 841 2047 Luna
864 2003 931 2045 esse
959 1985 1084 2046 virtutes
1112 1984 1314 2062 magneticas,
1345 2001 1467 2062 quarum
1490 1983 1570 2064 prior
1593 1985 1634 2047 sit
1657 2006 1729 2048 cou-

394 2083 491 2153 stans,
515 2075 662 2154 posterior
686 2092 750 2135 cnm
774 2073 908 2136 discessu
932 2074 1059 2152 apogaei
1080 2073 1129 2134 vel
1152 2072 1283 2152 perigaei
1307 2071 1413 2134 aSole
1436 2073 1485 2134 vel
1509 2073 1573 2152 ejus
1590 2075 1729 2155 oppositu

393 2156 523 2244 deficiat,
547 2171 666 2228 etcum
689 2165 852 2242 quadrante
876 2163 970 2224 distat
994 2181 1157 2242 apogaeum
1181 2183 1200 2222 a
1222 2162 1293 2224 Sole
1316 2161 1404 2240 plane
1428 2161 1618 2225 annihiletur.
1652 2163 1727 2228 Cum

392 2259 491 2316 autern
528 2251 602 2314 haec
630 2253 762 2315 secunda
793 2252 888 2314 virtus
917 2252 1003 2332 qnasi
1034 2251 1204 2330 magnetica
1227 2251 1320 2313 saciat
1350 2249 1488 2313 similiter
1509 2261 1544 2313 ut
1565 2253 1647 2332 prior
1674 2254 1728 2316 illa

390 2342 505 2404 Lunam
535 2341 619 2421 sequi
642 2342 764 2403 Terram
787 2341 911 2402 alternis
934 2351 966 2402 et
988 2341 1107 2421 lugere,
1138 2341 1360 2418 constituatque
1385 2340 1494 2419 gradus
1522 2359 1654 2403 summos
1677 2363 1729 2404 se-

393 2431 498 2510 quelae
521 2429 569 2490 vel
592 2429 679 2508 fugae
702 2431 732 2490 iu
749 2429 880 2509 quadris,
900 2430 976 2509 juga
998 2429 1027 2490 in
1051 2430 1178 2509 copulis:
1203 2431 1233 2491 in
1258 2428 1378 2509 quadris
1399 2429 1490 2510 igitur
1503 2429 1658 2496 filamenta
1677 2453 1731 2494 sua

391 2519 420 2580 io
443 2519 566 2580 Terram
588 2519 731 2600 porriget.
777 2518 872 2580 Atio
897 2518 1017 2596 quadris
1041 2519 1167 2580 circulus
1190 2519 1419 2581 illuminatorius
1441 2518 1546 2580 Lunae
1562 2519 1590 2580 in
1606 2520 1728 2584 Terram

391 2603 560 2688 porrigitur,
583 2614 616 2668 nt
639 2625 730 2684 supra
753 2605 873 2678 dictum,
896 2609 986 2689 fitque
1009 2615 1042 2668 ut
1057 2617 1179 2687 uterque
1194 2607 1419 2670 illuminationis
1435 2607 1562 2670 circulus
1577 2609 1729 2672 etLunae

392 2703 424 2758 et
445 2695 556 2757 Terrae
586 2695 756 2758 coincidunt
783 2695 813 2756 in
836 2695 915 2758 idem
938 2697 1075 2776 planum,
1107 2697 1229 2777 perinde
1252 2715 1287 2757 ac
1311 2697 1416 2758 sidon
1439 2707 1597 2776 magnetes
1622 2707 1730 2778 aptent

391 2785 544 2847 filamenta
583 2783 612 2846 in
650 2785 772 2846 eandem
804 2779 937 2859 rectam,
975 2786 1074 2864 capite
1105 2786 1191 2846 unius
1220 2793 1290 2866 post
1322 2785 1447 2848 caudam
1469 2786 1595 2848 alterins
1618 2795 1730 2851 stante.

391 2875 473 2954 Ergo
496 2873 667 2952 conjectura
689 2873 816 2954 physica
836 2873 964 2953 subjecit
977 2875 1155 2955 opinionem,
1178 2875 1319 2936 virtutem
1338 2874 1414 2937 hano
1433 2867 1596 2938 secundam
1611 2877 1729 2940 omniuo

393 2963 556 3026 consistere
581 2963 610 3024 in
634 2962 849 3026 illuminatione
873 2981 1027 3044 corporum
1051 2983 1069 3024 a
1093 2962 1179 3038 Sole3
1209 2981 1267 3025 nou
1290 2970 1444 3044 utsupra,
1480 2972 1629 3044 qnatenus
1652 2967 1728 3028 haec

391 3051 569 3116 illuminatio
602 3051 742 3114 fortiiicet
769 3051 898 3132 priorem
927 3053 1067 3117 virtutem
1099 3052 1313 3132 magneticam,
1352 3059 1383 3114 et
1411 3053 1495 3116 velut
1521 3053 1551 3114 in
1579 3054 1634 3134 jus
1666 3057 1728 3158 ejus

391 3150 541 3218 transeat,
572 3141 626 3203 sed
648 3161 701 3222 per
724 3161 767 3216 se,
791 3159 845 3203 suo
867 3141 962 3220 ipsiu's
995 3149 1133 3220 separato
1157 3143 1227 3202 sito.
1261 3141 1327 3203 Hoc
1351 3141 1427 3204 enim
1449 3141 1550 3222 posito
1574 3146 1730 3224 superiora

351 3301 354 3308 ,
390 3250 449 3292 non
464 3231 692 3294 evertebantur.
738 3231 884 3325 Apogaeo
914 3231 992 3292 enirn
1015 3231 1157 3292 Lunae'
1149 3251 1178 3292 m
1203 3230 1283 3293 Solis
1306 3231 1372 3292 loco
1396 3237 1535 3293 versante
1558 3232 1730 3296 coincidunt

391 3320 452 3382 situ
475 3320 570 3382 virtus
593 3329 728 3400 utraque,
752 3309 830 3400 quo'd
852 3319 1026 3383 tantundem
1049 3327 1116 3390 est,
1142 3322 1190 3381 ac*
1202 3319 1227 3381 si
1249 3329 1283 3381 nt
1305 3339 1396 3401 sopra
1415 3320 1522 3397 dinam,
1546 3321 1676 3385 alteram
1692 3323 1728 3386 ab

392 3410 489 3473 altera
512 3409 647 3470 totaliter
670 3408 831 3471 fortificari.

480 3496 560 3569 Quid
582 3517 657 3559 vero
677 3497 714 3560 ad
736 3496 794 3558 hoc
811 3517 910 3560 sumus
933 3497 1048 3572 dicturi,
1073 3497 1150 3579 quod
1171 3496 1356 3576 experientia
1374 3497 1618 3571 observationum
1632 3500 1728 3576 docet

393 3587 470 3649 hanc
495 3586 635 3650 virtutem
659 3587 828 3660 secundam,
853 3586 1040 3668 aequationis
1064 3586 1211 3648 secundae
1222 3586 1411 3661 effectricem,
1435 3586 1584 3650 interdum
1601 3608 1729 3652 evanes-

393 3695 459 3736 cere
492 3682 604 3749 totem,
637 3682 670 3738 ut
699 3695 765 3738 curn
789 3682 836 3737 est
857 3693 1023 3754 apogaeum
1045 3676 1111 3737 loco
1134 3675 1230 3737 medio
1253 3675 1332 3737 iuter
1355 3673 1435 3738 Solis
1459 3677 1557 3740 lucrm
1579 3685 1612 3739 et
1635 3697 1728 3760 oppo-

392 3765 498 3838 situm;
522 3782 589 3825 cum
612 3771 716 3827 contra
738 3765 812 3826 haec
835 3763 1011 3826 illuminatio
1035 3783 1189 3846 corpomm
1211 3786 1231 3826 a
1248 3762 1320 3826 Sole
1343 3764 1384 3826 eit
1404 3765 1572 3847 perpetua?

482 3850 607 3916 Scilicet
628 3853 684 3915 hnc
707 3855 827 3934 iusuper
850 3853 945 3915 adhue
969 3853 1169 3926 limitandum,
1193 3853 1438 3916 illuminationem
1462 3874 1516 3916 suo
1541 3853 1662 3936 quidem
1680 3876 1727 3920 se-

319 3947 323 3955 '
392 3949 498 4023 parato
527 3942 604 4018 situ,
638 3951 671 4004 ot
697 3945 761 4025 jam
790 3942 919 4023 positum
943 3950 1024 4018 erat,
1054 3943 1131 4005 effici
1158 3943 1338 4018 virtuosam,
1370 3950 1403 4004 at
1425 3962 1482 4004 non
1505 3963 1538 4006 se
1562 3943 1645 4024 ipsa,
1679 3945 1729 4007 sed

394 4040 541 4112 quatenos
566 4051 584 4092 a
606 4032 704 4112 priore
728 4033 837 4094 virtute
861 4031 1030 4112 magnetica
1043 4050 1097 4111 per
1110 4031 1339 4112 applicationem
1354 4032 1418 4111 ejus
1433 4032 1540 4112 capitis
1555 4033 1602 4094 vel
1617 4034 1728 4096 caudae

393 4119 542 4183 imbuitur.
587 4121 655 4183 Non
685 4121 776 4200 igitur
799 4123 828 4183 in
852 4121 935 4183 illam
959 4121 1069 4182 transit
1090 4121 1298 4191 fortificationis
1323 4141 1394 4196 sna,
1419 4121 1475 4183 sed
1495 4121 1595 4202 potius
1618 4123 1728 4204 aliquid

394 4210 431 4272 de
463 4210 517 4271 illa
541 4207 597 4272 sibi
619 4209 759 4290 privatim
783 4211 966 4290 appropriat.
1011 4209 1090 4272 Nam
1112 4209 1224 4290 seipsa
1246 4211 1364 4291 quidem
1386 4211 1522 4291 utrinque
1545 4210 1585 4272 ad
1607 4211 1729 4274 Terram

394 4299 560 4378 aequaliter
581 4297 674 4360 habet
695 4300 880 4374 illuminatio,
904 4320 958 4362 nec
981 4319 1073 4362 cansa
1096 4307 1152 4375 est,
1176 4300 1341 4379 corpotins
1356 4301 1472 4362 Lunam
1486 4300 1610 4362 aTerra
1629 4301 1728 4382 fugere

395 4388 497 4462 iaciat,
522 4407 607 4468 quam
632 4389 783 4463 accedere,
805 4408 912 4469 curque
937 4391 1039 4451 eadem
1061 4389 1152 4469 plaga
1170 4389 1236 4468 jam
1258 4389 1368 4468 fugiat,
1387 4389 1451 4469 jam
1474 4395 1627 4470 sequatur.
1673 4391 1729 4454 Illa

394 4497 466 4538 vero
484 4477 579 4558 prima
600 4477 696 4539 virtus
719 4479 889 4555 magnetica
912 4477 1047 4540 diversas
1070 4478 1116 4540 sui
1139 4479 1264 4558 plagas,
1289 4486 1379 4560 caput
1402 4485 1432 4539 et
1454 4479 1579 4540 caudam
1603 4479 1728 4542 diversis

264 4619 269 4630 .
362 4575 364 4578 ’
394 4565 618 4628 illuminationis
641 4566 740 4645 plagis
764 4565 831 4627 aliis
853 4567 1036 4645 temporibus
1059 4566 1147 4629 aliter
1169 4568 1336 4649 applicans,
1361 4567 1430 4629 illas
1453 4566 1559 4630 imbuit
1581 4567 1726 4632 similiter.

413 4692 416 4698 ·
483 4655 519 4718 Si
546 4654 688 4757 physicus
711 4653 817 4736 aliquis
842 4655 961 4716 credere
985 4677 1043 4720 nou
1066 4663 1176 4736 potest,
1201 4657 1298 4719 lumen
1321 4655 1526 4732 adventitium,
1551 4657 1631 4740 quod
1654 4678 1727 4762 qua-

396 4742 469 4806 litas
493 4751 549 4819 est,
574 4762 689 4824 corporr
682 4743 801 4807 Lunae
823 4762 932 4805 novam
946 4746 1145 4808 conciliare
1117 4764 1176 4806 vrm
1190 4745 1397 4826 magneticam,
1423 4744 1571 4840 imbuique
1594 4768 1615 4810 a
1631 4749 1727 4830 priore

396 4831 463 4898 illa
479 4832 508 4899 vi
536 4831 719 4916 magnetica,
750 4844 782 4894 nt
805 4833 881 4898 alias
905 4852 1029 4915 corpora
1050 4835 1148 4900 ferrea
1169 4833 1337 4902 imbuuntur
1359 4855 1379 4900 a
1401 4853 1557 4920 corporum
1580 4838 1727 4924 magneti
