3606 5562
670 359 939 415 recessuram
1402 358 1474 434 '⁷37
1524 443 1527 456 Ι
1591 404 1597 423 ,

215 541 268 605 Ει
289 543 347 606 boc
375 541 467 624 Igitur
494 542 632 623 exemplo
659 541 772 604 cernite
802 542 929 624 primum
952 538 1123 623 Elppsrchi'
1147 543 1341 620 iudustriam,
1373 546 1474 628 quiin

126 630 238 696 mediis
253 632 514 695 Macedonicorum
531 637 663 693 motuum
682 632 857 696 tumultibus
872 651 926 714 per
945 631 1045 694 decies
1068 639 1195 694 centena
1215 631 1359 713 passuum
1381 635 1476 697 millia

127 721 261 802 vestigia
279 718 404 783 'umbras
426 719 553 783 Lunaris
575 719 747 800 indagavit,
775 740 841 783 cum
868 728 951 783 esset
972 720 1183 784 astronomiam
1207 741 1296 804 super
1318 723 1373 786 hoc
1397 723 1474 786 deli-

129 810 199 892 quio
223 817 438 874 exstructores.

219 894 417 962 Considerate
441 896 583 978 amplius,
607 915 792 980 nequaquam
815 899 876 962 ista
898 897 997 979 perfici
1020 898 1109 960 aliter
1130 898 1283 980 potuisse,
1306 901 1364 964 nisi
1387 919 1475 982 reges

127 988 235 1062 Asiae,
259 986 467 1061 Macedoniae,
490 987 634 1068 Aegypti,
658 988 793 1068 quamvis
811 995 882 1052 tunc
902 989 939 1051 de
957 1005 1056 1050 rerum
1074 1007 1189 1049 summa
1211 989 1289 1052 inter
1310 1009 1377 1052 sese
1401 1009 1473 1053 oon-

129 1083 282 1139 certantss
315 1075 458 1138 acerrime
491 1083 629 1156 terraque
661 1084 693 1137 et
723 1078 799 1138 mari
832 1084 1007 1160 grassantes
1018 1099 1033 1151 ,r
1059 1077 1090 1138 in
1118 1078 1206 1139 unius
1233 1087 1336 1140 tamen
1364 1080 1474 1160 priuati

127 1165 256 1228 hominis
274 1174 347 1227 vota
365 1165 520 1227 uusuImes
541 1165 765 1236 consensissent
786 1167 912 1248 iterque
928 1173 1023 1229 tutum
1046 1165 1090 1227 illi
1114 1166 1189 1228 artis
1213 1169 1473 1248 praeclarissimae

128 1255 229 1318 studio
250 1254 490 1335 praestitissent,
514 1254 617 1317 forsan
641 1260 673 1315 et
688 1256 842 1318 sumtibus
861 1255 1021 1336 J'uvIssent.
1069 1251 1074 1260 '
1520 1319 1527 1338 ,

216 1343 288 1406 sam
309 1362 380 1406 vero
400 1342 531 1405 adhaec
550 1349 657 1406 nostra
674 1361 782 1406 revoco
801 1351 946 1426 tempora,
969 1344 1074 1429 quibus
1093 1351 1163 1424 post
1181 1343 1268 1423 jacta
1285 1363 1339 1424 per
1351 1345 1472 1427 Tycha-
1506 1385 1525 1405 .·

13 1465 17 1496 ι
126 1451 196 1494 uem
218 1432 317 1496 Brahe
341 1431 524 1495 solidissIma
546 1431 740 1496 fundamenta
764 1433 797 1495 id
823 1435 909 1496 unice
937 1433 1054 1513 agitur,
1086 1439 1121 1494 ut
1147 1435 1362 1497 astronomiam
1384 1453 1473 1516 quam

13 1535 16 1566 ¹
125 1520 378 1603 perfectissimam
401 1521 586 1597 habeamusJ
617 1528 648 1583 et
669 1522 748 1602 quod
771 1541 867 1585 meam
889 1523 1006 1604 partem
1029 1521 1152 1597 attinet,
1176 1531 1292 1604 tempus
1316 1523 1419 1586 forsan
1442 1531 1473 1585 et

125 1617 254 1674 externa
277 1609 459 1673 admInicula
479 1610 554 1672 mibi
576 1609 741 1687 defuerint,
769 1613 886 1674 animus
909 1619 990 1674 certe
1013 1631 1161 1693 nunqnam
1185 1611 1284 1690 deest,
1315 1631 1472 1676 successus

125 1715 213 1781 spem
234 1698 387 1792 praebuit,
411 1698 638 1761 observationes
661 1701 803 1762 adsunt
794 1721 822 1763 ru
847 1703 948 1782 copia,
970 1701 1082 1782 quales
1105 1701 1228 1782 quaevis
1250 1709 1416 1781 temporum
1440 1709 1472 1763 et

124 1797 259 1852 motuum
289 1787 421 1851 conditio
452 1787 593 1850 exhibet:
627 1789 694 1852 sola
723 1789 799 1852 haec
820 1790 994 1871 Hipparcho
1017 1796 1162 1869 usurpata
1184 1791 1303 1853 occasio
1327 1791 1471 1852 hactenus

124 1875 231 1952 defuit,
254 1883 289 1939 ut
310 1895 365 1957 per
388 1876 537 1939 defectum
559 1877 641 1940 Solis
665 1879 791 1942 diversis
818 1879 894 1943 locis
918 1886 1057 1942 accurate
1080 1879 1272 1942 observatum
1294 1880 1430 1942 eadem
1420 1900 1470 1942 rn-

125 1966 349 2048 vestigarentur
372 1953 556 2047 expeditius,
587 1981 662 2047 quae
692 1967 811 2030 aliunde
840 1988 954 2050 quoque
976 1969 1130 2031 innotuere
1153 1988 1207 2050 per
1229 1968 1380 2048 longiores
1403 1987 1470 2031 am-

124 2057 239 2136 bages,
270 2055 371 2138 itaque
401 2073 565 2117 consensus
597 2055 718 2118 veritati
747 2057 907 2138 praeberet
935 2057 1145 2121 testImonium'.
1193 2057 1309 2130 Quodsi
1339 2057 1470 2120 seculum

125 2151 268 2206 exactum
291 2145 540 2224 contemplemur,
564 2145 734 2208 rarissimas
758 2146 924 2209 videbimus
947 2146 1113 2227 hujusmodi
1137 2147 1319 2210 occasiones.

216 2233 304 2295 Auno
330 2228 416 2296 1541
439 2251 547 2312 magna
570 2233 628 2296 fuit
650 2234 770 2315 eclipsis
793 2244 825 2297 et
847 2235 956 2299 alicubi
978 2235 1083 2298 totalis
1102 2241 1134 2298 et
1152 2235 1342 2298 mediocriter
1365 2235 1470 2297 adulto
1591 2241 1595 2250 '

125 2321 196 2398 die;
228 2337 371 2402 cumque,
402 2327 436 2383 nt
460 2319 587 2383 Gemma
614 2323 729 2386 Frisios
745 2325 932 2400 ··adnotavit,
963 2324 1086 2387 inferior
1114 2325 1195 2388 Solis
1208 2335 1302 2406 pars·
1325 2324 1471 2387 defecerit

123 2411 272 2485 Lorauii,
304 2410 548 2474 meridionalibus
578 2411 671 2490 igitur
703 2412 776 2476 locis
805 2413 913 2476 alluubi
942 2421 1024 2476 totus
1048 2411 1103 2476 Sol
1131 2423 1202 2494 post
1223 2413 1340 2476 Lunam
1368 2413 1467 2476 latuit.

124 2500 242 2580 Magus
259 2499 486 2581 opportunitas,
511 2500 565 2561 sed
588 2501 740 2581 neglecta,
766 2503 843 2564 forts
867 2503 944 2585 quod
969 2511 1039 2564 tunc
1063 2503 1263 2566 astronomiae
1286 2502 1468 2565 restauratio

123 2605 184 2651 uon
207 2587 405 2662 itaferebat,
429 2588 686 2652 observationibus
708 2591 941 2654 accuratioribus
963 2591 1092 2654 nondum
1117 2591 1310 2672 contignatis.

212 2675 303 2740 Anno
329 2673 414 2740 1560
435 2677 558 2758 eclipsis
581 2677 663 2741 Solis
687 2686 718 2743 et
740 2681 845 2744 totaIIs
869 2681 953 2744 etin
975 2679 1098 2742 meridie
1121 2681 1179 2742 fuit
1200 2680 1231 2742 in
1247 2679 1416 2754 Lusitania,
1440 2685 1471 2744 eb

124 2765 361 2829 observataest‘
378 2765 493 2848 passim
511 2783 567 2846 per
587 2765 791 2844 Germaniam,
815 2768 976 2849 digitomm
998 2776 1099 2834 tamen
1121 2789 1261 2833 uumerus
1284 2770 1353 2831 sola
1369 2768 1470 2836 aesti-

124 2854 256 2918 matione
280 2855 361 2917 nullo
389 2853 514 2917 artificio
542 2853 698 2935 proditus3
732 2857 833 2938 itaque
861 2877 920 2921 uon
949 2858 1094 2938 majorem
1122 2859 1160 2920 ad
1183 2859 1402 2921 certitudinem
1415 2877 1470 2920 nos
1537 2889 1568 2947 3

122 2943 285 3026 perducere
313 2950 386 3025 apta
415 2953 480 3017 est,
510 2961 598 3024 quam
620 2944 824 3025 Hipparchum
851 2965 908 3008 sua
933 2947 1082 3028 perduxit.
1127 2948 1217 3010 Adde
1240 2947 1319 3027 quod
1342 2954 1374 3009 et
1395 2946 1470 3009 haee

123 3041 156 3097 et
178 3051 254 3114 quae
278 3052 355 3099 anuo
381 3027 464 3095 1567
489 3039 616 3114 sequuta
637 3040 695 3108 est,
718 3035 866 3097 Romae'
857 3054 888 3096 m
910 3034 1032 3096 meridie
1052 3035 1203 3110 centralis,
1227 3035 1447 3097 astronomos'
1439 3055 1470 3096 ιιι

123 3123 261 3186 diversas
284 3128 442 3184 manarunt
464 3121 631 3185 sententias
654 3142 743 3205 super
756 3125 924 3204 quantitate
939 3123 1077 3186 diametri
1091 3123 1212 3198 Lunae;
1236 3143 1325 3204 quarn
1345 3130 1468 3185 contro·

122 3211 254 3274 versiam
274 3210 306 3273 iu
321 3209 440 3291 Opticis
456 3209 532 3274 meis
547 3210 696 3291 explicavi
711 3231 777 3293 cap.
796 3211 881 3275 VIII.
914 3213 966 3275 Ita
986 3213 1061 3273 fides
1084 3210 1202 3274 illarum
1226 3211 1468 3275 observationum

13 3307 16 3342 ³
122 3319 215 3382 penes
239 3297 379 3363 auctores
402 3307 459 3363 eet.
505 3298 638 3379 Sperant
663 3307 765 3364 autem
791 3319 908 3363 mecum
936 3301 1022 3364 multi
1054 3301 1137 3376 fore,
1168 3307 1203 3364 ut
1233 3301 1282 3382 qni
1311 3307 1467 3380 utramque

13 3397 15 3434 f
123 3390 272 3452 dictarum
294 3389 450 3470 eclipsium
471 3388 632 3452 memoriae
655 3389 851 3471 consignavit,
877 3389 1111 3471 christophorus
1133 3389 1268 3464 Clarius,
1291 3389 1338 3451 vir
1361 3389 1397 3450 de
1420 3389 1469 3468 hIs

13 3485 16 3508 f
121 3479 238 3542 artibus
262 3479 372 3560 optime
394 3478 529 3554 meritus,
552 3479 705 3542 luculenta
727 3480 828 3562 aliqua
850 3480 1021 3544 narratione
1044 3497 1097 3541 seu
1119 3479 1239 3560 publica
1261 3498 1314 3541 sen
1336 3478 1466 3560 privata,

119 3569 294 3650 priusquam
313 3587 351 3629 ex
373 3566 429 3630 bac
448 3568 527 3644 vita,
549 3568 611 3650 jam
635 3587 728 3632 senex
749 3570 918 3645 admodum,
942 3568 1089 3644 discedat,
1113 3587 1169 3632 uos
1191 3588 1231 3632 ex
1252 3569 1290 3631 iis
1314 3566 1466 3648 ambigui-

13 3663 16 3702 ι
118 3657 235 3720 tatibus
266 3656 392 3738 eripiat,
424 3656 455 3719 iu
487 3656 593 3738 quibus
614 3661 671 3720 nob
694 3657 1030 3745 aelectionepallegati
1055 3658 1113 3721 loci
1135 3677 1267 3721 meorum
1290 3657 1465 3741 Opticorurn

120 3763 285 3828 suspensos
309 3746 405 3808 teneri
426 3745 521 3808 videt.

209 3831 270 3897 Sed
293 3835 333 3897 ad
356 3854 453 3898 meum
476 3835 645 3908 institutum
667 3836 758 3897 redeo
782 3841 813 3898 et
834 3853 927 3917 pergo
950 3836 990 3897 ad
1013 3843 1173 3916 sequentes
1197 3835 1335 3916 eclipses.
1380 3833 1465 3905 Quas
1496 3915 1499 3927 ,

13 3943 14 3950 ¹
66 3951 72 3960 ·
118 3923 199 3988 euim
221 3923 366 3986 hactenus
391 3925 628 3994 commemoravi,
650 3941 748 3986 meum
771 3931 868 3986 ortum
889 3943 992 3986 omues
1009 3932 1247 4007 praeverterant.
1280 3923 1363 3986 Anni
1379 3921 1465 3988 1579

117 4012 243 4093 eclipsis
264 4031 376 4094 magua
397 4015 535 4095 quidem,
568 4014 622 4076 sed
645 4011 717 4074 Sole
746 4013 869 4076 nimium
896 4014 1039 4076 inclinato
1070 4014 1109 4074 ad
1137 4031 1294 4086 occasum,
1325 4011 1465 4076 instituto
1552 4076 1555 4082 ,

117 4110 361 4166 ιιιιοιιοιιιοιιιιιι
383 4122 441 4164 nou
465 4103 522 4165 fnit
543 4101 659 4165 idonea.
692 4102 782 4164 Anno
810 4099 893 4166 1590
915 4103 1012 4165 minor
1034 4103 1092 4164 fuit
1115 4103 1295 4175 obscuratio,
1321 4119 1408 4182 qnam
1431 4110 1466 4164 nt

116 4190 225 4254 umbra
246 4191 351 4255 Lunae
372 4209 426 4272 per
447 4191 609 4273 Europam,
634 4210 692 4271 qua
710 4190 901 4255 Christianus
923 4191 1087 4272 porrigitur
1109 4192 1199 4267 orbis,
1223 4191 1326 4273 quaeri
1348 4198 1462 4271 posset.
1529 4177 1531 4190 ’

117 4281 209 4344 Auno
228 4276 314 4344 1598
332 4280 437 4342 umbra
451 4281 556 4342 Lunae
574 4281 626 4343 vix
648 4288 814 4343 extremum
836 4288 868 4342 et
889 4279 1071 4362 inhospitum
1095 4279 1199 4360 attigit
1218 4279 1461 4362 septentrionem,

118 4389 155 4432 ⁸⁰
178 4369 1152 4522 ”ttttdtfflttt‘ttttt¹”tttttttttts
1188 4456 1360 4538 quassus
1395 4453 1461 4518 aa.

117 4549 209 4613 Auno
227 4543 307 4612 1601
328 4547 433 4610 umbra
448 4549 551 4609 Lunae
574 4547 692 4628 longius
716 4547 808 4610 etiam
822 4567 911 4629 quam
933 4567 1010 4612 anno
1036 4543 1119 4611 1596
1142 4547 1161 4608 a
1183 4545 1349 4608 meditullio
1373 4544 1462 4607 faciei

117 4637 286 4700 Terrestris
307 4653 413 4700 versus
436 4636 655 4718 septentriones
678 4636 839 4700 aberravit.

208 4727 278 4790 Jam
292 4745 380 4808 porro
394 4727 478 4790 nulla
493 4724 579 4788 nobis
598 4725 802 4805 exspectanda
815 4724 936 4807 eclipsis
951 4743 1060 4804 magna
1073 4743 1167 4804 usque
1183 4723 1222 4786 ad
1236 4743 1346 4786 aunum
1365 4717 1459 4798 1621,

119 4814 206 4896 cujus
230 4820 262 4876 et
276 4815 463 4896 sequentium
479 4831 622 4876 annorum
638 4813 769 4918 deliquia
786 4834 896 4896 magna
918 4813 955 4876 iis
979 4813 1160 4887 commendo,
1186 4814 1236 4896 qui
1258 4820 1330 4875 tnnc
1352 4811 1459 4876 victuri

120 4910 200 4968 sunt.
247 4901 322 4967 Sola
341 4905 430 4985 hujus
451 4903 522 4985 agni
547 4899 629 4967 1605
653 4901 791 4986 eclrpsis,
820 4904 899 4986 quod
921 4897 1106 4965 observatio
1113 4920 1182 4964 mea
1203 4899 1321 4977 docuit,
1343 4900 1389 4964 siu
1412 4908 1460 4964 est

173 5005 262 5058 nutui
275 5007 351 5058 opere.
371 5009 407 5051 m.
1217 5004 1250 5056 17
