3606 5562
368 289 435 398 a,

369 476 461 540 multo
485 485 533 540 eet
557 478 653 558 majus
678 497 793 542 summa
815 481 1027 562 quadratorum
1050 499 1088 542 ex
1111 479 1247 544 omuibus
1271 477 1334 542 suia
1355 477 1503 566 partiam
1542 477 1607 540 ffic·
1622 477 1700 552 igitur

368 568 522 629 commoda
545 569 704 631 admodum
728 569 813 630 nobis
837 569 949 632 accidit
970 569 1207 652 aequipollentia
1229 570 1308 631 iuter
1329 569 1400 640 Ns,
1424 567 1482 628 ΜΒ
1502 566 1559 629 tac.
1583 572 1615 627 et
1635 565 1701 628 inter

369 657 435 730 AB,
459 656 513 721 ΒΟ
538 657 589 720 uc.
638 656 717 728 Quia
745 657 822 720 enim
852 659 1016 740 indigemus
1047 660 1179 740 ipsomm
1201 659 1271 732 NA,
1294 659 1355 720 ΜΒ
1379 655 1636 736 quadratis,.uou
1656 673 1700 734 per

367 765 409 818 se,
434 746 487 808 sed
510 745 547 807 ob
572 755 703 809 mutuam
735 765 838 809 eorum
869 749 1111 828 proportionem:
1143 749 1192 810 hic
1216 747 1301 810 uobi's
1335 743 1471 810 subsidio
1499 744 1585 806 venit
1606 742 1701 806 tuem

365 833 509 915 Byrgius,
541 836 762 914 proportionem
793 837 897 899 horum
927 839 1139 918 quadratorum
1169 855 1321 918 exponens
1344 835 1374 897 iu
1399 833 1488 896 lineis
1514 833 1620 896 rectis.
1662 832 1701 896 Sit

350 923 443 984 enim
466 923 495 984 in
519 924 690 987 continuato
724 926 899 1006 quadrantis
931 928 1027 990 nostri
1051 927 1162 990 circulo
1196 925 1402 988 semicirculus
1424 919 1523 994 NQT,
1548 922 1700 983 divisusiu

364 1019 467 1091 partes
491 1031 612 1076 numero
636 1016 938 1095 aequalespartibns
963 1017 1139 1098 quadrantis
1153 1014 1215 1078 NG
1238 1013 1423 1096 aequalibus,
1450 1011 1620 1091 quantitate
1640 1030 1700 1074 vero

366 1099 472 1180 duplas
495 1102 615 1164 illarum
622 1121 631 1176 ;
656 1113 688 1165 et
701 1105 763 1165 siut
784 1123 905 1167 arcuum
929 1105 1107 1168 semicirculi
1131 1103 1265 1185 sagittae
1283 1111 1317 1166 ut
1330 1102 1380 1166 hic
1403 1101 1505 1164 ordine
1530 1099 1633 1162 videre
1654 1109 1700 1161 est

365 1274 483 1354 taraus
505 1299 663 1368 quaereres
712 1301 764 1354 cn
813 1302 867 1356 nr*
911 1301 964 1356 on
1009 1303 1058 1357 en
1106 1301 1160 1356 oss
1203 1301 1255 1356 cn
1341 1340 1374 1388 u,
1393 1333 1489 1388 hom,
1511 1333 1646 1406 qum,

365 1365 368 1418 Ι
392 1379 395 1390 Ι
480 1377 560 1469 siim
1422 1415 1494 1470 iuter
1517 1433 1567 1468 ae:
1698 1382 1702 1452 i

463 1538 591 1610 &gimo
711 1541 756 1596 SV
811 1542 864 1597 ΒΧ
911 1543 958 1605 QY
1008 1543 1059 1598 PX
1080 1544 1083 1594 ί
1107 1543 1156 1596 ov
1203 1515 1253 1596 N‘T
1302 1495 1341 1550 sic
1361 1495 1416 1550 hae
1439 1495 1532 1548 lineae
1554 1494 1626 1550 iuter
1644 1511 1676 1547 se.

1572 1643 1699 1655 *-

450 1719 520 1784 Jam
549 1741 620 1784 vero
652 1725 741 1788 binae
773 1726 904 1807 sagittae
929 1725 988 1790 OV
1012 1734 1044 1787 et
1067 1725 1121 1789 SV
1155 1734 1286 1807 aequant
1317 1725 1496 1788 diametrum
1523 1716 1640 1801 circuli,
1665 1722 1701 1784 sic

364 1811 454 1872 etiam
478 1811 544 1886 PX,
567 1813 637 1876 ΒΧ.
685 1815 786 1887 Quare
813 1834 867 1897 pro
900 1815 1055 1899 quadratis
1080 1815 1138 1878 ΑΝ
1162 1825 1195 1876 et
1218 1813 1280 1877 GG
1303 1814 1375 1890 (lucc
1405 1812 1565 1890 analogice
1594 1812 1699 1892 appello

364 1902 558 1979 quadratum)
596 1903 723 1966 sumitur
763 1905 912 1968 diameter
948 1906 1019 1979 NT,
1062 1923 1116 1986 pru
1157 1903 1315 1985 quadratis
1353 1903 1435 1978 ΒΜ,
1472 1901 1531 1964 ‘FB
1571 1901 1701 1964 diameter

366 1989 445 2064 alia,
489 2007 544 2069 pro
583 1993 738 2072 quadratis
770 1993 841 2070 CL,
872 1995 915 2056 EI
945 1994 1055 2068 tertia,
1095 1994 1222 2074 deniqne
1257 2011 1311 2072 pro
1348 1992 1495 2073 quadrato
1524 1991 1585 2052 ΒΚ
1618 1991 1696 2052 semi-

311 2137 315 2154 ,
365 2078 510 2141 diameter
535 2079 606 2152 YQ.
656 2082 764 2163 Itaque
795 2083 836 2156 si,
866 2090 938 2164 quot
966 2091 1035 2146 sunt
1065 2082 1196 2164 partium
1228 2080 1395 2162 aequalium
1435 2078 1612 2161 quadrantis
1643 2087 1697 2140 ter-

364 2167 449 2242 mini,
488 2177 534 2230 tot
571 2171 752 2235 constituam
789 2173 1078 2242 semidiametromm
1116 2189 1276 2244 summam,
1313 2170 1412 2233 habeo
1449 2187 1598 2232 summam
1631 2188 1698 2254 qua-¹

316 2253 318 2260 ’
364 2257 517 2319 dratomm
555 2260 683 2322 omnium
722 2261 838 2324 sinuum
873 2263 912 2325 ad
949 2261 1019 2324 illas
1055 2267 1169 2343 partes.
1221 2259 1262 2321 Et
1295 2259 1364 2338 quia
1398 2251 1596 2340 terminorpui
1627 2275 1695 2318 sem·

363 2362 417 2424 per
439 2365 497 2408 uno
519 2346 587 2426 plus
610 2357 675 2424 est,
707 2368 794 2431 quam
817 2350 964 2429 partium:
998 2350 1065 2412 ideo
1090 2350 1241 2411 sciendum
1267 2357 1333 2423 est,
1367 2367 1425 2428 quo
1450 2347 1549 2428 magis
1578 2347 1695 2410 minutae

362 2434 533 2516 multaeque
556 2435 631 2497 finnt
652 2438 740 2499 unius
773 2440 947 2518 quadrantis
971 2446 1091 2519 partes,
1122 2439 1177 2500 hoc
1200 2437 1478 2519 magistermiuum
1501 2437 1581 2499 hune
1603 2453 1704 2514 super-1

363 2523 561 2584 numerarium
587 2543 775 2588 evanescere.
814 2529 922 2606 ltaque
942 2547 996 2607 pro
1013 2524 1056 2591 90
1071 2529 1209 2607 partibus
1232 2528 1408 2607 quadrantis
1427 2523 1470 2590 90
1494 2509 1694 2588 semidiametri

364 2618 480 2673 sumtae
496 2615 730 2692 quamproxime
746 2615 930 2677 constituunt
946 2635 1091 2678 summam
1106 2617 1238 2678 omnium
1257 2616 1481 2698 quadratomm.
1514 2614 1694 2694 Reliquorum

364 2718 484 2762 arcuum
507 2719 639 2762 summae
663 2703 850 2784 colligendae
872 2713 943 2766 suut
959 2724 996 2767 ex
1013 2705 1155 2768 contiuua
1173 2705 1323 2768 additione
1345 2705 1523 2780 secantium,
1546 2709 1582 2764 ut
1598 2703 1695 2764 sciatur

364 2790 518 2868 quantitas
542 2791 665 2852 effectus
689 2792 717 2854 in
741 2812 800 2855 uuo
823 2793 957 2874 quolibet
979 2814 1051 2856 arcu
1079 2795 1242 2856 distantiae
1267 2795 1370 2856 Lucae
1393 2813 1412 2855 a
1435 2793 1508 2856 Sole
1532 2792 1580 2854 vel
1604 2795 1628 2864 8
1651 2785 1692 2866 Θ.

363 2877 429 2940 Hoc
452 2878 553 2960 itaque
577 2890 669 2960 pacto
692 2883 742 2958 rit,
772 2891 806 2945 ut
834 2883 1082 2946 accelerationem
1114 2883 1143 2945 iu
1167 2884 1281 2965 copulis
1311 2877 1693 2962 repraesentaturam,

363 2975 395 3028 ct
417 2969 664 3032 accelerationem
690 2955 723 3032 in
746 2972 868 3052 quadris
898 2972 979 3034 linea
1001 2971 1023 3035 0
1047 2991 1098 3034 seu
1122 2971 1212 3036 nulla
1260 2971 1336 3034 Cum
1358 2971 1460 3053 itaque
1481 2989 1539 3052 pro
1560 2961 1650 3051 primo
1670 2973 1694 3026 et

360 3076 415 3138 pro
444 3056 550 3120 ultimo
582 3060 676 3139 gradu
710 3061 885 3140 quadrantis
918 3062 1082 3124 distantiae
1105 3062 1209 3124 Lunae
1238 3059 1353 3123 aSole
1383 3068 1521 3124 sumatur
1553 3060 1630 3122 liuea
1648 3055 1694 3120 ΝΤ

363 3147 518 3223 diameter,
543 3147 584 3209 sit
603 3167 673 3210 vero
696 3150 731 3211 de
747 3170 863 3212 summa
887 3151 1016 3212 omnium
1040 3151 1218 3230 sagittarum
1240 3169 1312 3231 pars
1332 3149 1566 3231 quadragesima
1588 3147 1692 3228 quinta:

360 3235 421 3298 erit
450 3237 542 3316 igitur
571 3238 656 3300 valor
689 3239 752 3318 ejus
785 3240 821 3300 de
854 3258 971 3302 summa
1005 3240 1233 3302 accelerationis
1271 3239 1430 3320 quadranti
1468 3239 1574 3301 debita
1603 3243 1692 3296 tantm

362 3322 393 3388 3‘
417 3319 534 3408 34²l,“.
580 3327 664 3388 Haec
689 3335 737 3388 est
769 3324 950 3391 acceleratio
973 3329 1003 3390 iu
1027 3329 1122 3409 primo
1153 3330 1247 3408 gradu
1276 3329 1439 3390 distantiae
1467 3328 1572 3391 Lunae
1595 3346 1613 3386 a
1633 3321 1713 3384 Sole‘

361 3415 409 3476 vel
434 3418 472 3486 00.
518 3415 607 3478 Adde
631 3416 709 3477 lianc
733 3417 771 3477 ad
794 3419 943 3480 modulum
967 3418 1072 3479 virtuti
1095 3417 1213 3480 metrici
1237 3417 1366 3480 Telluris
1390 3417 1542 3496 aequabili
1565 3413 1691 3482 debiturn,

362 3503 478 3565 scilicet
500 3505 537 3566 ad
563 3499 616 3567 58⁴
635 3499 751 3586 12Ἰ,”,
776 3507 929 3569 conficitur
949 3504 1003 3569 61¹
1016 3501 1136 3584 tw.
1174 3505 1233 3568 Est
1255 3506 1334 3569 enim
1357 3506 1538 3568 acceleratio
1554 3502 1585 3568 3¹
1599 3493 1692 3582 34²(st

363 3593 500 3674 praecise
524 3593 615 3674 dupla
642 3594 862 3670 diminutionis,
898 3613 972 3676 quas
996 3596 1034 3656 ad
1057 3596 1145 3676 hujus
1178 3596 1286 3658 calculi
1317 3597 1444 3658 turmam
1466 3605 1516 3659 est
1539 3588 1692 3656 necessaria

365 3690 428 3743 tam
452 3681 483 3744 in
497 3682 607 3743 vitiosa
631 3702 718 3762 quam
742 3684 950 3746 inemendata
973 3685 1080 3748 forma.
1115 3686 1222 3764 Itaque
1246 3685 1294 3748 hic
1317 3685 1347 3746 in
1370 3681 1406 3745 1θ
1427 3679 1691 3748 distantiaaLunae

362 3793 381 3832 a
405 3771 478 3835 Sele
502 3769 630 3834 variatio
660 3780 708 3834 est
738 3771 768 3834 1⁴
792 3769 833 3834 47
844 3769 872 3854 Ἰ,
882 3773 902 3804 ”
927 3773 1074 3836 addenda.
1120 3773 1235 3840 Contra
1262 3774 1291 3836 iu
1316 3773 1436 3854 quadris
1465 3782 1497 3836 et
1519 3771 1611 3854 gradu
1631 3785 1689 3848 pm·

227 3925 228 3932 ,
361 3859 441 3924 ximo
464 3879 518 3945 pro
542 3861 656 3922 duobus
679 3860 833 3941 gradibus,
866 3881 924 3924 uuo
948 3863 978 3924 iu
1007 3863 1122 3943 copulis
1146 3871 1178 3925 et
1205 3883 1262 3926 uno
1285 3863 1316 3925 iu
1339 3863 1478 3943 quadris,
1513 3861 1597 3924 valet
1624 3857 1690 3919 linea

361 3949 434 4014 NT:
469 3949 551 4013 illam
574 3968 645 4012 vero
668 3958 765 4012 totam
788 3952 921 4014 vindicat
952 3953 1063 4031 gradus
1085 3953 1273 4033 copularum,
1304 3958 1339 4014 ιιι
1360 3951 1405 4014 ita
1426 3951 1500 4014 nihil
1523 3951 1689 4028 relinquatur

361 4040 467 4119 gradui
490 4039 519 4102 in
543 4038 673 4122 quadris.
711 4039 746 4103 Si
768 4041 875 4120 gradui
897 4042 928 4103 iu
951 4040 1082 4122 quadris,
1107 4061 1161 4121 pru
1185 4041 1390 4116 diminutione,
1413 4059 1503 4122 qnam
1527 4047 1576 4104 est
1595 4049 1688 4118 passm

362 4130 486 4199 eandem
510 4149 576 4192 cum
605 4127 713 4192 ceteris
746 4130 922 4209 quadrantis
953 4129 1112 4204 gradibus,
1145 4130 1219 4192 nihil
1251 4130 1382 4192 vicissim
1413 4130 1552 4192 accedit:
1585 4144 1648 4205 ergo
1667 4121 1688 4183 it

363 4229 464 4280 manet
486 4217 659 4292 diminutus,
684 4217 800 4302 scilicet
823 4215 875 4282 58⁴
904 4213 980 4302 12²1,
990 4221 1019 4280 ¹¹.
1065 4219 1145 4300 Ergo
1174 4219 1302 4282 variatio
1331 4227 1502 4299 cnmpcteus
1527 4219 1604 4282 circa
1624 4229 1686 4294 qut·

362 4309 434 4372 drus
457 4318 505 4370 est
534 4307 559 4369 i‘
582 4301 692 4389 47¹!st
716 4307 930 4392 subtrahenda.
979 4308 1054 4371 Erat
1074 4326 1145 4370 vero
1168 4308 1199 4370 iu
1222 4308 1337 4390 copulis
1367 4309 1502 4388 ejusdem
1527 4297 1685 4390 quantitatis

362 4399 508 4460 addenda.
554 4397 613 4459 Est
642 4393 733 4475 igitur
762 4396 916 4477 inopinata
946 4397 1178 4478 aequipollentia
1207 4417 1292 4460 mera
1323 4398 1401 4460 inter
1429 4398 1508 4460 hauc
1540 4411 1630 4458 meam
1655 4385 1685 4484 ull

363 4487 505 4568 physicas
529 4505 637 4548 causas
660 4485 915 4548 accommodatam
938 4487 1045 4548 calculi
1064 4487 1201 4561 formam,
1225 4488 1359 4568 interque
1378 4486 1576 4568 Tychouicaun
1595 4473 1685 4544 calcul

364 4577 488 4638 formam
511 4573 638 4647 circelli,
671 4575 753 4654 cujus
777 4582 876 4637 motus
905 4575 994 4656 duplo
1026 4575 1152 4638 celerior
1175 4583 1223 4638 est
1244 4574 1429 4655 digressione
1452 4575 1555 4638 Lunae
1578 4593 1595 4634 a
1616 4563 1683 4664 Sole:

363 4664 432 4740 Dici
455 4683 512 4728 nou
534 4672 650 4745 potest,
679 4681 767 4743 quam
790 4663 879 4726 valde
902 4683 949 4724 me
965 4665 1185 4728 'exhilaraverit
1210 4665 1380 4747 inopinatus
1403 4659 1452 4726 hic
1475 4664 1573 4727 exitus
1594 4652 1683 4722 calculi

365 4763 397 4816 et
419 4754 643 4828 demonstratio,
668 4754 747 4832 quod
771 4753 864 4816 etiam
879 4753 1029 4836 'l'ychoms
1052 4754 1189 4817 circellus
1213 4773 1279 4816 cum
1293 4773 1346 4818 suo
1362 4761 1445 4816 motu
1464 4751 1574 4834 duplici
1595 4751 1684 4812 cauma

365 4861 452 4926 quam
475 4845 621 4913 hactenus
651 4843 836 4910 credideram
864 4842 964 4906 causis
993 4845 1107 4907 nitatur
1138 4844 1280 4926 physicis.
1325 4842 1404 4906 Nam
1431 4843 1580 4906 circellum
1600 4839 1683 4918 iprum
