3582 5558
512 313 543 369 de
561 311 748 370 &mentum
765 314 798 368 ds
814 321 884 368 motu
900 315 989 370 medae
1005 315 1108 385 nsen,
1418 307 1479 382 125

120 488 260 554 circulari
286 492 396 558 orbits
410 494 501 558 valde
519 513 656 576 maguus,
681 495 729 576 qni
747 495 876 560 'tolerari
899 515 958 558 non
980 503 1084 579 potest
1105 496 1135 558 in
1158 493 1481 578 prosthapbaeresibne

125 580 202 645 orbis
225 582 332 646 suuni.
382 585 488 649 Patet.
533 585 612 649 Nem
642 583 770 648 circulus
802 586 866 666 ipse
894 585 1018 648 tolerari
1051 605 1109 648 nou
1139 593 1268 666 potest,
1290 585 1345 648 eed
1367 601 1422 666 pro
1444 599 1483 646 eo

126 669 252 752 ellipsis,
284 673 385 737 multo
410 674 503 755 igitur
524 674 623 737 minus
645 691 788 737 excursus
811 675 870 738 iste
877 693 887 752 3
911 683 1055 755 exspecto
1078 675 1184 755 igitur,
1209 673 1355 758 quomodo
1379 673 1482 737 scires

124 759 277 844 physicam
301 763 496 844 seqnstionis
519 771 646 844 partem.

210 849 402 903 Fabricius:
431 851 563 914 Quudmr
580 866 613 904 su
631 854 657 904 iu
674 851 771 904 eslcnlo
789 849 805 900 1
825 851 1026 918 aermyohlorum
1043 851 1132 904 Μ
1149 851 1303 904 sdhihsndus
1321 855 1401 906 mous
1419 850 1478 902 sim·

124 921 178 988 plu
195 923 411 988 aequinoctiorum
430 924 469 975 rel
485 923 650 990 compositus?

211 993 425 1078 Keplerns:
455 995 515 1060 Pro
535 1014 566 1060 re
581 1001 655 1058 nate
671 991 801 1075 inquam.
843 996 923 1062 Nam
942 1003 1024 1058 certe
1043 995 1181 1058 habenda
1198 1002 1246 1058 est
1259 992 1480 1076 praecessionis

126 1081 223 1158 ratio;
257 1083 312 1145 sed
341 1083 514 1166 quomodo?
559 1083 747 1166 Relinquitur
777 1084 901 1148 arbitrio
931 1085 1094 1166 operantis.
1142 1082 1232 1148 Solen
1266 1103 1321 1164 ego
1354 1082 1481 1163 angulos

124 1169 241 1236 inter?
258 1173 455 1256 acronychies
475 1193 584 1256 augere
605 1173 816 1255 praecessione
832 1175 975 1256 temporie
998 1173 1166 1256 interlapsi.
1204 1171 1333 1237 Schema
1349 1172 1478 1248 docebit,

125 1259 175 1324 ubi
198 1261 404 1326 minuendum.
441 1317 445 1326 .
1198 1318 1201 1328 .

213 1345 397 1402 Febrieins:
417 1350 522 1412 Queudo
542 1349 749 1402 Commentarium
767 1349 855 1402 Martis
874 1351 983 1403 editurus
1000 1351 1034 1402 sis
1052 1351 1115 1402 seire
1133 1349 1213 1416 cupio.

215 1421 426 1504 Keplerns:
449 1421 618 1504 Diligenter
639 1423 696 1490 hoc
720 1439 777 1502 ago
801 1431 835 1486 nt
858 1423 944 1486 edam
970 1421 1194 1488 Commentario
1216 1419 1338 1486 Martie.
1374 1422 1478 1501 Impe-

123 1509 188 1573 dire
203 1511 338 1574 minatur
356 1502 574 1592 'Tengnaglius
599 1519 630 1574 et
652 1519 751 1574 tamen
783 1511 862 1576 iuter
884 1531 969 1592 spem
991 1522 1160 1592 metumque
1183 1505 1326 1591 relinquit
1348 1508 1487 1592 dubium,
1512 1517 1514 1522 “

122 1599 211 1662 Haec
235 1601 394 1682 occupatio
417 1609 579 1676 causaest,
604 1620 654 1664 cur
670 1601 818 1681 gravatim
842 1603 982 1666 scribam.
1015 1601 1059 1664 Et
1081 1601 1128 1664 his
1151 1599 1247 1664 literis
1263 1599 1381 1682 quidem
1404 1597 1478 1662 nihil

123 1689 224 1770 tetigi,
251 1691 331 1771 qnod
354 1709 411 1753 uon
436 1683 566 1752 aitiueat
588 1689 727 1752 Martem.
767 1689 947 1753 Persecntus
972 1700 1072 1754 antem
1096 1708 1161 1754 sum
1185 1689 1294 1766 omnia,
1317 1687 1374 1751 uisi
1399 1685 1479 1768 quod

124 1783 236 1855 restat,
261 1787 296 1842 ut
319 1779 357 1842 de
381 1778 537 1841 latitudine
562 1769 675 1842 dinami
714 1778 819 1842 Inveni
842 1779 1032 1844 latitudinem
1049 1779 1217 1842 maximam
1243 1775 1279 1840 in
1299 1773 1417 1860 aphelio
1441 1766 1481 1843 4⁶
1581 1857 1584 1875 ¹
1686 1803 1689 1812 ·

123 1863 179 1932 ³5⁴
205 1887 246 1942 e.,
272 1868 301 1930 in
325 1867 471 1949 perihelio
495 1863 534 1929 7⁰
555 1865 587 1931 θ’
611 1885 647 1942 ο.;
669 1886 738 1956 ¹cunr
762 1867 915 1932 inclinatio
939 1869 1075 1950 utrinqne
1100 1869 1142 1931 sit
1167 1863 1203 1932 1⁰
1225 1863 1290 1932 51¹.

220 1955 271 2020 De
295 1958 418 2042 reliquie
442 1957 665 2038 quaestionibus
689 1957 776 2019 elias.
814 1954 913 2022 Unuru
935 1966 1037 2022 temen
1061 1978 1119 2022 uon
1143 1972 1265 2039 possum
1289 1974 1347 2017 non
1372 1953 1483 2016 addere

121 2045 160 2108 de
186 2065 248 2127 quo
273 2046 404 2128 quaeris,
434 2053 473 2118 (Sl
492 2045 626 2114 &scribit
642 2056 782 2116 Fabricius,
799 2059 870 2121 Juxta
892 2055 1076 2124 elongationem
1098 2057 1124 2108 ln
1141 2055 1219 2121 Aprili
1238 2060 1263 2105 et
1281 2044 1350 2116 hialo
1375 2050 1484 2116 proximo

122 2145 280 2201 amasii.
308 2145 473 2202 communies.
495 2133 554 2198 naui
577 2153 628 2196 tum
646 2145 730 2198 nolens
748 2161 793 2211 per
811 2147 905 2212 aliquot
928 2147 981 2197 dles
1000 2142 1088 2210 silui)
1132 2137 1190 2199 Die
1217 2133 1267 2201 18.
1300 2130 1385 2208 (28.)
1408 2130 1484 2212 Maji

121 2225 298 2288 Mercurius
318 2225 406 2288 nohis
425 2226 474 2288 hio
492 2227 611 2308 Pragae
632 2229 713 2290 visne
732 2236 780 2290 est
803 2228 832 2290 in
858 2227 942 2304 disco
962 2225 1043 2292 Solis
1064 2227 1118 2290 isc.
1139 2232 1236 2300 (comp.
1259 2228 1306 2282 rol·
1319 2229 1359 2290 ΙΙ.
1370 2246 1396 2296 1³·
1411 2223 1484 2290 1061

120 2312 333 2396 Respondebo
358 2315 397 2376 ad
420 2313 535 2396 reliqua
558 2317 737 2379 successive.
785 2317 831 2378 De
856 2317 956 2380 Marte
980 2335 1051 2379 vero
1074 2315 1124 2376 vix
1152 2313 1311 2396 quidquam
1343 2311 1483 2393 emplius.

124 2403 207 2468 Nam
232 2402 264 2465 in
289 2399 523 2467 Commentariis
546 2405 731 2486 expoliendis
755 2404 887 2469 laborem
911 2405 1112 2484 respondendi
1134 2403 1313 2484 impendam.

215 2491 300 2555 Vale
328 2499 361 2556 et
388 2494 613 2557 observationes
634 2493 768 2571 Saturni,
792 2495 878 2558 Jovis
898 2503 929 2557 et
948 2493 1089 2557 Mercurii
1114 2492 1212 2556 mitte.
1248 2491 1314 2571 Ego
1334 2489 1486 2555 remissior

124 2580 190 2643 lieri
213 2581 339 2663 incipio,
364 2584 533 2659 emerim,
558 2585 753 2647 morientibus
777 2583 996 2660 instrumentis,
1022 2581 1197 2666 supervivat
1215 2603 1282 2644 mea
1305 2577 1485 2644 observandi

125 2669 314 2752 diligentia?
360 2677 458 2746 (thfflil-
479 2679 531 2732 vor.
551 2681 583 2744 11,
602 2697 627 2748 p.
647 2677 720 2742 tto.)

219 2759 250 2824 1.
275 2761 426 2842 Augusti,
459 2781 527 2825 cum
549 2761 661 2826 Martio
684 2763 863 2843 incepissem
895 2761 1069 2844 intereaque
1092 2759 1302 2842 peregrinatus
1332 2777 1429 2822 essem
1456 2755 1486 2820 in

122 2847 266 2926 Lusatim
293 2867 374 2914 anno
401 2845 496 2915 1607.
1131 2865 1135 2874 '

713 2941 791 3004 Hon.
817 2940 900 3004 Tuae

957 3025 1071 3090 amicus
1093 3025 1242 3089 Uranicus

1168 3117 1206 3198 ,1.Ι
1225 3113 1393 3196 Kepteroe.

215 3273 323 3327 ntem
342 3273 458 3340 Kepleri,
487 3289 550 3342 quse
575 3277 620 3328 hes
637 3277 786 3328 subsecutae
812 3281 884 3336 snut,
908 3291 975 3327 suno
999 3261 1095 3341 integ'ro
1119 3279 1174 3340 pom
1192 3272 1226 3336 (d
1248 3271 1288 3323 to.
1309 3269 1371 3322 Nos.
1395 3267 1485 3334 1608.)

124 3349 238 3412 scriptas
257 3345 412 3412 enodemus
429 3345 532 3400 ultimae
549 3355 615 3406 sunt.
634 3361 695 3415 quse
712 3349 836 3414 ¹Keplerus
852 3348 963 3399 Fabricio
982 3347 1060 3397 dedit.
1092 3345 1198 3397 cansam
1216 3343 1349 3395 intermissi
1359 3343 1486 3394 hincinde

126 3417 273 3470 mmmmdl
291 3417 419 3469 literarum
437 3419 530 3470 nohum
548 3416 645 3486 quidem
663 3419 866 3485 deprehendimus
891 3421 917 3470 in
940 3418 1015 3468 literis
1040 3417 1158 3474 Fabricii,
1183 3430 1244 3480 quse
1263 3414 1362 3466 exhibet
1378 3414 1435 3465 Vol.
1454 3413 1484 3466 X.

123 3488 187 3540 un.
206 3486 347 3553 Petropol.,
369 3503 449 3554 neque
467 3491 492 3539 in
510 3491 553 3542 ills
570 3491 671 3555 Kepleri
690 3491 806 3556 epistolar
825 3492 877 3556 ipse
897 3497 980 3540 autem
999 3489 1120 3553 Keplerus
1139 3487 1213 3538 relert
1231 3487 1300 3538 illem
1318 3487 1344 3536 in
1364 3485 1484 3550 Epheme·

124 3561 219 3611 ridibus
241 3561 316 3618 luni
337 3556 412 3609 1617.
444 3561 508 3612 Vide
525 3562 575 3613 Vol
591 3562 626 3621 11,
644 3579 669 3627 p.
690 3559 770 3625 tot).
796 3565 836 3614 cui
854 3563 875 3612 si
892 3561 1057 3627 suspicionem
1083 3558 1248 3610 addiderimus
1274 3558 1484 3622 perscrutantibus

125 3631 198 3682 nobis
217 3630 328 3684 Fabricii
346 3631 430 3682 literas
449 3633 567 3694 obortam,
594 3635 620 3684 in
639 3647 717 3686 cansa
735 3635 809 3686 inisse
833 3633 928 3685 ridetur
953 3631 1063 3683 medium
1088 3629 1235 3682 enucleaudi
1263 3633 1316 3694 ejus
1343 3629 1487 3682 intricatam

125 3716 231 3754 menum
248 3709 275 3754 et
288 3701 431 3768 perlegendi
448 3705 597 3778 innumerss,
616 3705 714 3770 saepius
732 3706 868 3756 levissimus
886 3705 1042 3770 quaestiones
1061 3703 1140 3770 adque
1159 3716 1203 3753 ess
1221 3701 1399 3768 respondendi.
1422 3701 1486 3752 torte

126 3775 206 3824 etism
225 3773 379 3838 postulatum
398 3773 511 3835 Fabricii,
532 3783 560 3826 ut
576 3775 722 3841 hypothesin
740 3792 810 3830 suam
830 3777 860 3827 de
878 3775 966 3826 Martis
983 3775 1089 3826 motibus
1107 3773 1267 3842 subiungeret
1285 3771 1481 3830 Commentariis,

126 3861 171 3896 eur
187 3845 315 3909 Keplerns
334 3845 457 3910 obruperit
475 3847 599 3898 litererum
617 3847 754 3900 dandarum
773 3847 952 3900 assiduitatem.

218 3915 335 3966 esserum
353 3932 383 3968 ex
400 3915 438 3966 his
455 3919 512 3982 ipsis
531 3918 621 3969 ultimis
638 3919 714 3970 literis
727 3920 815 3976 elucet,
835 3919 973 3970 Febrioinm
983 3921 1035 3984 jam
1048 3917 1155 3972 demum.
1173 3917 1321 3991 instructum
1330 3915 1483 3978 praeceden-

127 3987 192 4038 tibus
211 3987 317 4053 Keplsri
335 3989 446 4044 monitis.
472 3989 585 4040 mentem‘
605 3991 680 4055 ipsius
707 3993 857 4055 percepisse,
886 3997 913 4041 et
939 4005 970 4041 ex
988 3997 1058 4056 psrte
1077 3988 1175 4053 quidem
1193 3987 1280 4039 eodem
1298 3997 1345 4052 quo
1363 3986 1497 4052 Ksplerus.

127 4073 286 4128 progressum
304 4074 359 4110 esse
376 4062 483 4112 tremite
519 4061 647 4128 rerumne
665 4063 753 4114 eadem
771 4077 822 4130 qus
837 4075 912 4128 supre
929 4061 1040 4120 ratione,
1066 4059 1173 4112 renuet
1199 4057 1382 4126 quaestionibus
1408 4059 1484 4108 iuter-

129 4137 254 4194 meu
271 4129 376 4196 Kspleri
394 4145 518 4197 response.

216 4203 391 4254 Fabricius
410 4201 448 4266 (d.
469 4203 511 4255 27.
531 4205 602 4256 Febr.
621 4219 643 4254 v.
661 4211 694 4256 st
714 4201 791 4255 tons
810 4217 889 4269 comp.
908 4202 964 4253 Vol.
984 4202 1017 4253 11.
1045 4219 1069 4267 p.
1095 4199 1153 4253 too.
1173 4197 1263 4262 toul:
1283 4199 1392 4252 Gslculis
1407 4207 1485 4250 astro·

131 4275 235 4326 mutes
252 4275 280 4326 iu
298 4281 398 4328 esum
410 4275 503 4328 sershri
516 4275 669 4329 debilitatem
681 4277 807 4342 prolapsus
825 4291 889 4334 sum,
905 4281 935 4326 ut
947 4274 981 4326 sb
992 4287 1021 4334 en
1034 4281 1143 4340 tempore
1155 4273 1316 4326 Mnuerlm
1333 4271 1366 4323 sb
1378 4272 1486 4336 opussls

132 4346 344 4398 sslmlsdonihus.
579 4362 581 4372 ¹
1432 4357 1435 4364 ¹

216 4417 247 4469 In
266 4417 283 4482 fi
301 4416 517 4484 prosthsphseresi
536 4425 595 4485 puto
613 4425 639 4469 te
656 4433 761 4469 errorem
781 4417 931 4470 commisisse
949 4416 1088 4481 reponendo
1107 4415 1230 4481 aphelium
1258 4415 1283 4464 iu
1309 4407 1358 4462 25⁰
1382 4409 1425 4462 151
1447 4411 1485 4478 ‚2¹-

132 4487 181 4554 hm
191 4503 223 4541 es
240 4491 303 4542 nseis
316 4489 538 4546 observationibus.
551 4489 681 4540 Decembri
695 4489 790 4540 cuculo
802 4489 936 4548 subductis,
949 4489 974 4540 iu
988 4483 1036 4536 26⁰
1048 4485 1214 4552 reponendum
1228 4486 1347 4535 existimo.
1374 4485 1484 4551 herony-

133 4559 235 4614 «ΗΜ
253 4562 458 4614 observationum
477 4559 590 4625 exempla
607 4561 699 4658 aliquot
717 4575 733 4610 s
750 4577 790 4611 me
808 4562 950 4618 examinate
967 4560 1033 4610 iutra
1051 4557 1067 4607 t
1086 4565 1112 4608 et
1129 4554 1155 4607 ⁴¹
1173 4564 1217 4624 tuo
1241 4555 1338 4620 aphelio
1356 4569 1405 4606 nou
1424 4571 1484 4607 oon·

134 4634 233 4686 venius
271 4635 361 4698 Quare
380 4633 466 4697 posito
491 4623 639 4696 aptensis
671 4629 700 4695 ,δ’
721 4632 753 4683 ed
779 4633 838 4682 suni
857 4629 1069 4688 iil..iuitinm‚'st
1086 4625 1112 4678 i‘
1138 4627 1285 4692 longitudini
1307 4633 1367 4678 tune
1394 4627 1485 4679 sddlfls
1522 4665 1534 4686 .

47 4696 51 4709 '
134 4703 223 4767 videbis,
242 4721 321 4776 qum
338 4705 455 4772 proxime
474 4701 500 4752 in
518 4702 616 4753 dimidio
634 4703 746 4768 scrupulo
765 4705 903 4754 convenire.
940 4703 1119 4760 Eocsntricitss
1136 4699 1197 4748 mihi
1216 4695 1294 4748 uteo.

205 4769 539 4858 K'erhrustnxoruem
564 4782 651 4834 numm
677 4783 803 4834 uorum
830 4775 1254 4845 noev01.11‚p.98.107.);
1300 4769 1385 4833 Mars
1417 4791 1497 4851 ,m
1604 4783 1606 4786 -

127 4869 219 4938 iormis
237 4881 271 4936 et
293 4865 437 4956 pecnnia
457 4861 519 4944 jam
534 4883 642 4926 aunum
656 4864 804 4946 integrum
822 4865 929 4930 haeret
946 4859 1176 4942 Heidelbergee.
1214 4855 1406 4942 Hipparchus
1420 4861 1499 4944 Jaus
