3604 5534
633 310 694 369 rm
708 261 802 366 ¹raras.
843 309 924 379 oua
944 309 989 366 rr
1415 313 1476 384 201

143 491 226 556 vidae
255 488 374 565 munia,
406 495 436 551 et
461 489 617 553 motricum
642 489 872 571 intelligentiam
904 511 993 554 unam
1013 491 1045 554 in
1068 499 1169 556 centro
1193 493 1318 577 epicycli
1339 493 1479 569 colloces,

144 582 269 644 alteram
301 580 332 642 in
363 597 487 659 corpore
519 579 677 659 planetes,
704 600 741 642 ea
771 599 846 660 quae
874 580 905 642 in
928 588 1030 646 centm
1054 582 1177 646 Terram
1208 585 1329 664 (corpus
1360 587 1479 664 nempe)

144 669 284 752 respiciet
307 677 339 732 et
361 667 528 731 circumibit
551 667 674 732 Terram
697 669 727 732 in
751 669 891 732 circulum
913 669 1117 751 inaequaliter,
1143 691 1218 752 quae
1242 691 1311 735 vero
1326 672 1356 734 in
1370 681 1480 751 puncto

143 758 399 822 circumferentiae
424 759 544 838 (nempe
559 757 597 841 iu
621 776 744 839 corpore
770 760 926 840 planetae)
950 759 1117 822 circumibit
1135 771 1267 824 centrum
1277 761 1481 841 incorporeum

144 859 172 912 et
193 849 224 910 id
248 848 425 930 aequaliter.
470 845 641 917 Quaeretur
672 847 763 928 igitur
786 855 819 911 ut
842 867 942 928 supra,
965 849 1070 934 quibus
1094 849 1147 912 illa
1169 851 1355 913 adminiculis
1378 851 1408 910 id
1431 851 1480 912 in-

143 957 315 1019 corporeum
352 945 492 1017 punctum
531 935 752 1000 circumveniat.
814 937 882 1000 Non
916 938 994 1000 enim
1033 935 1087 1018 per
1122 939 1333 1019 geometricam
1370 938 1480 1021 imagi-

143 1029 302 1102 nationem,
328 1035 361 1088 ut
384 1026 461 1106 quod
484 1026 698 1105 geometricam
716 1026 762 1088 sui
777 1025 1021 1107 imaginationem
1032 1046 1090 1090 non
1100 1027 1250 1104 admittit3
1274 1036 1479 1108 necpnnctnm

143 1117 250 1180 mobile
282 1115 314 1178 in
344 1133 402 1178 oon
434 1133 557 1196 corpore
589 1117 638 1178 vel
660 1114 851 1196 imaginando
879 1116 1043 1178 subsistere
1067 1125 1183 1196 potest3
1216 1124 1248 1180 et
1269 1138 1323 1180 nos
1346 1117 1480 1180 homines

144 1203 312 1286 hujusmodi
348 1212 460 1284 puncta
495 1205 696 1285 imaginantes
724 1205 911 1268 adminiculis
948 1206 1057 1268 utimur
1085 1207 1266 1284 tabellarum
1291 1207 1338 1269 rel
1362 1208 1478 1288 papyri,

142 1315 214 1376 quac
240 1303 408 1358 tractamus
431 1293 569 1357 manibus
592 1295 641 1358 val
664 1293 850 1358 meminimus
873 1314 928 1357 nos
951 1295 1021 1357 olim
1044 1303 1205 1358 tractasse.
1250 1298 1296 1359 At
1319 1316 1412 1378 nsque
1427 1315 1481 1376 per

142 1383 297 1466 physicam
326 1382 516 1446 effluxionem
543 1384 664 1448 virtutis
693 1385 784 1466 (quae
811 1385 842 1446 in
870 1391 972 1447 centro
999 1385 1139 1465 epicycli)
1167 1403 1258 1466 usque
1286 1386 1324 1447 ad
1352 1387 1479 1448 circum-

142 1463 298 1536 ieren'tiam
322 1480 354 1534 et
376 1491 483 1554 corpus
505 1473 656 1552 planetae.
701 1473 771 1538 Jam
795 1473 871 1536 enim
895 1473 1070 1536 sustulimus
1092 1474 1170 1536 huno
1192 1473 1478 1550 virtutisellluxnm,

141 1563 245 1626 divisis
278 1561 386 1624 muniis
414 1563 571 1642 compositi
598 1573 696 1626 motus
723 1564 802 1627 inter
828 1563 915 1626 binas
938 1571 1063 1628 mentes.
1111 1561 1191 1634 Quin
1215 1564 1310 1626 etiam
1331 1563 1359 1625 in
1383 1563 1480 1644 prima

142 1661 169 1713 et
198 1651 374 1714 eccentrico
395 1651 525 1714 motione
553 1652 722 1726 dubitatur,
754 1672 791 1714 sn
815 1651 909 1714 virtus
933 1652 1033 1734 aliqua
1056 1653 1212 1724 naturalis,
1236 1653 1275 1716 ad
1297 1661 1407 1719 motum
1431 1652 1478 1714 in-

141 1741 295 1820 ferendum
319 1750 502 1820 comparata,
528 1741 625 1822 possit
638 1741 676 1804 'in
698 1749 808 1821 puncto
832 1741 929 1821 aliquo
953 1742 1134 1816 subsistere,
1158 1744 1236 1823 quod
1259 1742 1337 1806 omni
1359 1743 1479 1822 proprio

140 1847 264 1911 corpore
288 1831 412 1894 careat?
435 1827 530 1894 multo
553 1831 650 1908 magis
672 1851 711 1894 an
733 1831 902 1910 hujusmodi
926 1830 1099 1912 incorporea
1123 1833 1216 1894 virtus
1241 1852 1273 1895 se
1288 1834 1386 1914 ipsam
1399 1831 1480 1894 circa

140 1919 262 1984 Terram
287 1919 515 2000 circumagitare
539 1929 570 1982 et
592 1921 629 1982 de
652 1921 718 1982 loco
742 1919 883 1983 inlocum
900 1920 1030 1982 transire
1048 1920 1170 2001 possit?
1194 1929 1225 1983 et
1239 1922 1333 1984 multo
1349 1921 1478 1984 maxime

139 2029 174 2071 an
204 2017 323 2072 motum
351 2009 403 2072 alii
431 2028 501 2090 per‘
515 2011 656 2080 effluxum
688 2028 725 2072 ex
755 2029 788 2072 ee
815 2009 883 2090 ipsa
909 2011 1125 2072 communicare
1156 2029 1208 2072 seu
1235 2010 1344 2074 inferre
1367 2011 1474 2091 possit,

139 2099 205 2162 nulli
229 2097 339 2160 innixa
362 2098 478 2180 corpori
500 2117 554 2162 ceu
577 2099 668 2162 nido?
713 2099 791 2162 Nam
815 2119 891 2180 quae
915 2098 1053 2162 sublimia
1070 2099 1106 2162 de
1117 2099 1260 2173 essentia,
1284 2108 1376 2174 motu,
1400 2101 1476 2175 loce,

139 2187 363 2267 operationibus
394 2187 550 2252 beatorum
578 2189 751 2268 angelorum
779 2197 810 2250 et
838 2196 1046 2268 separatarum
1067 2188 1210 2251 mentium
1233 2187 1305 2252 mihi
1328 2203 1477 2264 opponere

139 2277 223 2358 aliqui
257 2276 377 2353 volent,
411 2276 633 2353 impertinentia
661 2285 742 2342 sunt.
787 2277 984 2353 Disputamus
1012 2277 1091 2340 euim
1118 2278 1154 2338 de
1178 2278 1266 2342 rebus
1290 2278 1476 2343 naturalibus

139 2365 295 2446 dignitatis
317 2366 405 2446 longe
428 2366 586 2442 inferioris,
610 2366 646 2429 de
660 2367 820 2430 virtutibus
837 2366 918 2430 nullo
940 2366 1063 2430 arbitrio
1078 2368 1116 2430 ad
1131 2367 1306 2431 variandam
1329 2368 1478 2430 actionem

139 2473 217 2518 suam
232 2455 310 2532 usis,
326 2455 362 2518 de
376 2455 525 2520 mentibus
539 2454 657 2520 minime
674 2457 747 2518 sane
762 2456 921 2537 separatis,
936 2474 1002 2519 cunr
1021 2455 1082 2519 sint
1096 2456 1272 2536 conjunctae
1286 2466 1319 2520 et
1333 2458 1477 2537 alligatae

139 2544 311 2626 corporibus
327 2545 506 2609 coelestibus
520 2545 675 2610 vehendis.
697 2546 799 2627 Atque
809 2545 884 2608 haec
894 2545 923 2608 in
934 2564 1041 2626 genere
1050 2546 1223 2609 Ptolemaeo
1237 2545 1327 2627 objici
1341 2556 1475 2627 possunt

220 2641 289 2706 Sed
312 2643 425 2724 aliquid
457 2643 551 2706 etiarn
573 2644 747 2708 Ptolemaeo
776 2643 906 2712 dicatur,
939 2643 977 2706 ob
1001 2644 1079 2725 qnod
1102 2644 1132 2706 in
1155 2645 1255 2725 specie
1279 2667 1298 2707 a
1319 2665 1373 2708 suo
1397 2650 1479 2707 motu

138 2731 231 2794 medio
255 2729 343 2794 Solis
371 2732 524 2795 discedere
547 2740 580 2795 et
606 2741 802 2814 apparantem
830 2731 984 2794 nobiscum
1014 2733 1155 2814 amplecti
1183 2733 1264 2797 velit.
1310 2733 1431 2798 Etenim
1453 2734 1479 2796 si

139 2821 228 2882 virtus
251 2838 379 2882 movens
401 2821 555 2901 planetam
578 2823 654 2896 (scu
668 2842 743 2897 nna,
776 2841 829 2884 seu
852 2821 983 2902 gemina)
1012 2823 1051 2884 ad
1073 2821 1177 2886 Solem
1207 2821 1347 2904 respicit,
1379 2824 1423 2886 ita
1444 2833 1479 2884 nt

138 2910 288 2987 planetam
323 2909 381 2972 imo
421 2911 487 2973 loco
524 2911 649 2992 epicycli
681 2918 799 2974 statuat
839 2916 1006 2994 (epicyclum
1039 2922 1083 2977 hic
1117 2921 1245 2995 intellige
1274 2923 1489 2988 Ptolemaicum,·

41 3049 43 3056 .
138 3011 268 3064 emundas
296 3009 493 3082 inaequalitati
519 3007 737 3077 mservientem),
764 3003 880 3081 quoties
906 3011 1040 3064 centrum
1063 3001 1189 3082 epicycli
1212 3021 1228 3062 e
1255 3001 1376 3081 regione
1401 3001 1481 3063 Solis

139 3097 205 3164 stat,
228 3091 345 3172 quaero
368 3097 529 3170 utsupra,
559 3109 611 3152 cur
633 3091 732 3170 potius
756 3089 795 3151 ad
816 3098 958 3171 punctum
986 3089 1193 3170 imaginarium
1217 3093 1247 3151 P
1263 3091 1357 3170 (quod
1380 3089 1480 3152 Solem

138 3177 228 3255 ipsum
251 3197 309 3258 per
333 3179 364 3239 Σ
385 3185 521 3240 notatum
540 3179 606 3259 jarn
626 3178 797 3259 praecedit,
824 3179 889 3259 jam
912 3179 1062 3258 sequitur,
1093 3179 1159 3258 jam
1182 3197 1290 3259 supra,
1315 3179 1379 3258 jam
1402 3178 1481 3241 infra

138 3270 210 3341 stat)
233 3285 328 3348 quam
352 3267 500 3348 adipsum
514 3267 596 3330 Solis
619 3286 726 3348 corpus
748 3268 913 3348 respiciat?
937 3276 989 3330 ant
1003 3269 1150 3348 quomodo
1174 3268 1269 3330 virtus
1292 3267 1345 3330 illa
1367 3276 1480 3330 motum

137 3355 225 3435 ipsius
250 3360 280 3419 Τ
299 3356 383 3418 circa
405 3359 438 3418 K
456 3357 580 3419 Terram
609 3357 760 3438 percipere
792 3355 911 3419 omnino
940 3357 1057 3436 possit,
1090 3375 1155 3418 curn
1178 3356 1210 3418 in
1233 3360 1266 3418 Ψ
1290 3376 1397 3438 corpus
1421 3377 1480 3419 non

138 3445 195 3507 ait?
226 3455 260 3508 et
283 3465 326 3508 an
348 3464 407 3507 non
435 3447 477 3508 sit
508 3445 716 3516 verisimilius,
751 3445 916 3527 epicyclum
938 3446 977 3508 ad
1006 3446 1101 3508 lineas
1124 3446 1190 3509 ΚΣ
1219 3447 1392 3527 apparentis
1422 3445 1480 3508 loci
1515 3463 1518 3468 ·

138 3532 221 3611 Solis,
246 3535 371 3618 quando
386 3534 443 3596 hae
457 3555 511 3616 per
530 3543 665 3597 centrum
683 3533 808 3616 epicycli
832 3542 999 3610 transeunt,
1023 3534 1166 3598 restitui?
1190 3535 1354 3599 Videamus
1378 3536 1480 3616 igitur,

139 3622 202 3701 qnid
232 3625 264 3687 in
300 3623 469 3686 eccentrico
506 3624 679 3686 immutetur
707 3642 760 3703 per
797 3624 970 3705 apparentis
1001 3633 1099 3687 motos
1129 3623 1210 3687 Solis
1247 3625 1480 3706 usurpationem.

138 3709 262 3786 Rursum
287 3713 383 3794 igitur
406 3714 454 3786 (nt
476 3714 576 3792 prius)
601 3733 667 3775 curn
689 3716 717 3776 Γ
735 3709 788 3775 sor
811 3723 843 3774 et
864 3717 898 3775 Ψ
918 3721 1051 3778 centrum
1079 3713 1236 3776 eccentrici
1259 3713 1340 3778 Solis
1364 3734 1430 3778 cum
1452 3716 1484 3776 K

139 3800 224 3864 Terra
248 3804 279 3864 in
305 3802 413 3863 eadem
437 3812 485 3864 est
507 3802 597 3878 linea,
621 3803 664 3863 sio
686 3810 720 3864 ut
742 3805 803 3865 ΨΓ
822 3803 996 3883 apparentis
1020 3812 1051 3865 et
1072 3807 1136 3866 KP
1158 3805 1248 3867 medii
1276 3813 1374 3867 motus
1398 3804 1481 3867 Solis

138 3890 320 3965 coincidunt,
351 3899 422 3952 tnnc
447 3893 596 3953 Teentro
620 3891 744 3973 epicycli
766 3901 869 3954 manet
891 3892 938 3954 bic
962 3894 1059 3968 locus,
1094 3893 1157 3955 sive
1180 3912 1234 3973 per
1255 3895 1322 3957 ΚΤ
1340 3895 1404 3956 sive
1427 3912 1482 3973 per

138 3981 198 4041 ΨΤ
215 3982 271 4044 snb
295 3979 366 4042 fixis
389 3981 573 4062 designetur,
600 3999 728 4062 vereque
750 3982 874 4062 planata
897 3989 945 4044 est
966 3983 997 4043 in
1020 3982 1100 4043 linea
1121 3984 1187 4045 ΚΤ
1205 4003 1258 4046 seu
1281 3986 1348 4046 ΨΤ
1367 3994 1398 4046 et
1420 3983 1478 4046 imo

139 4067 198 4130 loco
221 4070 353 4151 epicycli
377 4070 419 4144 Φ,
454 4071 524 4150 quia
546 4071 595 4131 hic
618 4079 648 4132 et
671 4070 729 4150 ipsi
751 4074 785 4132 Ψ
805 4079 835 4132 et
858 4069 916 4152 ipsi
938 4074 969 4133 K
989 4072 1140 4151 proximus
1164 4081 1232 4135 est:
1262 4084 1479 4154 proptereaque

139 4157 256 4234 planeta
279 4178 354 4222 vere
380 4169 488 4222 exutus
512 4167 560 4220 eet
581 4157 797 4239 inaequalitate
821 4161 962 4224 secunda.
1004 4161 1049 4222 At
1071 4180 1138 4223 cum
1162 4160 1216 4224 Sol
1238 4162 1278 4222 ad
1300 4163 1346 4224 sni
1370 4180 1478 4224 eccen-

139 4244 201 4310 trici
223 4249 306 4312 latus
332 4267 387 4309 seu
409 4247 611 4328 longitudines
635 4249 750 4310 medias
773 4249 865 4323 venit,
889 4249 1059 4312 differentia
1081 4251 1158 4311 satis
1176 4269 1285 4330 magna
1307 4249 1477 4314 intervenit.
1574 4291 1584 4300 -

140 4331 226 4400 luerit
257 4338 340 4400 enim
364 4335 418 4398 Sol
442 4357 461 4397 a
482 4339 510 4399 Γ
534 4337 564 4399 in
589 4337 620 4398 Σ
649 4347 681 4398 et
709 4338 877 4400 inveniatur
910 4339 990 4400 linea
1018 4339 1107 4401 medii
1137 4347 1235 4400 motus
1263 4337 1344 4402 Solis
1367 4340 1433 4403 ΚΤ
1449 4338 1479 4399 in

140 4424 246 4504 Ariete,
272 4435 306 4488 et
327 4425 408 4488 linea
427 4424 549 4487 visionis
572 4426 712 4506 planetae
736 4426 801 4488 ΚΩ
824 4427 852 4488 in
867 4426 961 4491 Libra
982 4428 1118 4508 praecise
1141 4427 1186 4490 illi
1210 4429 1358 4508 opposita,
1383 4439 1417 4492 ut
1439 4427 1481 4490 sit

141 4513 225 4576 Titii
248 4515 334 4578 linea
357 4533 426 4576 una
466 4511 547 4584 Quia
569 4533 640 4595 ergo
654 4516 846 4579 Ptolemaeus
869 4516 987 4590 statuit,
1011 4518 1164 4597 planetam
1179 4517 1210 4578 Ω
1231 4517 1262 4578 in
1285 4511 1345 4580 hac
1364 4518 1478 4581 visione

140 4601 198 4664 ΚΩ
220 4603 344 4667 exuisse
377 4603 539 4665 secundam
569 4605 831 4686 inaequalitatem,
864 4606 949 4686 ponit
977 4606 1067 4682 igitur
1089 4609 1115 4668 Z
1137 4613 1271 4668 centrum
1301 4608 1427 4690 epinycli
1450 4607 1480 4670 in

141 4691 192 4752 ΚΩ
212 4693 302 4756 linea.
356 4691 432 4755 Cum
459 4696 616 4757 autem'K
621 4695 652 4755 Σ
677 4695 864 4776 superaverit
885 4698 916 4757 Κ
921 4697 957 4769 P,
989 4713 1136 4773 apparens
1168 4694 1260 4774 igitur
1290 4699 1373 4760 locus
1396 4696 1477 4761 Solis

142 4790 185 4842 est
204 4783 284 4848 ultra
307 4781 531 4864 oppositionem
554 4801 619 4844 cum
641 4783 772 4863 planeta.
819 4784 924 4864 Neque
943 4781 1009 4845 ΚΩ
1030 4783 1061 4844 in
1084 4783 1249 4863 posteriore
1271 4790 1405 4867 tempore
1425 4787 1480 4850 de-

144 4871 262 4950 scendit,
287 4879 323 4936 ut
346 4877 516 4951 opponatur
539 4869 597 4952 ipsi
618 4873 694 4949 ΚΣ,
720 4872 775 4936 sed
796 4873 933 4936 ascendit
954 4891 1060 4934 versus
1084 4873 1162 4950 ΚΦ,
1186 4871 1255 4954 quia
1277 4885 1380 4958 partes
1404 4878 1479 4940 imae
