3674 5532
664 298 725 356 raa
743 301 836 356 Tertia.
874 301 956 368 Caput
971 303 1081 358 xxm

703 532 822 634 Caput
847 521 1035 610 XXXIX.

198 687 274 770 Qud
294 689 347 754 aiu
367 697 398 753 et
425 692 537 774 quitos
567 696 682 759 mediis
712 713 833 758 movere
862 697 995 760 dedam
1022 695 1189 766 oo'rtutes
1214 693 1389 781 planetis
1419 665 1544 771 insitos,

194 786 232 842 ot
252 777 421 844 mansee
439 779 588 864 punem
601 785 713 860 orbito,
738 783 862 867 palen
883 783 973 868 vulpe
997 783 1136 860 mederet,
1155 805 1215 868 per
1230 807 1345 886 aarum
1368 787 1544 866 aethaeum

794 871 951 959 afflatur.

284 1007 354 1072 Sint
375 1010 477 1092 itaque
501 1011 587 1076 nobis
611 1014 640 1079 in
665 1015 880 1080 demonstratis
903 1013 1061 1078 verissima
1083 1015 1144 1078 ista
1166 1015 1338 1079 axiomata:
1377 1015 1542 1092 Primum,

196 1097 274 1178 quod
297 1098 439 1180 planetae
455 1119 563 1182 eorpus
586 1113 696 1168 natma
712 1105 893 1180 inclinatum
917 1104 960 1168 sit
978 1105 1017 1167 ad
1033 1104 1162 1185 quietem
1185 1105 1214 1168 in
1239 1105 1318 1176 omui
1342 1105 1417 1182 loeo,
1442 1105 1544 1186 inquo

194 1185 361 1252 solitarium
383 1188 515 1271 ponitur.
561 1190 748 1271 Secundo,
780 1195 859 1275 qnod
882 1215 921 1256 ea
941 1192 1074 1267 virtute,
1092 1213 1168 1275 quae
1192 1213 1231 1256 ex
1253 1193 1341 1270 Sole,
1365 1195 1402 1256 de
1425 1195 1491 1258 loeo
1514 1195 1545 1257 in

192 1276 292 1340 lesum
315 1279 478 1343 seeundum
502 1280 719 1363 longitudinem
741 1283 856 1349 zodiaci
879 1291 1102 1363 transponatur.
1150 1284 1288 1358 Tertio,
1312 1284 1337 1347 si
1361 1303 1419 1346 non
1442 1291 1543 1346 muta-

194 1373 278 1429 retur
292 1366 604 1450 distantia-planetae
627 1393 647 1434 a
669 1371 751 1450 Sole,
776 1373 905 1436 loturum
921 1392 958 1435 ex
977 1372 1035 1435 hae
1057 1373 1293 1454 transpositione
1313 1373 1371 1435 iter
1389 1373 1543 1436 circulare.
1655 1429 1658 1450 ,

193 1451 346 1532 Quarto,
370 1459 503 1539 ejusdem
525 1461 667 1540 planetae
689 1463 721 1525 in
744 1461 859 1530 duabus
880 1481 935 1542 per
957 1461 1039 1524 viess
1063 1461 1218 1525 distantiis
1243 1483 1263 1524 a
1285 1461 1357 1524 Sola
1388 1471 1453 1525 toto
1477 1481 1543 1524 arn-

192 1543 258 1606 hitn
273 1547 490 1626 permanentis,
515 1555 652 1631 tempora
665 1552 819 1632 periodica
842 1553 943 1614 futura
965 1551 994 1613 iu
1011 1552 1103 1632 dupla
1124 1551 1316 1632 proportione
1331 1551 1542 1614 distantiarum

192 1633 258 1696 sive
282 1634 458 1700 circulorum
492 1639 708 1720 amplitudinis.
754 1639 912 1717 Quinto,
946 1640 1088 1703 virtutem
1120 1642 1228 1703 nudam
1253 1648 1284 1702 et
1315 1640 1482 1703 solitariam
1513 1641 1544 1702 in

192 1721 259 1803 ipso
282 1724 424 1805 planetae
438 1744 561 1807 corpore
585 1730 766 1794 residentem
789 1749 848 1794 nou
863 1749 931 1792 esse
955 1729 1151 1793 sufficientem
1175 1731 1410 1810 transportando
1425 1730 1462 1791 de
1470 1732 1543 1791 ¹loeo

191 1811 345 1876 inlocum
369 1834 422 1877 sno
446 1816 850 1900 eorpori„qnodpedibus,
886 1819 942 1882 alie
966 1825 998 1880 et
1024 1819 1122 1899 pinnis
1146 1827 1245 1892 earet,
1279 1818 1385 1899 quibus
1416 1819 1446 1881 in
1470 1837 1544 1882 aura

193 1900 338 1966 aetherea
367 1903 490 1968 nitatur.
538 1904 672 1981 Sexto,
696 1916 728 1972 et
750 1915 850 1972 tamen
879 1926 1020 1972 accessos
1043 1909 1185 1989 planetae
1209 1907 1248 1970 ad
1264 1905 1367 1970 Solem
1391 1916 1423 1970 et
1445 1908 1483 1970 ab
1508 1925 1543 1970 eo

192 2009 333 2056 recessus
356 1991 428 2057 oriri
446 2012 484 2055 ex
506 1995 629 2070 virtute,
654 2006 794 2078 quaeest
815 1997 937 2079 propria
958 1998 1111 2076 planetae.
1147 1999 1232 2060 Haeo
1245 1998 1346 2060 omnia
1364 2003 1543 2060 etfnaturaa

191 2087 265 2142 eunt
287 2089 492 2145 consentanea
515 2085 649 2167 seipsis
672 2095 705 2150 et
727 2089 936 2153 demonstrata
958 2087 1115 2150 haetenus.

283 2170 310 2234 1.
355 2168 427 2234 Jam
449 2171 479 2235 in
502 2173 607 2253 liguris
629 2177 821 2256 geometniois
845 2194 1050 2252 exerceamur,
1074 2183 1109 2239 ut
1131 2180 1293 2257 appareat,
1317 2175 1357 2236 ad
1379 2173 1545 2257 quamlibet

191 2257 323 2322 orbitam
344 2258 485 2341 planetae
508 2265 796 2344 repraesentandam
820 2266 926 2348 quibus
941 2264 1059 2345 legibue
1075 2283 1150 2346 opus
1169 2265 1221 2327 sit.
1259 2263 1337 2325 Esto
1349 2271 1385 2326 ut
1401 2263 1552 2346 planetae

191 2347 293 2412 orbita
315 2349 358 2413 sit
379 2349 518 2428 ememus,
541 2360 576 2416 ut
590 2353 736 2424 haetenus
760 2357 917 2430 creditum,
941 2353 1026 2435 isque
1050 2374 1070 2415 a
1088 2352 1161 2418 Sola
1185 2353 1268 2417 lonte
1290 2352 1412 2416 vimutm
1434 2371 1543 2416 eooeu-
1636 2401 1642 2414 .

961 2443 1065 2506 uiuus.
1111 2441 1161 2508 Sit
1187 2443 1240 2504 ille
1268 2443 1453 2506 eoeentriuus
1476 2441 1543 2519 OD,

788 2518 843 2582 ¹²¹⁸·
863 2511 904 2564 ⁹⁰·
960 2531 1106 2596 oentroB
1129 2533 1312 2596 diastemate
1326 2529 1380 2594 Bc
1404 2531 1543 2614 desorip-

766 2647 782 2690 κ
957 2629 1025 2686 tus:
1049 2620 1082 2686 in
1103 2639 1139 2684 eo
1159 2618 1214 2688 Bc
1236 2619 1318 2684 linea
1339 2620 1488 2702 apsidum,
1511 2629 1543 2684 et

957 2711 989 2776 Α
1002 2709 1059 2782 Sol
1072 2717 1104 2772 et
1116 2710 1176 2775 ΒΑ
1194 2708 1414 2774 euoentrioitae.
1452 2709 1543 2774 Divi-

660 2842 662 2867 ;
958 2801 1049 2864 datur
1063 2799 1248 2864 eooeutrioue
1271 2799 1302 2860 in
1323 2806 1428 2880 partes
1451 2807 1542 2882 quot·

959 2907 1074 2970 ounque
1102 2889 1259 2970 aequales,
1293 2884 1391 2951 initio'
1413 2909 1433 2950 a
1463 2889 1544 2952 linea

959 2977 1099 3059 apsidum
1121 2979 1204 3040 faoto
1218 2977 1250 3038 in
1266 2973 1309 3041 O:
1334 2995 1459 3058 quarum
1477 2985 1543 3040 ter-

960 3065 1033 3128 mini
1056 3071 1271 3128 oonneotautur
1293 3083 1360 3128 uum
1375 3064 1414 3126 A.
1445 3065 1543 3128 Erunt

958 3153 1539 3235 QQMQMQ

958 3243 1019 3306 ΗΑ
1041 3243 1236 3308 terminorum
1266 3241 1398 3324 partium
1426 3260 1541 3324 nequa-

957 3331 1029 3396 lium
1061 3331 1226 3396 distantiae
1248 3352 1269 3393 a
1291 3332 1375 3394 fonte
1407 3331 1539 3396 mantis.

955 3419 1027 3487 Jem
1063 3428 1166 3484 oentro
1194 3422 1233 3499 β,
1269 3420 1450 3484 diastemate
1487 3423 1538 3504 dy,

960 3509 1038 3590 quod
1062 3510 1103 3574 sit
1124 3509 1250 3592 aequale
1273 3509 1333 3591 ipsi
1354 3509 1427 3586 AB,
1461 3513 1539 3575 sori·

188 3607 279 3670 batur
294 3602 445 3686 epioyolus
460 3606 512 3680 γᾶ,
535 3599 651 3663 divisus
670 3597 701 3661 in
715 3598 843 3662 totidem
857 3617 923 3662 enm
937 3599 1104 3664 eooeutrioo
1122 3605 1227 3680 partes
1245 3598 1374 3664 invicem
1388 3601 1540 3682 aequales,

190 3717 210 3759 a
232 3718 248 3776 γ
269 3693 354 3758 initio
377 3693 476 3756 laeto:
502 3697 534 3752 et
556 3689 638 3752 linea
661 3689 703 3770 γβ
724 3687 922 3762 continuetur,
948 3695 982 3751 ut
1002 3689 1051 3766 βα
1072 3695 1183 3772 aequet
1202 3686 1277 3752 BG:
1303 3695 1335 3752 et
1356 3697 1498 3770 punotum
1520 3713 1542 3754 α

191 3790 388 3848 connectatur
410 3798 478 3844 oum
499 3777 635 3842 terminis
658 3777 788 3859 partium
811 3776 938 3858 epioyeli
962 3777 1141 3860 aequalium,
1165 3775 1254 3840 lineis
1269 3799 1318 3858 γα,
1341 3783 1394 3856 da,
1417 3803 1467 3852 aa.
1490 3775 1541 3856 ζα,

189 3897 248 3954 qa,
271 3877 340 3947 do3
363 3877 508 3951 eruntque
531 3868 629 3932 lineae
651 3867 709 3930 hae
733 3865 876 3949 aequales
899 3865 1002 3929 ordine
1026 3865 1181 3930 distantiis
1204 3865 1242 3930 ab
1263 3867 1293 3930 A
1315 3867 1347 3930 iu
1373 3869 1541 3933 ecoentrieo

191 3961 381 4028 exstruetise
400 3959 433 4022 id
456 3957 535 4021 enim
558 3976 649 4038 supra
672 3956 770 4039 eapite
794 3954 924 4020 secundo
947 3955 1185 4020 demonstratum
1208 3961 1265 4019 est.
1312 3955 1425 4022 Oentro
1448 3958 1541 4040 igitur

191 4077 213 4116 a
236 4051 416 4115 diastemate
440 4053 484 4111 do
515 4045 665 4110 scribatur
693 4065 781 4108 mous
813 4049 889 4122 ded,
922 4063 1029 4108 secans
1059 4044 1238 4110 diametrum
1259 4040 1299 4125 γζ
1322 4045 1355 4108 in
1376 4066 1403 4122 ις
1435 4047 1541 4112 eodem

191 4160 264 4204 vero
287 4147 391 4203 centro
414 4161 435 4201 α
458 4136 637 4200 diastemate
661 4158 701 4198 oe
724 4133 873 4198 scribatur
902 4152 991 4198 mone
1014 4136 1083 4213 atq,
1115 4154 1224 4200 aeneus
1252 4132 1431 4205 diametrum
1451 4133 1491 4217 y(
1508 4136 1541 4200 iu

191 4233 266 4304 tet
284 4233 499 4292 connectantur
522 4224 644 4288 termini
666 4222 796 4306 partium
812 4221 979 4304 aequaliter
1000 4223 1179 4288 distantium
1196 4243 1217 4285 a
1233 4247 1248 4304 y
1270 4223 1389 4306 aphelio
1413 4225 1540 4309 epioyeli

191 4319 282 4383 lineis
304 4322 361 4394 dd,
384 4339 430 4395 eq,
454 4333 531 4398 quae
554 4321 659 4378 seoent
680 4311 805 4376 eandem
828 4311 1007 4376 diametrum
1028 4313 1060 4376 in
1083 4335 1150 4390 ap
1172 4312 1277 4391 signis.
1300 4313 1345 4376 sie
1367 4320 1402 4376 ut
1423 4320 1468 4378 ad
1489 4314 1538 4378 vel

50 4408 55 4419 '
192 4431 229 4472 us
249 4407 293 4472 eit
314 4405 431 4488 longior
453 4423 544 4490 quam
565 4427 618 4480 aa,
641 4409 673 4467 et
694 4425 735 4468 ue
756 4401 807 4462 vel
828 4402 872 4463 αλ
893 4397 1012 4481 longior
1034 4421 1123 4484 quam
1145 4425 1203 4478 aqu
1216 4395 1261 4475 ⁸¹)

281 4493 401 4570 Quodsi
422 4493 567 4575 possibile
591 4499 681 4570 esset,
705 4491 859 4574 planetam
881 4488 924 4550 ire
947 4490 1112 4570 perfeetum
1135 4489 1301 4573 epieyolom
1322 4489 1353 4554 vi
1374 4491 1482 4569 insita,
1507 4501 1539 4557 et

191 4586 281 4652 simul
304 4583 434 4648 orbitam
456 4583 523 4664 ejus
545 4601 613 4646 esse
636 4581 805 4663 perfeetum
826 4577 983 4656 suedan,
1015 4586 1086 4644 tuno
1109 4578 1221 4644 similes
1244 4597 1332 4642 arom
1355 4579 1443 4646 simul
1464 4601 1537 4664 per·

191 4677 239 4742 fiai
257 4671 413 4757 cogitandi
435 4677 550 4749 esseut,
573 4689 640 4736 eum
662 4665 873 4736 iueooentrioo
896 4674 960 4730 tum
982 4667 1014 4732 in
1036 4668 1181 4750 epieyolo.
1217 4667 1411 4750 Itaqueiam
1432 4671 1538 4737 statim

190 4771 386 4848 patesceret,
417 4760 524 4844 quibus
552 4759 677 4836 mediis,
718 4775 777 4841 qua
812 4773 951 4820 mensura
985 4757 1152 4820 efficeretur
1180 4754 1328 4820 detentis
1356 4781 1392 4822 us
1422 4778 1536 4844 aequa-

190 4855 230 4920 lis
252 4849 314 4940 ipsi
336 4847 414 4928 AD.
458 4849 539 4916 Nam
561 4845 632 4932 qnia
652 4869 700 4926 us,
723 4849 775 4912 ud
795 4844 950 4927 aequales,
973 4844 1097 4928 planeta
1119 4863 1156 4906 ex
1178 4865 1193 4924 γ
1213 4843 1243 4911 in
1265 4848 1292 4908 θ
1313 4843 1392 4928 ieue,
1416 4847 1535 4916 distau-
