3582 5558
544 310 575 368 de
594 313 780 370 motata
799 315 830 371 do
848 323 916 370 motu
934 315 1023 372 melisa
1040 315 1137 370 Martis.
1472 315 1522 386 77,

153 491 304 558 hypotbeda
321 493 354 544 iis
373 508 426 546 nou
444 492 546 562 indiget,
564 494 612 546 hoc
631 500 714 547 certus
731 509 800 556 sum,
819 509 869 566 nec
883 495 937 548 ulla
953 497 979 548 iu
998 497 1147 550 meatuum
1172 501 1319 566 umecta
1341 497 1471 562 valebunt,
1496 501 1516 554 si

155 566 269 616 rsritsu's
288 567 417 618 monem
435 565 527 617 habere
545 565 655 620 velimus.

244 637 307 688 Jam
326 637 457 689 Fabricius
484 640 640 704 quaestiones
668 637 740 689 affert
758 639 879 689 derebus
904 639 1058 706 astrologicis
1083 639 1340 707 meteorologicisque,
1367 643 1435 694 hreri
1461 649 1517 708 post

156 715 244 760 autem
264 707 302 770 (d.
324 703 414 772 18128.
433 707 491 759 Juu.
514 705 594 770 tone)
613 711 646 760 ad
662 709 771 760 Martem
797 710 877 769 redit,
906 712 1046 775 praemissis
1064 717 1092 761 ut
1119 711 1216 761 solebat
1242 714 1346 777 querelis
1364 715 1395 765 ob
1413 711 1522 779 xeptert'

156 780 292 831 Μυκη.
331 779 496 846 Keplerns
515 781 547 831 ad
564 779 758 845 priorariituras
777 777 812 842 (d.
832 781 856 832 d.
878 778 918 832 18.
932 781 995 833 Nor.
1017 780 1057 832 18.
1072 783 1135 838 Dec.
1156 780 1233 842 16⁰2,
1253 781 1340 835 9.-11.
1360 791 1385 838 st
1399 783 1441 836 20.
1454 787 1515 842 Feb.

158 848 244 914 ¹808)
261 852 338 903 simul
357 853 484 918 respondit
500 853 527 903 iu
551 853 655 920 longiori
673 853 717 904 illa
742 853 847 918 epistola
871 850 1028 919 (paginarum
1045 855 1072 906 in
1091 853 1148 904 tolio
1167 851 1222 914 26),
1242 855 1303 908 data
1320 853 1347 904 1.
1364 857 1415 908 lul.
1438 855 1513 921 ltus,

155 938 233 992 quarn
253 924 361 974 diximus
379 930 406 974 et
423 939 454 974 ex
470 930 542 988 parts
560 923 725 990 excerpsimus
742 923 798 975 Vol.
818 926 839 984 1,
858 941 883 990 p.
903 921 954 975 324
974 932 999 976 et
1017 924 1072 976 Vol.
1092 925 1124 984 11,
1143 940 1168 992 p.
1188 923 1229 976 95.
1249 924 1310 977 111.
1329 925 1388 980 433.
1408 927 1468 980 752.

252 995 327 1056 Quae
347 996 380 1046 ad
398 994 506 1048 Martem
524 997 659 1062 pertiuent,
676 997 740 1046 haec
758 1003 832 1047 sunt:
1256 1007 1259 1017 ·

250 1069 303 1132 Ad
328 1087 376 1142 ea,
402 1086 478 1148 qnae
502 1067 651 1148 scripsisti
675 1063 706 1132 8.
727 1063 811 1143 (18.)
826 1069 905 1132 Νον.
929 1069 1035 1159 primo.
1073 1070 1109 1132 In
1133 1071 1200 1132 sola
1221 1069 1380 1133 latitudine
1405 1071 1515 1134 Martis

159 1157 285 1220 haeres.
302 1155 348 1219 At
369 1157 487 1219 interea
510 1158 619 1238 scripsi
643 1158 678 1220 de
689 1177 732 1218 ea
755 1159 939 1238 sufficienter
958 1177 996 1219 er
1013 1158 1071 1220 tide
1095 1158 1339 1223 observationum
1353 1161 1512 1242 Tychouis.

249 1245 303 1310 Ad
327 1265 379 1308 eas
404 1266 478 1327 quas
502 1246 651 1327 scripsisti
674 1245 706 1310 8.
723 1243 808 1321 (18.)
825 1247 917 1310 Dect:
944 1247 1105 1311 Placuerat
1127 1246 1255 1310 bisectio
1279 1249 1519 1314 eccentricitatis.

156 1335 258 1413 Solis,
291 1355 370 1400 nunc
399 1355 466 1397 eam
490 1356 616 1399 accusas
645 1355 806 1416 perversae
838 1337 1042 1419 hypotheseos
1066 1335 1186 1400 Martis.
1234 1338 1339 1400 Movet
1361 1347 1392 1400 te
1416 1339 1514 1422 hypo-

155 1425 257 1490 thesis
281 1445 341 1488 non
365 1424 423 1487 sibi
447 1426 607 1502 sufficiens,
632 1427 686 1488 sed
710 1427 882 1488 adsciscens
907 1426 993 1508 quasi
1016 1426 1045 1487 in
1065 1425 1208 1488 auxilium
1232 1427 1360 1489 alteram
1384 1447 1513 1491 succen-

156 1515 324 1589 turiatem,
350 1520 427 1596 qn'ae
451 1515 530 1580 falsa
554 1517 604 1578 sit.
641 1515 732 1577 vuiridi
754 1515 891 1590 Fabrici,
917 1516 983 1577 sola
1006 1533 1079 1577 vera
1102 1515 1160 1578 sibi
1191 1517 1321 1592 sufficit,
1347 1517 1401 1580 sed
1425 1524 1458 1580 tu
1482 1525 1516 1580 et

157 1623 216 1684 ego
251 1603 318 1686 ejus
351 1603 474 1666 nimium
507 1615 635 1685 operosa
667 1604 782 1667 dictata
812 1605 969 1686 nequimus
1002 1605 1136 1686 exsequi.
1184 1603 1307 1668 Summa
1339 1606 1414 1668 haec
1444 1615 1516 1670 cst:

156 1694 245 1756 biars
278 1693 418 1756 circulari
448 1689 514 1773 lege
538 1691 603 1757 Soli
631 1693 867 1776 appropinquat,
899 1693 1041 1775 aequales
1074 1693 1200 1776 epicycli
1232 1713 1319 1757 arcus
1351 1696 1511 1759 conficiens

156 1783 349 1864 temporibus
372 1783 556 1865 aequalibus.
602 1785 654 1848 Ad
677 1784 795 1865 singula
821 1803 893 1846 vero
924 1791 1077 1845 momenta
1100 1783 1145 1845 sui
1180 1801 1320 1847 accessus
1344 1785 1383 1848 ad
1407 1783 1511 1848 Solem

157 1879 260 1936 mutat
283 1871 435 1934 modulum
467 1880 547 1934 suae*
570 1872 746 1956 celeritatis.
792 1873 924 1935 Nam-in
949 1891 1084 1954 apogaeo
1117 1873 1203 1935 tarde
1237 1874 1332 1956 (circs
1359 1873 1513 1955 proprium

157 1961 293 2026 ecceutri
317 1963 466 2035 centrum)
490 1961 630 2024 volvitur.
676 1961 718 2025 Et
740 1971 841 2024 tamen
867 1963 905 2024 ad
929 1961 1048 2041 singula
1071 1970 1223 2038 momenta
1251 1957 1415 2026 distantiae
1441 1983 1514 2026 suae

160 2050 267 2114 aSole
293 2058 444 2113 monstrat
462 2060 576 2114 certum
594 2071 666 2113 suae
686 2051 852 2114 celeritatis
875 2052 1036 2114 modulum.
1076 2049 1261 2116 collectione
1275 2053 1369 2133 igitur
1384 2054 1517 2116 omnium

158 2140 396 2216 distantiarum,
430 2135 601 2222 quaesunt
627 2141 779 2216 infinitae,
811 2141 940 2204 habetur
968 2139 1093 2202 virtutis
1123 2141 1236 2203 effusae
1267 2149 1350 2205 certo
1379 2150 1516 2223 tempore

159 2249 289 2306 summa,
313 2229 462 2310 igitur'et
484 2231 596 2292 emensi
620 2231 700 2292 circa
723 2239 859 2294 centrum
879 2229 1043 2292 'eccentrici
1068 2229 1219 2311 (adeoque
1243 2237 1275 2293 et
1298 2231 1379 2295 circa
1398 2231 1516 2306 Solem)
1632 2293 1637 2306 ,

157 2319 289 2382 itineris.
339 2319 387 2382 lto
411 2327 444 2381 tn
464 2321 528 2401 jam
553 2328 583 2382 et
605 2321 655 2381 vel
683 2319 799 2382 infinita
829 2317 894 2400 ejus
923 2321 1000 2382 viae*
1022 2327 1149 2398 puncta,
1180 2320 1229 2382 vel
1254 2341 1340 2384 arcus
1363 2321 1393 2384 in
1417 2321 1517 2384 minu-

158 2409 283 2472 tissima
306 2415 428 2483 sectos,
461 2418 535 2489 puta
557 2409 587 2472 iu
612 2411 690 2472 dena
713 2409 862 2490 scrupula,
887 2416 1046 2489 computa:
1081 2407 1214 2471 invenies
1237 2409 1336 2487 idem,
1360 2411 1438 2490 quod
1461 2428 1518 2490 ego

159 2493 283 2560 invenio
307 2516 346 2558 ex
374 2497 535 2582 hypothesi
572 2499 705 2574 vicaria,
737 2498 788 2560 vix
816 2499 939 2562 dimidio
973 2497 1112 2578 scrupulo
1143 2491 1316 2563 deficiente.
1341 2499 1419 2580 'Ego
1443 2517 1515 2561 vero

159 2587 250 2650 citius
286 2605 337 2648 ero
371 2587 550 2668 expeditus:
589 2587 644 2651 tibi
675 2589 714 2650 ab
746 2607 881 2670 apogaeo
918 2586 1119 2666 incipiendum
1154 2593 1185 2649 et
1218 2607 1273 2668 per
1304 2589 1427 2652 minima
1458 2587 1518 2652 erit

159 2677 298 2751 eundum,
325 2693 417 2758 quare
442 2677 602 2740 immanem
622 2677 755 2740 laborem
777 2678 924 2740 hauseris.¹
969 2676 1019 2740 Ad
1038 2677 1282 2756 compendiosam
1303 2696 1376 2742 vero
1400 2669 1516 2750 solum-

158 2767 247 2828 modo
286 2764 517 2852 calculationem
555 2766 700 2847 ge'uuinae
742 2767 955 2852 hypotheseos.
984 2773 1015 2844 et
1054 2765 1218 2846 cujuslibet
1251 2767 1309 2829 loci
1355 2765 1515 2830 eccentn'ci

159 2855 289 2918 seorsim
314 2853 379 2917 siue
403 2855 573 2918 diductione
596 2875 651 2936 per
673 2855 796 2918 minima
817 2857 964 2942 usquein
989 2873 1154 2937 apogaeum
1178 2852 1290 2937 aliquid
1313 2857 1387 2919 mihi
1410 2857 1515 2919 deest:

155 2943 330 3008 scientia
376 2945 632 3024 geometricae
678 2947 934 3026 generationis
959 2946 1051 3010 viae
1097 2945 1218 3008 ovalis
1255 2964 1320 3008 seu
1363 2943 1515 3008 facialis

156 3035 429 3110 (oeconomicus),
463 3035 587 3120 ejusque
618 3035 702 3115 plani
733 3036 878 3098 sectionis
901 3036 932 3098 in
960 3035 1048 3096 data‘
1066 3033 1207 3098 ratione,
1239 3033 1273 3097 Si
1305 3035 1401 3114 ligura
1432 3041 1516 3097 esset

154 3124 295 3205 perfecta
319 3123 446 3204 ellipsis,
467 3125 532 3204 jam
557 3123 760 3187 Archimedes
785 3131 815 3187 et
837 3124 1017 3206 Apollonius
1041 3122 1275 3186 satisfecissent.
1311 3123 1326 3150 i

242 3212 314 3292 Ego
338 3213 468 3292 primum
493 3233 590 3302 meam
613 3213 811 3276 bisectionem
836 3213 973 3294 genuinis
997 3218 1029 3274 et
1051 3211 1179 3292 propriis
1206 3211 1361 3292 principiis
1390 3212 1514 3274 demun-

153 3301 275 3377 strah03
310 3301 354 3363 sic
384 3303 484 3382 ipsam
519 3303 606 3365 facile
631 3303 688 3366 hac
712 3303 919 3365 criminatione
952 3308 1110 3379 corruptae
1142 3301 1290 3380 sphaerae
1315 3301 1423 3363 Martis
1449 3317 1513 3364 snm

152 3385 369 3465 liberaturus3'
387 3393 522 3474 adeoque
554 3393 584 3454 in
617 3404 699 3454 tuam
730 3392 859 3472 gratiam
884 3389 1097 3454 transformavi
1128 3389 1175 3452 hic
1208 3392 1309 3453 omnia
1331 3390 1364 3452 iri
1386 3391 1513 3452 formam

151 3479 383 3564 'lychonianam
406 3475 461 3558 sic,¹
484 3490 519 3544 ut
540 3477 688 3562 pomposa
710 3481 884 3564 Tychonica
907 3479 1010 3542 eedem
1033 3487 1195 3558 occuparet
1218 3479 1362 3554 mediam,
1394 3477 1514 3560 Cuper-

150 3571 237 3633 nicus
262 3569 303 3632 ad
328 3569 432 3634 lateris
456 3571 596 3651 angulum
620 3589 654 3633 se
677 3571 835 3654 receperit.
845 3566 887 3647 ¹²)
928 3568 1072 3650 Principii
1087 3567 1152 3630 loco
1171 3587 1259 3650 pono,
1283 3567 1393 3632 Martis
1411 3569 1515 3632 *motui

149 3678 223 3722 vero
247 3659 280 3720 iu
306 3660 473 3722 eccentrico
497 3661 609 3723 nullam

150 3747 246 3812 aliam
269 3747 377 3810 inferri
400 3749 607 3826 variationem,

150 3857 242 3920 quam
264 3837 346 3917 apud
361 3837 532 3920 Tychouem
552 3859 608 3904 an·
635 3829 665 3885 ¹¹¹

149 3946 245 3990 uuam
268 3925 379 3989 aSole
403 3927 607 3992 circumlatio-

150 4035 241 4086 nem,
287 4015 365 4095 apud
409 4015 608 4099 Oopernicum

1003 3730 1057 3796 lig.
1080 3724 1121 3778 ii.

152 4195 192 4258 ab
206 4193 346 4258 omnihus
369 4197 489 4259 omnino
506 4205 608 4260 astro·
735 4252 745 4271 ,

151 4284 250 4348 nemis
274 4291 323 4347 est
352 4293 521 4367 receptum,
553 4289 608 4350 sed
716 4276 741 4333 1¹*

154 4381 187 4436 ct
218 4373 329 4437 rationi
360 4382 607 4440 consentaneum.
665 4455 669 4464 .
700 4379 721 4403 '¹

154 4463 233 4546 Ergo
262 4473 333 4545 post
363 4465 504 4544 integras
532 4487 608 4529 ano·
702 4451 715 4548 ’1,

157 4555 402 4636 naliashlartis‚
426 4571 506 4634 quae
526 4565 608 4620 certo
634 4579 656 4600 ἰ
728 4611 735 4636 ,
759 4610 770 4641 ,Δ

158 4643 258 4709 dantur
270 4648 301 4711 in
322 4653 465 4728 tempore
483 4665 521 4709 ex
535 4665 609 4710 cou—
737 4639 741 4649 ”

157 4731 277 4802 sessione
287 4737 438 4810 omnium,
453 4743 542 4799 erunt
552 4753 608 4798 an·¹

150 4829 206 4910 goti
225 4827 332 4907 ABG,
357 4827 452 4892 Aru*
477 4825 531 4890 dvc.
556 4845 610 4888 ae·
725 4826 731 4836 '
