3552 5562
290 301 333 374 46
710 306 810 362 literae
828 305 930 374 Kepleri
948 306 1098 374 aliernmqm
1114 309 1217 358 mutuae

290 486 420 570 pendet}
443 485 576 567 cogitavi
594 485 699 566 igitur,'
720 488 868 568 quomodo
912 486 1059 550 arellaxis
1077 485 1141 550 sine
1157 483 1327 565 cognitione
1351 483 1520 550 latitudinis
1534 485 1641 548 obaer-

290 577 390 641 rando
413 575 591 656 investigari
614 584 728 657 posset
775 577 860 639 Medi
882 507 941 643 cbo
965 569 1141 640 inciderunt
1187 575 1287 648 Alter,
1311 575 1338 638 si
1361 575 1466 637 eodem
1488 573 1537 637 die
1553 574 1643 636 Luna

290 665 383 728 semel
407 664 470 728 elta
492 664 585 730 semel
607 666 749 728 humilior
772 673 859 728 extra
880 663 983 730 tamen
1004 665 1164 728 terminum
1191 664 1405 738 refractionem
1428 663 1642 744 observaretur

290 754 408 835 quando
437 761 485 816 est
511 755 593 818 circa
622 755 752 829 limites,
785 755 833 817 ubi
862 755 943 818 intre
973 756 1048 818 duas
1077 755 1169 818 horas
1200 771 1306 834 perum
1335 761 1468 822 nentur
1499 753 1639 816 latitudo.

288 843 421 924 Expedit
442 851 543 906 autem
566 843 597 905 id
620 843 712 907 etiarn
735 842 765 906 in
788 844 935 925 principio
959 843 1070 909 Cancri
1092 845 1166 917 lieri,
1190 843 1241 906 ubi
1262 861 1369 922 parum
1392 843 1484 906 etiam
1506 849 1642 904 mutatur

289 932 460 996 declinatio.
507 933 621 995 Verum
653 932 770 1015 qnando
793 935 881 996 Luna
910 927 1018 1009 eodem
1041 933 1089 996 die
1118 939 1190 1014 post
1220 931 1417 994 meridianam
1436 929 1642 1024 ‘altitudinem

289 1023 323 1086 lit
336 1021 520 1084 sensibiliter
535 1021 685 1096 humilior,
705 1021 835 1104 acquirit
849 1022 1019 1102 parallaxin
1035 1023 1065 1086 in
1081 1021 1307 1101 longitudinem,
1325 1021 1641 1100 praecognoscentiam

291 1130 357 1172 cnm
380 1129 416 1172 ea
439 1109 614 1192 inquiratur.
660 1110 751 1174 Alter
774 1111 890 1186 modus,
914 1119 948 1174 ut
966 1111 1118 1174 distinctis
1140 1110 1326 1190 temporibus
1350 1110 1527 1174 observetur
1541 1111 1642 1184 Luna,

290 1219 357 1264 cum
379 1209 429 1262 est
449 1199 590 1278 ingradu
613 1200 818 1278 nonagesimo,
841 1201 873 1264 in
895 1201 991 1264 limite
1019 1201 1134 1274 eodem,
1158 1197 1315 1272 inondant
1337 1199 1501 1265 remotiore
1521 1197 1641 1272 aSole,

290 1289 383 1364 semel
407 1289 497 1350 altior
521 1288 614 1351 semel
637 1287 784 1351 humilior.
810 1289 867 1362 At
881 1290 938 1350 hac
954 1296 1017 1352 tres
1036 1287 1224 1352 conditiones
1248 1307 1317 1350 raro
1340 1295 1536 1363 concurrent;
1560 1287 1642 1350 adde

288 1378 368 1459 quod
401 1376 529 1457 singulis
560 1377 710 1458 scrupulis
736 1377 768 1440 in
794 1378 852 1440 hac
883 1377 1054 1455 altitudinis
1086 1377 1298 1442 observatione
1331 1377 1528 1440 committitur
1557 1396 1643 1439 error

289 1467 376 1530 nnius
405 1465 620 1528 semidiametri
653 1468 783 1541 Terrae,
820 1486 945 1548 quarum
974 1467 1004 1530 in
1036 1467 1261 1532 eecentricitate
1292 1466 1359 1528 viae
1389 1467 1493 1530 Lunae
1524 1481 1643 1548 paucae

288 1555 486 1618 eontinentur.
524 1555 629 1637 ltaque
652 1556 742 1618 tertio
765 1558 822 1619 huc
845 1556 985 1636 confugio
1003 1564 1038 1620 nt
1052 1564 1083 1618 te
1102 1575 1194 1630 orem,
1218 1556 1363 1620 observes
1379 1555 1497 1618 Lunam
1520 1555 1643 1637 quoties

286 1651 374 1724 potes
389 1643 419 1706 in
433 1645 628 1723 nonagesimo
651 1645 745 1723 gradu
761 1653 793 1708 et
813 1644 1040 1708 observationes
1061 1665 1120 1708 una
1138 1664 1204 1708 eum
1227 1645 1423 1708 exactissima
1436 1644 1644 1720 Bononiensis

286 1732 348 1813 poli
371 1731 530 1796 altitudine
559 1732 715 1798 nobiscum
738 1734 768 1796 in
794 1733 958 1798 Germania
987 1735 1195 1798 communices.
1235 1733 1353 1798 Ourabo
1377 1751 1445 1814 ego,
1468 1743 1503 1799 ut
1517 1742 1642 1796 nostras

290 1820 519 1884 obseruationes
541 1829 575 1884 tn
597 1822 732 1884 vicissim
754 1823 878 1886 habeas.
914 1825 963 1886 Ita
986 1825 1047 1900 liet,
1072 1831 1105 1886 ut
1121 1824 1208 1886 Luna
1230 1821 1378 1887 interdum
1402 1823 1496 1886 simul
1513 1829 1643 1904 utroque

290 1909 321 1971 in
344 1909 410 1973 loco
435 1911 610 1974 observetur
633 1911 735 1992 sicque
758 1912 824 1992 ejus
847 1913 877 1975 in
900 1913 993 1992 variis
1016 1912 1184 1976 anomaliae
1203 1911 1279 1974 locis
1302 1911 1478 1976 altitudines
1500 1912 1644 1986 innotos-

290 2008 369 2062 oant.
416 2001 495 2064 Nam
517 2000 665 2064 Bohemia
687 2008 720 2062 et
740 2001 849 2064 ltaliae
872 2002 952 2064 bona
973 2019 1045 2082 pare
1068 2003 1099 2063 in
1121 2002 1226 2063 eodem
1249 2001 1415 2064 meridiano
1439 2008 1518 2064 sunt.
1602 1999 1605 2008 ⁴

380 2089 471 2165 Vale,
494 2089 757 2171 praestantissime
780 2089 834 2151 vir.
848 2109 954 2172 meque
977 2089 1033 2153 tibi
1055 2091 1295 2154 commendatum
1317 2090 1405 2154 habe.
1456 2155 1458 2161 ,

678 2177 801 2242 Graecii
823 2178 945 2263 Styriae
970 2179 1037 2243 Cal.
1060 2181 1130 2244 Jnn.
1158 2174 1253 2244 1601.

924 2268 1041 2344 Excell.
1066 2270 1148 2338 Tuae

1177 2421 1180 2429 ,
1222 2323 1461 2420 officiosissimos

1082 2446 1134 2510 Jo.
1159 2443 1328 2527 Καρίωνα,
1351 2443 1595 2508 Mathematicus.

381 2622 518 2688 Kaplornm
546 2637 601 2672 earn
628 2627 786 2692 praeceptore
813 2636 857 2672 ruo
882 2621 918 2672 M.
937 2618 1118 2674 Maertliuo
1143 2623 1175 2674 de
1195 2620 1381 2684 „maronibus
1408 2621 1459 2672 suis
1486 2621 1573 2672 studiis
1599 2637 1647 2686 par

293 2693 378 2744 literae
397 2695 478 2759 egisse
496 2693 549 2758 quis
567 2693 690 2743 dubitabit
708 2691 821 2757 perlectis
840 2691 925 2748 literis.
943 2709 1013 2759 quus,
1036 2695 1093 2744 dnm
1111 2693 1234 2760 Keplerns
1248 2693 1379 2744 editionem
1393 2693 1518 2742 Prodromi
1536 2691 1644 2742 modita-

292 2766 373 2824 batnr,
401 2771 486 2814 mutuo
505 2764 625 2815 dederant
651 2761 871 2828 acceperantqne·'
899 2763 1022 2829 Keplerns
1049 2773 1212 2817 consueverat
1229 2761 1389 2815 Maestllnnm
1410 2765 1441 2814 de
1460 2764 1569 2813 omnibus
1588 2763 1645 2814 lere

293 2837 423 2888 certiorem
441 2835 533 2893 lacere,
552 2850 617 2900 qnae
635 2836 701 2885 bona
712 2835 750 2884 rel
762 2836 830 2885 mala
848 2836 894 2900 ipsl
912 2837 1063 2888 acciderant.
1082 2851 1146 2901 quae
1165 2851 1231 2887 nora
1246 2838 1272 2886 ln
1286 2837 1361 2886 literis
1380 2836 1495 2900 antipae
1512 2837 1648 2884 invenerat

290 2914 337 2958 ant
355 2908 386 2958 ab
405 2907 460 2958 aliia
478 2908 580 2958 inventa
597 2912 738 2970 aecepem,
756 2922 806 2956 non
823 2908 957 2970 respiciens
969 2907 1096 2970 Haeretici
1112 2911 1139 2958 in
1158 2908 1312 2972 ascribendo
1330 2909 1471 2972 segnitiam.
1500 2906 1541 2957 Sic
1557 2905 1649 2956 retulit

168 3011 172 3016 -
227 3049 231 3058 Ι
289 2980 503 3044 peremptoriae,
528 2977 947 3044 quaeinOpticisprolecerat
970 2977 1215 3043 (Vol.11,p.12),
1241 2977 1648 3044 qouquedeStcllaNora

292 3051 404 3102 notanda
422 3049 453 3100 ab
473 3049 527 3100 allis
546 3055 678 3114 acceperat
696 3051 810 3114 antipae
829 3050 1047 3108 observationibus,
1067 3050 1168 3102 eelsrdis
1189 3057 1214 3100 et
1231 3051 1422 3100 ratiocinatione
1446 3048 1649 3114 deprehenderat

292 3117 360 3184 (Vol.
378 3119 411 3181 11,
431 3137 455 3186 p.
477 3117 535 3170 582.
556 3117 630 3183 lbi),
656 3121 855 3185 quemquamst
880 3121 949 3170 initio
975 3123 1033 3171 ancl
1056 3118 1129 3170 1800.
1151 3123 1183 3171 ad
1202 3135 1293 3171 annum
1314 3118 1390 3169 loos.
1410 3121 1470 3170 nihil
1497 3121 1606 3184 responsi
1629 3133 1648 3170 a

283 3193 424 3243 'Maestlino
452 3194 568 3256 accepbr
596 3199 670 3257 etqm
689 3192 725 3242 sic
748 3193 837 3248 edam.
863 3207 936 3257 qnnm
955 3193 988 3243 ad
1006 3192 1148 3256 Typhonem
1167 3194 1268 3244 Gmetio
1293 3191 1400 3257 Pragam
1427 3193 1643 3257 banomlgrmeet.

263 3313 266 3318 r
289 3267 365 3316 refert
382 3265 418 3314 illi
435 3279 476 3322 ea,
495 3279 560 3329 qnae
573 3265 630 3329 ipse
648 3263 713 3327 apud
732 3263 873 3326 Tyohonom
893 3270 962 3330 agat,
980 3279 1092 3328 queque
1110 3265 1136 3314 in
1154 3265 1241 3316 studiis
1259 3263 1407 3326 Trebonicia
1428 3265 1510 3314 relatu
1526 3263 1647 3329 digniora

290 3336 493 3400 deprehenderit.
522 3349 568 3386 noe
586 3351 636 3386 non
655 3349 686 3386 aa
710 3349 789 3399 quae.
815 3335 904 3386 Martis
932 3335 1113 3387 ohservationes
1139 3349 1288 3402 aggressus.
1317 3335 1473 3388 emendanda
1490 3335 1517 3391 in
1539 3335 1648 3386 usitetia
1671 3381 1676 3394 ,
1768 3403 1770 3410 Α

295 3413 488 3458 astronomorum
507 3407 641 3456 rationibus
659 3412 715 3456 rata
732 3403 833 3456 habeat.

381 3477 450 3528 Prior
468 3479 625 3540 epistolarem
644 3473 851 3542 Keplerianarurn
869 3477 917 3528 hnc
934 3478 1060 3544 pertinens
1076 3475 1184 3528 Martem
1201 3475 1280 3540 lprnm
1300 3475 1397 3542 quidem
1416 3477 1524 3528 nondum
1542 3475 1649 3533 attinet,

290 3549 334 3598 sed
352 3551 413 3600 ratis
431 3547 582 3600 luculentum
600 3549 704 3612 praebet
721 3549 846 3611 specimen
871 3549 1005 3600 emilanem
1024 3549 1147 3614 'tychonis
1174 3551 1275 3613 ejusque
1301 3548 1490 3613 meoparonem.
1517 3561 1591 3616 mam
1609 3549 1647 3599 ob

294 3633 344 3672 rem
363 3619 433 3672 illam
451 3617 613 3689 exhibendam
632 3632 762 3670 ememus
778 3619 823 3670 bic.
837 3620 967 3686 integmm

379 3779 464 3842 Nihil
486 3779 544 3842 hac
566 3778 632 3842 vico
655 3691 902 3856 fuit'dicendurii,
915 3693 1100 3862 piscabor
1122 3753 1337 3858 amantissime,
1363 3799 1452 3864 quam
1465 3786 1647 3860 utrespon-

194 3887 199 3900 ‘
292 3872 380 3934 dores
402 3868 548 3948 proximis
570 3867 646 3930 mab
669 3867 775 3932 literis·
790 3875 822 3929 et
842 3871 881 3932 R„
904 3871 943 3932 D.
967 3871 1006 3933 D.
1030 3871 1269 3936 Hafenrefferum
1292 3879 1324 3934 et
1344 3873 1382 3934 Ι).
1406 3871 1445 3932 D.
1471 3867 1648 3948 Zieglerum

293 3960 333 4022 ad
347 3957 535 4022 scribendum
555 3957 732 4034 hortareris,
754 3957 1002 4039 mitterenturque
1020 3958 1127 4022 literae
1142 3960 1351 4026 Stuccardlam
1364 3960 1404 4022 ad
1417 3961 1456 4022 D.
1470 3960 1510 4022 D.
1524 3957 1647 4037 Engel-

291 4048 427 4125 bardum,
451 4047 501 4110 vel
523 4047 624 4128 potius
647 4046 834 4126 Leobergam
857 4048 897 4110 ad
919 4066 1016 4110 meam
1039 4057 1175 4112 matrem
1215 4050 1431 4115 Consolatione
1454 4048 1533 4112 enim
1555 4064 1647 4126 egeo,

292 4139 344 4221 qui
366 4145 513 4220 quartana
535 4135 696 4206 etiamnum
712 4135 817 4198 laboro
834 4143 866 4198 et
878 4136 1000 4218 insuper
1022 4138 1193 4217 periculosa
1207 4139 1295 4215 bussi,
1318 4159 1378 4202 non
1392 4138 1456 4200 sine
1470 4135 1647 4216 suspicione

291 4227 441 4302 boeticos,
475 4227 532 4288 hoc
555 4233 604 4290 est
633 4224 728 4306 ipsine
756 4225 836 4286 vitae
860 4244 927 4289 cum
955 4225 1090 4305 periculo
1097 4247 1107 4305 ;
1134 4228 1201 4308 jam
1223 4236 1255 4290 et
1286 4247 1361 4308 uxor
1391 4233 1546 4307 aegrotat;
1575 4224 1648 4304 jam

293 4318 423 4381 nondum
447 4323 554 4398 quarto
576 4313 696 4394 penitus
726 4314 891 4395 praeterito
923 4333 1025 4378 mense
1049 4324 1167 4381 centum
1196 4318 1332 4380 thaleros
1354 4317 1471 4396 Pragae
1495 4313 1646 4396 expendi3

293 4407 371 4469 adde
394 4405 545 4480 viaticum,
570 4422 674 4482 parum
696 4411 778 4466 certe
801 4404 874 4466 mihi
898 4413 1044 4485 superest
1090 4407 1189 4470 Multa
1208 4407 1310 4488 Tycho
1332 4404 1492 4486 promittit,
1513 4422 1591 4485 quae
1616 4405 1648 4468 si

293 4504 397 4560 essent
419 4497 463 4560 ita
486 4495 516 4557 in
540 4493 636 4574 ipsius
658 4499 822 4572 potestate,
845 4511 933 4556 nemo
956 4502 1039 4556 esset
1061 4513 1108 4558 me
1131 4495 1309 4560 contentior.
1355 4497 1462 4576 ltaque
1484 4492 1544 4561 nisi
1565 4493 1647 4556 haec

293 4603 362 4650 mea
394 4585 550 4650 festinatio
581 4590 613 4645 ot
642 4581 796 4663 paschalis
831 4581 977 4662 temporis
1011 4583 1174 4650 destinatio
1207 4583 1315 4664 mortis
1347 4583 1428 4648 cirea
1457 4584 1489 4646 id
1523 4589 1647 4662 tempos

296 4673 462 4753 ingruentis
485 4693 572 4738 omen
596 4680 658 4746 est,
683 4671 869 4752 migrandum
893 4671 952 4734 erit
973 4675 1092 4738 omnino
1114 4675 1155 4738 ad
1172 4673 1297 4756 pascha.
1342 4673 1470 4738 Adros
1492 4689 1540 4734 rne
1562 4673 1647 4752 rapit

296 4781 381 4828 amor
402 4761 540 4843 patriae,
570 4779 761 4844 quaeeunque
785 4761 826 4822 sit
847 4760 913 4841 ejus
937 4761 1037 4829 lutura
1063 4765 1192 4830 somnne.
1238 4762 1343 4826 Rebus
1365 4761 1559 4842 pereuntibus
1577 4761 1645 4843 jam

296 4852 389 4916 semel
412 4851 542 4928 interfui,
565 4851 717 4934 impavido
740 4868 807 4914 sum
828 4849 939 4914 animo.
