3604 5534
314 233 417 342 ιιι
615 253 619 258 ’
795 271 1181 334 ususcsassncnoc·

311 453 348 529 l]
372 452 486 536 primae
520 453 560 516 ad
586 409 731 520 recemum
760 453 885 518 veniunt
916 455 1014 532 [ιιΗ
1042 475 1097 538 per
1123 455 1180 520 LK
1211 411 1327 519 rursum
1358 453 1388 518 in
1410 456 1460 531 11:
1495 455 1664 540 tardiorem

312 541 416 606 Solem
440 542 487 618 [iu
505 543 613 621 ABEJ,
638 553 672 608 ut
695 544 744 625 qui
765 545 911 626 postridie
934 545 964 606 io
989 545 1015 608 Ε
1039 545 1188 622 existens,
1213 545 1289 607 lixas
1312 545 1327 606 1
1350 545 1390 606 ad
1413 565 1554 609 occasum
1576 545 1671 618 inse-,

312 639 429 714 quatur,
453 632 560 714 quibus
585 634 680 716 pridie
700 635 822 714 junctus
846 642 913 696 erat
933 653 989 715 per
1010 635 1090 698 HA:
1116 635 1172 698 hoc
1195 635 1304 697 iterum
1327 633 1489 697 tardiorem
1513 635 1665 698 omnium-

312 741 369 804 que
392 721 522 784 siderum
546 723 749 786 tardissimam
772 723 906 799 Lunam3
930 723 1000 806 quia
1023 742 1089 786 curn
1112 723 1200 786 hodie
1228 743 1295 786 cnm
1317 721 1389 786 Sole
1414 723 1454 798 [iis
1479 723 1518 798 A,
1542 725 1610 806 ipsa
1632 724 1665 786 in

310 811 347 884 F]
372 810 570 888 occubuisset,
594 813 740 894 postridie
764 812 860 887 [coelo
883 821 949 875 toto
973 819 1005 874 et
1026 833 1086 875 una
1108 811 1176 894 ipsa
1198 832 1252 894 per
1267 811 1419 876 FMNOG
1442 813 1522 875 circa
1536 813 1666 877 Terram

310 900 428 974 voluta]
453 898 556 966 Solem
585 902 810 965 occumbentem
834 903 876 978 [in
899 901 938 978 Ε]
961 901 1040 966 satis
1057 921 1179 982 magno
1211 901 1374 964 intervallo
1399 901 1482 978 [EG]
1507 911 1665 985 sequatur.

311 987 389 1050 Hinc
405 989 616 1072 Pythagoraei,
640 1010 707 1053 cum
721 992 799 1053 inter
813 992 914 1054 sidera
932 991 1062 1054 musicos
1077 1010 1168 1054 sonos
1192 990 1427 1065 distribuissent,
1451 991 1666 1075 gravissimum

311 1077 415 1140 Lunae
438 1080 586 1157 tribuere,
620 1088 653 1143 st
673 1081 753 1144 inter
775 1080 858 1164 lyrae
881 1081 1011 1144 chordas
1034 1081 1187 1163 hypaten,
1219 1089 1382 1161 propterea
1405 1082 1484 1162 quod
1506 1081 1665 1162 utriusque

311 1175 410 1230 motus
434 1167 624 1233 tardissimus
648 1179 740 1232 esset.
786 1171 865 1232 Hinc
887 1178 972 1233 ortae
996 1187 1086 1232 voces
1100 1191 1326 1252 rporpoopssoc,
1346 1165 1560 1248 irolssrsrsoe,
1585 1190 1665 1252 qua·
1708 1181 1713 1190 “

312 1275 378 1338 runi
410 1255 464 1320 illa
491 1255 630 1340 primitus
653 1259 680 1322 ei
705 1259 812 1322 stellas
845 1259 1032 1340 quadrabat,
1071 1279 1147 1340 quae
1179 1259 1325 1341 postridie
1354 1261 1437 1340 prior
1460 1260 1499 1322 ad
1521 1279 1666 1324 occasum

311 1345 453 1409 veniebat
475 1351 523 1421 (nt
544 1347 571 1409 E
595 1346 648 1410 Sol
677 1355 815 1428 respectu
840 1347 870 1410 G
892 1348 997 1411 Lunae
1025 1347 1181 1412 dicebatur
1203 1351 1454 1430 upoqyoopsroc):
1488 1349 1562 1412 baec
1590 1368 1665 1413 vero
1736 1385 1738 1388 ·

314 1434 421 1498 stellae
444 1436 603 1499 tardiori'
594 1457 624 1499 ιι
647 1437 743 1518 primo
766 1443 849 1499 motu
873 1438 920 1513 [ιι
941 1437 990 1502 hic
1012 1436 1143 1513 Lunaal,
1168 1439 1255 1519 quasi
1278 1439 1494 1502 destitueretur
1516 1447 1548 1501 et
1571 1439 1663 1502 dere-

312 1525 495 1604 linqueretur
526 1525 568 1602 [iu
593 1521 636 1602 G]
669 1525 904 1598 sceleriqribns
935 1526 991 1602 [E‚
1014 1527 1063 1624 Π,
1097 1528 1134 1592 de
1167 1527 1273 1610 quibus
1305 1527 1374 1591 vide
1406 1527 1494 1609 plum
1527 1547 1595 1612 cap.
1619 1529 1664 1592 X.

311 1620 434 1676 nostrae
458 1613 594 1696 Optices.

400 1701 487 1766 Hanc
513 1705 639 1785 primam
663 1704 865 1767 astronomiae
895 1703 1169 1781 adumbrationem,
1208 1725 1284 1786 quae
1312 1705 1394 1780 nulla
1421 1725 1531 1770 causae
1564 1706 1668 1788 expli-

311 1791 448 1866 catione,
476 1793 636 1864 solarere
660 1802 692 1855 et
713 1794 889 1857 tardissima
912 1794 1062 1857 oculorum
1086 1795 1273 1876 experientia
1296 1802 1432 1870 constat,
1457 1805 1488 1859 st
1511 1815 1588 1880 quas
1610 1815 1670 1859 nec

313 1879 515 1954 schematibus
547 1903 602 1947 uec
632 1883 763 1947 numeris
791 1882 973 1963 explicari
965 1902 1053 1966 inque
1086 1885 1188 1947 futura
1214 1894 1352 1992 tempora
1383 1885 1515 1967 depromi
1550 1895 1665 1968 potest,

314 1989 379 2032 curn
402 1981 547 2053 perpetuo
572 1995 591 2034 a
613 1993 648 2034 se
664 1971 740 2061 ipsa
763 1971 922 2042 dissideat,
947 1973 1022 2035 adeo
1046 1981 1080 2034 nt
1102 1973 1186 2036 nulla
1208 1974 1293 2056 spira
1315 1973 1404 2036 alteri
1419 1975 1563 2056 temperis
1578 1995 1668 2036 mora

312 2069 466 2139 aequetur,
491 2063 574 2126 nulla
597 2051 731 2142 ejusdem
755 2061 934 2143 quantitatis
958 2059 1069 2138 flexu
1061 2082 1090 2124 ιι
1116 2061 1245 2126 vicinam
1264 2070 1418 2138 transeat,
1443 2065 1551 2126 hanc'
1542 2082 1668 2144 inquam

312 2147 403 2229 aliqui
441 2160 541 2217 tamen
574 2151 681 2226 hodie,
722 2151 898 2213 conculcato
939 2133 986 2214 bis
1017 2151 1100 2214 mille
1138 2170 1281 2216 annorum
1328 2152 1449 2230 labore,
1496 2152 1667 2234 diligentia,

311 2237 496 2318 eruditione,
521 2239 663 2316 scientia,
686 2241 847 2302 restituere
871 2247 1024 2316 conantur,
1049 2240 1140 2322 volgo
1164 2233 1394 2305 admirationem
1418 2243 1474 2316 sni,
1499 2261 1558 2304 nou
1579 2241 1670 2305 irrito

312 2327 393 2408 apud
430 2329 587 2410 imperitos
626 2337 753 2398 conatu,
798 2328 986 2410 ingerentes;
1033 2347 1125 2411 quos
1144 2331 1318 2410 peritiores
1334 2332 1383 2393 vel
1406 2331 1540 2435 ineptire
1569 2332 1670 2395 vsl'
1643 2353 1671 2394 ss

312 2416 483 2501 philosophi
507 2419 609 2482 audire
631 2420 745 2494 volunt,
769 2427 803 2480 ιι
827 2419 977 2481 Patricius
1000 2419 1060 2496 ille,
1085 2437 1159 2482 cum.
1175 2420 1293 2484 ratione
1316 2419 1447 2484 insanire
1466 2421 1535 2502 jure
1558 2422 1670 2484 merito

311 2515 449 2568 censent.

400 2592 555 2658 Successit
577 2595 656 2658 enim
680 2595 860 2658 astronomis
884 2603 918 2658 ut
941 2595 1162 2676 intelligerent,
1192 2597 1267 2660 duos
1297 2599 1437 2661 confundi
1462 2605 1560 2661 motus
1586 2597 1666 2660 aim-

310 2681 424 2763 plices,
456 2685 582 2790 primum
612 2692 646 2747 et
676 2684 843 2759 secundos,
876 2703 1061 2748 communem
1085 2695 1117 2748 et
1137 2688 1293 2768 proprios,
1327 2707 1364 2750 ex
1396 2707 1456 2770 qna
1487 2687 1665 2750 confusione

311 2773 483 2836 necessario
513 2782 657 2857 sequatur
679 2774 734 2836 illa
765 2773 1054 2878 conglpmeratorum
1084 2783 1216 2838 motuum
1248 2795 1384 2840 connexa
1415 2775 1530 2842 series:
1560 2775 1669 2857 itaque

313 2870 455 2942 separato
488 2862 635 2926 communi
658 2863 710 2926 illo
734 2870 766 2924 et
789 2863 940 2926 extrinsec
1010 2864 1184 2927 advenienti
1215 2874 1304 2947 raptu
1335 2867 1459 2941 dinmo,
1485 2868 1551 2947 jam
1575 2885 1669 2946 porro

312 2969 371 3015 non
401 2951 478 3014 duas
507 2951 734 3028 velocissimae,
758 2953 874 3016 Lunam
899 2881 1120 3032 catharinam,
1152 2954 1207 3017 sed
1240 2956 1392 3018 conuaria
1420 2957 1554 3025 ratione,
1588 2955 1670 3018 hanc

313 3041 449 3104 velocem
472 3061 506 3104 se
530 3039 597 3124 ipsa
620 3050 653 3104 et
674 3049 757 3105 motu
783 3041 905 3122 proprio
927 3039 999 3118 PG,
1030 3043 1098 3105 illas
1127 3044 1216 3124 plane
1243 3045 1293 3107 vel
1321 3044 1513 3108 tardissimas
1537 3044 1585 3106 vel
1608 3043 1671 3106 im

313 3138 411 3194 motas
435 3149 524 3194 esse:
548 3149 672 3213 eumque
695 3133 820 3234 planeta
843 3129 1001 3212 quispiam,
1025 3139 1060 3194 ut
1082 3129 1112 3194 G
1135 3133 1237 3207 Luna,
1262 3131 1376 3197 aSole
1398 3133 1426 3195 Ε
1448 3135 1497 3197 ιιι
1520 3155 1539 3196 a
1561 3133 1672 3196 lixisl

313 3228 361 3282 est
383 3215 593 3296 ιιιοιιιιιικοι,
617 3240 684 3284 eum
702 3221 731 3282 io
756 3219 970 3301 consequentia
978 3218 1012 3294 *l
1037 3219 1107 3286 ferri
1129 3239 1184 3310 per
1205 3221 1263 3286 PG
1286 3223 1427 3299 celerius,
1452 3241 1539 3304 quarn
1564 3223 1671 3286 Solem

314 3327 368 3389 per
390 3309 448 3373 ΑΕ
471 3310 520 3373 ιιι
549 3310 624 3372 lixas
656 3329 710 3392 per
732 3311 794 3385 1113
828 3317 862 3372 at
891 3310 919 3372 si
941 3329 1158 3392 rrpoqpoopsroe
1187 3321 1335 3393 appareat
1364 3312 1444 3375 inter
1465 3313 1552 3384 fixas,
1582 3320 1671 3375 motu

315 3399 493 3479 retrogrado
516 3399 675 3462 incedere·
698 3407 734 3462 ιι
755 3399 783 3460 si
806 3397 858 3461 Sol
883 3397 912 3460 Α
934 3418 1001 3464 cum
1027 3401 1089 3463 lixa
1111 3401 1140 3462 H
1164 3419 1202 3462 ex
1225 3401 1332 3464 iisdem
1366 3401 1462 3483 pridie
1495 3401 1672 3464 carceribus

314 3487 375 3550 ΑΗ
399 3489 536 3564 emissus,
560 3508 615 3570 par
636 3487 748 3552 BCDE
770 3489 960 3570 pervenisset
981 3508 1074 3571 usque
1098 3489 1126 3550 iu
1151 3490 1186 3565 P,
1210 3491 1270 3554 lixa
1293 3510 1363 3554 vero
1386 3511 1441 3573 per
1461 3491 1549 3554 HLK
1572 3510 1672 3573 usque

315 3577 345 3639 in
368 3576 394 3646 1.
420 3575 473 3641 Sol
496 3578 583 3640 nnius
606 3577 666 3641 diei
689 3577 789 3657 spatio
812 3595 865 3657 per
887 3577 1079 3642 intervallum
1103 3579 1160 3642 ΔΡ
1181 3581 1418 3644 retrocessisset.

405 3665 535 3747 Magnus
558 3667 607 3730 hic
630 3667 661 3729 in
684 3666 868 3729 astronomia
899 3667 1052 3746 proiectus
1075 3667 1133 3731 luit
1156 3669 1195 3730 ad
1223 3669 1396 3734 discendam
1425 3677 1558 3732 motuum
1591 3668 1673 3730 sim-

316 3753 493 3838 plicitatem.
539 3755 599 3818 Pro
623 3755 747 3818 infinitis
771 3755 850 3818 enirn
873 3755 972 3838 spiris,
996 3775 1116 3838 semper
1138 3777 1218 3819 nova
1241 3777 1279 3820 ex
1301 3759 1358 3822 fine
1381 3759 1490 3840 prioris
1512 3755 1540 3818 Ε
1564 3758 1614 3820 vel
1639 3755 1673 3819 G

318 3862 407 3918 nexa,
431 3843 674 3926 relinquebantur
697 3845 806 3926 singuli
820 3864 895 3927 pene
919 3845 1022 3910 circuli
1036 3845 1092 3910 PG
1107 3853 1140 3908 st
1154 3847 1211 3910 ΑΕ
1230 3857 1262 3910 ιι
1276 3868 1352 3912 unns
1375 3847 1538 3911 communis
1559 3853 1674 3922 motus,

316 3951 372 3995 ssu
395 3931 524 3998 onmium
545 3934 737 4016 planetarum
764 3934 914 4016 totiusque
942 3935 1018 3998 adeo
1043 3935 1145 3999 mundi
1168 3937 1199 3998 in
1222 3937 1344 4020 plagam
1376 3938 1507 4002 motibus
1538 3935 1676 4020 propriis

316 4022 509 4100 contrariam,
534 4041 590 4086 ssu
613 4024 775 4086 secundum
789 4024 1000 4088 Aristarchum
1022 4033 1124 4088 staats
1147 4026 1267 4101 mundo,
1291 4027 1373 4109 globi
1396 4025 1525 4090 Telluris
1540 4025 1568 4087 Τ
1589 4025 1678 4088 cirea

317 4130 404 4174 uem
428 4109 488 4184 Qu
510 4113 540 4175 in
562 4113 685 4194 plagam
709 4114 835 4176 eandem
859 4133 926 4177 cum
948 4115 1076 4197 propriis
1099 4115 1243 4178 motibus.

406 4199 555 4283 Separato
582 4203 649 4282 jam
675 4202 771 4283 primo
803 4211 834 4264 et
856 4203 960 4266 diurno
984 4212 1067 4266 motu
1091 4211 1123 4266 et
1145 4205 1302 4286 perpensis
1327 4212 1444 4268 tantum
1466 4205 1504 4270 iis
1526 4205 1674 4281 motibus,

317 4291 367 4395 qui
399 4292 561 4356 collatione
589 4293 706 4355 diemm
737 4291 852 4374 aliquot
883 4293 1144 4398 deprehenduntur
1167 4303 1199 4356 et
1226 4295 1353 4375 singulis
1381 4296 1514 4376 planetis
1543 4293 1677 4358 seorsim
1728 4359 1732 4366 ,

317 4379 433 4457 iusum,
460 4382 525 4463 jans
555 4382 584 4444 iu
617 4381 705 4444 ιιι
697 4381 771 4461 ipsis
804 4381 897 4444 multo
924 4385 1018 4464 maJ'or
1046 4384 1216 4471 apparuit
1211 4385 1364 4448 conlusio
1371 4403 1459 4465 quam
1480 4385 1581 4468 prius,
1605 4404 1676 4447 cnm

319 4469 416 4532 adhuc
447 4481 546 4534 motus
578 4469 699 4534 dinmns
734 4477 766 4532 et
788 4471 951 4534 communis
974 4472 1049 4553 ipsis
1073 4481 1155 4534 esset
1178 4456 1352 4556 iuiplicitns.
1399 4473 1467 4539 Etsi
1491 4475 1572 4538 enim
1595 4475 1675 4538 haec

408 4669 436 4749 )
456 4677 489 4754 ln
508 4676 706 4750 consequentia
726 4682 770 4731 est
789 4678 937 4734 secuudum
963 4679 1104 4775 signorum
1132 4680 1231 4740 seriem
1258 4684 1295 4738 ab
1315 4682 1459 4740 Aristeia
1480 4684 1602 4740 Taurum
1624 4681 1676 4739 ds.

321 4769 392 4827 quas
422 4749 506 4812 series
536 4759 625 4814 tendit
644 4759 682 4814 ab
702 4773 802 4812 occasu
824 4774 876 4828 par
902 4758 1070 4818 meridiem
1061 4780 1090 4817 ιι
1109 4762 1274 4818 orientalem
1298 4764 1464 4836 plagasset
1486 4764 1551 4822 inde
1577 4781 1678 4824 reram

321 4833 880 4896 imumcoelirursumadoccidsutem:
901 4841 1084 4912 surus,
1106 4843 1290 4902 ιιιιιιιιΕ
