3672 5538
615 294 675 348 Pars
694 293 785 346 Tertia.
823 291 903 360 (iaput
921 292 1032 348 xxxiv.
1431 293 1495 364 305

152 473 255 536 oculos
278 473 343 554 ejus
366 473 484 551 vident;
517 475 568 556 qui
590 494 662 538 vero
683 482 754 557 post
776 473 861 538 illum
884 479 984 550 stant,
1014 473 1166 537 oculorum
1189 473 1254 554 ejus
1277 479 1401 556 aspectu
1423 481 1494 539 tunc

150 569 262 626 carent.
316 565 362 626 At
393 584 461 626 sese
498 572 675 626 convertens
704 565 887 642 circumfert
925 563 1028 626 oculos
1061 561 1100 626 ad
1130 561 1287 626 universus
1317 564 1349 628 in
1381 565 1492 642 orbem,

150 671 252 715 omnes
274 652 367 732 igitur
394 673 535 718 successu
563 654 733 718 brevissimi
755 653 900 736 temporis
918 655 984 734 ejus
1008 653 1160 716 oculorum
1184 661 1308 736 aspectu
1329 653 1492 734 potiuntur.
1575 679 1576 685 ¹

149 744 195 806 At
215 742 369 824 potiuntur
391 761 445 824 per
468 761 622 806 accessum
645 744 761 806 luculae
785 764 837 806 seu
868 741 980 824 speciei
1003 741 1112 805 coloris
1135 742 1172 804 ab
1196 743 1290 805 oculis
1314 743 1442 806 oratoris
1464 745 1496 806 in

151 831 254 894 oculos
282 833 487 912 spectantium
517 833 668 914 delapsae.
713 833 797 913 Ergo
834 834 1046 896 circumferens
1085 832 1188 894 oculos
1225 832 1258 895 in
1284 839 1413 913 angusto
1443 832 1496 895 illo

151 919 260 1002 spatio,
284 921 314 983 in
333 941 391 1002 qno
406 930 496 1003 caput
518 922 583 1002 ejus
598 922 777 985 collocatum
799 930 856 998 est,
881 943 940 984 una
955 921 1126 986 circumfert
1148 921 1265 983 luculae
1287 921 1370 985 illius
1392 922 1496 985 radios

150 1011 180 1071 in
207 1010 393 1091 amplissimo
425 1011 479 1073 illo
510 1013 598 1087 orbe,
629 1013 660 1074 in
681 1015 770 1095 'quem
798 1017 1000 1094 spectatorum
1030 1011 1108 1074 oculi
1139 1009 1332 1074 circumcirca
1353 1009 1495 1092 dispositi

150 1106 228 1165 eunt
265 1099 335 1163 Nisi
357 1121 386 1162 n.
410 1121 470 1163 una
485 1101 655 1164 circumiret
677 1101 777 1164 lucula
799 1101 863 1177 illa,
887 1107 1073 1182 spectatores
1097 1101 1162 1180 ejus
1179 1099 1332 1163 oculorum
1354 1109 1497 1182 aspectus
1574 1101 1579 1112 '
1614 1097 1620 1110 '

150 1209 207 1252 non
230 1189 337 1252 tierent
358 1189 532 1272 participes.
568 1191 625 1253 Hic
644 1191 729 1255 vides
751 1192 922 1264 manifeste,
946 1190 1077 1273 speciem
1091 1188 1325 1252 immateriatam
1347 1189 1423 1252 lucis
1446 1188 1496 1252 vel

149 1277 333 1352 circumferri
347 1279 395 1341 vel
415 1287 507 1356 stare,
530 1299 589 1342 nna
605 1301 672 1343 cunr
689 1280 866 1343 circumlata
878 1278 928 1341 vel
947 1287 1047 1354 stante
1062 1298 1094 1342 re
1110 1299 1174 1355 sua,
1199 1278 1284 1359 cnjus
1298 1286 1345 1342 est
1368 1279 1494 1360 species.

238 1367 314 1432 Cum
337 1368 438 1451 itaque
462 1369 578 1450 species
601 1369 708 1447 fontis,
742 1389 796 1433 seu
818 1370 914 1433 virtus
936 1371 1077 1451 planetas
1098 1386 1238 1444 movens,
1270 1375 1393 1450 gyratur
1416 1368 1497 1430 circa
1533 1431 1546 1452 ,,

149 1463 283 1520 ιιιιιιιι
297 1457 409 1534 ιιιιιιι,
423 1477 486 1520 rem
500 1460 598 1541 ipsam
612 1477 737 1542 quoque,
761 1461 846 1542 cujus
867 1466 916 1540 est
933 1458 1061 1542 species,
1084 1458 1207 1523 Solem
1228 1475 1334 1540 nempe
1356 1457 1495 1540 gyrari,

148 1547 204 1610 boo
222 1547 288 1628 jam
311 1546 392 1610 dicto
412 1543 553 1630 'exemplo
576 1569 635 1611 non
657 1548 786 1613 absurde
809 1548 964 1613 concludo.

237 1635 384 1708 Quamvis
400 1645 431 1700 et
451 1639 510 1701 hoc
533 1647 709 1719 argumento
733 1638 813 1702 idem
831 1638 987 1714 evincitur,
1010 1636 1089 1720 quod
1111 1643 1210 1700 motus
1232 1633 1340 1698 localis
1363 1641 1395 1698 ιι
1415 1641 1496 1698 tern-

147 1724 213 1810 pcri
240 1726 379 1790 subditus
408 1728 512 1832 nequit
538 1736 708 1832 competere
740 1729 770 1791 in
794 1729 925 1809 speciem
954 1727 1186 1792 immateriatam
1208 1725 1332 1801 nudam,
1363 1732 1398 1788 ut
1419 1743 1496 1808 qnae

148 1821 248 1880 motus
270 1815 350 1879 illati
372 1817 546 1898 passionem
567 1816 701 1899 recipere
723 1819 839 1902 nequit,
874 1818 933 1882 nisi
956 1817 1058 1892 simul,
1091 1822 1126 1878 ut
1146 1815 1243 1878 virtus
1269 1815 1345 1877 haec
1366 1813 1497 1878 materia

147 1907 215 1988 ipsa
238 1913 338 1982 caret,
370 1905 415 1968 sic
444 1914 543 1970 motus
567 1926 683 1990 quoque
710 1915 850 1989 receptus
879 1915 1014 1988 tempore
1037 1910 1150 1967 careat.
1197 1903 1274 1968 Oum
1301 1922 1372 1985 ergo
1399 1902 1497 1984 virtus

147 1995 208 2058 ista
222 1991 348 2060 movens
366 1995 521 2059 circumire
534 1997 663 2078 probata
680 1996 731 2074 sit,
754 2007 848 2081 neque
866 2004 968 2059 tamen
989 1995 1122 2059 infinitae
1135 1992 1238 2075 possit
1249 1993 1373 2057 concedi
1387 1992 1497 2056 celeri-

147 2084 221 2148 tatis
246 2084 406 2159 (inlicitam
429 2086 508 2150 enirn
537 2093 608 2150 tunc
631 2087 818 2150 celeritatem
840 2087 933 2150 etiam
955 2083 1129 2165 corporibus
1150 2083 1283 2146 inditura
1308 2083 1442 2156 videtur)
1466 2089 1497 2144 et

147 2173 239 2238 ideo
229 2194 261 2237 ιι
276 2175 524 2259 temporealiquo
539 2175 718 2239 circumeat:
744 2177 859 2258 seipsa
880 2176 973 2256 igitur
993 2173 1072 2236 bunc
1086 2180 1198 2236 motum
1217 2171 1321 2256 nequit
1342 2173 1496 2254 perficere,

149 2265 203 2327 sed
225 2263 311 2326 ideo
307 2264 416 2327 solnm
438 2265 552 2329 moveri
574 2266 659 2329 illam
682 2284 807 2329 necesse
830 2265 981 2347 estquis
1004 2281 1112 2344 corpus
1135 2261 1200 2343 ejus
1223 2280 1322 2344 aquo
1347 2261 1497 2344 dependet

147 2358 292 2416 movetur.
337 2354 440 2438 Atque
463 2356 569 2418 eodem
592 2355 683 2419 etiam
706 2361 881 2458 argumento
903 2361 986 2417 recte
1009 2351 1148 2415 concludi
1169 2351 1307 2426 videtur,
1338 2368 1399 2412 non
1427 2367 1496 2413 esse

148 2441 382 2507 immateriatnm
404 2443 556 2526 quippiam
586 2445 666 2508 intra
691 2443 826 2526 corporis
849 2443 966 2508 Solaria
993 2440 1156 2516 terminos,
1188 2440 1272 2521 cujus
1299 2437 1495 2503 conversione

149 2532 237 2596 sbnul
255 2539 447 2612 convertatur
471 2531 587 2616 species
609 2534 671 2597 ista
684 2533 722 2597 ab
744 2533 798 2596 illo
822 2533 1022 2598 immateriato
1029 2520 1232 2594 descendens
1270 2529 1403 2592 Rursum
1418 2529 1497 2591 enim
1569 2575 1575 2588 .

148 2615 351 2702 immateriale
374 2621 503 2702 cuipiam
525 2623 633 2686 localis
656 2632 756 2688 motus
771 2643 837 2687 cum
858 2631 993 2703 tempore
1015 2641 1074 2683 non
1097 2627 1178 2682 recte
1201 2618 1350 2681 tribuitur
1386 2615 1497 2682 Relin-

148 2712 248 2795 quitur
270 2711 373 2791 igitur,
394 2719 430 2774 ut
451 2730 560 2793 corpus
582 2713 680 2793 ipsum
694 2713 777 2777 Solis
799 2714 888 2777 modo
907 2731 999 2794 supra
1016 2710 1097 2773 dicto
1120 2715 1253 2796 gyratur,
1276 2715 1308 2770 et
1328 2705 1408 2790 polis
1423 2725 1496 2770 suae

148 2800 354 2865 conversionis
378 2800 474 2874 (linea
496 2820 534 2862 ex
553 2809 655 2865 centro
679 2802 812 2906 corporis
832 2821 888 2884 per
908 2802 980 2864 illos
1001 2801 1081 2862 inter
1103 2800 1180 2862 lixas
1203 2797 1326 2870 educta)
1348 2804 1498 2860 monstret

146 2891 235 2974 polos
258 2889 384 2966 zodiaci,
409 2889 520 2953 circulo
538 2910 610 2964 vero
634 2892 767 2973 eorporis
791 2893 837 2954 sui
860 2891 991 2954 maximo
1006 2865 1188 2970 eclipticam,
1211 2888 1375 2970 hammque
1398 2904 1497 2950 rerum

146 2977 417 3044 astronomicarum
438 2980 495 3042 hoc
517 2988 608 3061 pacto
631 3000 723 3044 causa
745 2979 894 3044 naturalis
916 2981 978 3044 liat.
1422 3005 1437 3045 ι

235 3067 377 3150 Aruplius
408 3087 474 3132 cum
505 3069 675 3146 rideamne,
707 3089 762 3133 nec
793 3068 929 3150 'singulos
960 3067 1100 3150 planetas
1130 3063 1162 3124 in
1193 3062 1273 3126 omni
1303 3079 1359 3124 ιιι
1380 3081 1400 3122 ι
1405 3015 1496 3126 Sola

145 3157 311 3232 distantia,
343 3177 399 3220 nec
422 3178 526 3222 ornnes
555 3160 586 3224 in
610 3158 739 3222 diversis
771 3158 835 3222 suis
857 3155 1012 3221 distantiis
1039 3151 1159 3236 aequali
1182 3151 1292 3233 corripi
1321 3148 1497 3228 ιιιιιιιιιιι

145 3249 203 3314 sed
225 3247 390 3312 Saturnum
411 3267 556 3312 annorum
579 3245 623 3313 30
644 3267 745 3312 moras
768 3255 903 3322 nectere,
925 3247 1033 3311 Jovem
1056 3254 1201 3306 annornm
1225 3237 1275 3318 12,
1299 3239 1431 3302 Martem
1453 3199 1496 3304 23'

144 3337 305 3412 mensium,
328 3335 454 3399 Terram
478 3335 533 3414 12,
556 3340 707 3402 Venerem
738 3337 925 3420 sesquiocto,
957 3325 1199 3406 Mercurium33
1223 3336 1376 3393 ettamen
1399 3327 1496 3393 omnis

144 3427 229 3491 orbis
262 3424 384 3488 virtutis
416 3429 583 3492 emanantis
615 3447 653 3490 ιι
684 3427 757 3492 Sole
787 3429 866 3502 (ιιιι
895 3445 953 3508 qno
992 3424 1060 3486 loco
1091 3420 1274 3485 Mercurium
1305 3413 1497 3501 amplectitur

143 3515 359 3592 humillimum,
392 3535 480 3598 quam
508 3535 565 3598 quo
596 3517 663 3580 loco
691 3516 855 3581 Saturnum
885 3513 1082 3588 altissimum)
1115 3529 1153 3572 ex
1183 3508 1347 3573 antedictis
1378 3507 1499 3592 aequali

144 3625 214 3671 cnm
244 3623 369 3687 corpore
392 3605 492 3668 Solari
523 3607 670 3687 vertigine
693 3614 725 3669 et
748 3606 853 3668 eodem
874 3612 1007 3685 ternpore
1030 3606 1205 3704 torqueatur
1227 3601 1300 3682 (quo
1326 3597 1395 3662 loco
1421 3597 1499 3664 nihil

144 3694 272 3760 absurdi
296 3693 447 3770 statuitur,
470 3714 536 3758 curn
558 3697 655 3760 virtus
677 3715 820 3759 emanans
842 3693 1043 3758 immateriata
1066 3689 1107 3754 sit
1130 3708 1241 3772 suaque
1263 3696 1373 3753 natura
1395 3687 1497 3752 inlini-

144 3794 196 3848 tae
222 3781 389 3846 celeritatis
412 3803 479 3846 esse
501 3791 623 3865 posset,
656 3786 683 3849 si
704 3784 850 3867 possibile
873 3790 974 3860 esset,
997 3788 1112 3847 motum
1133 3777 1192 3862 ipsi
1214 3778 1352 3842 alicunde
1374 3776 1497 3854 inferri3

144 3883 218 3938 tunc
243 3873 323 3935 enim
352 3892 407 3936 nec
436 3875 587 3976 pondere,
621 3895 678 3957 quo
701 3882 802 3951 caret,
833 3893 887 3938 nec
920 3871 1056 3955 corporei
1087 3868 1178 3932 medii
1202 3887 1326 3932 occursu
1357 3825 1498 3948 impediri

143 3963 283 4048 posset):
308 3981 346 4024 ex
369 3981 405 4024 eo
434 3963 535 4046 itaque
557 3971 652 4047 patet,
675 3965 814 4046 planetas
836 3963 986 4027 inhabiles
1009 3981 1088 4039 esse,
1110 3965 1145 4022 ut
1166 3964 1366 4040 assequantur
1388 3955 1498 4020 celeri-

144 4061 244 4116 tatem
273 4051 409 4114 motricis
437 4051 568 4116 virtutis.
614 4053 763 4118 Saturnus
795 4053 874 4116 enirn
900 4050 1062 4115 inhabilior
1090 4055 1139 4112 est
1161 4067 1249 4131 qnam
1270 4045 1404 4128 Jupiter,
1428 4044 1498 4149 quia

145 4142 266 4207 tardius
284 4139 468 4232 restituitur,
492 4162 559 4206 cum
575 4141 657 4206 orbis
678 4141 800 4207 virtutis
822 4142 902 4224 apud
916 4141 1039 4205 Saturni
1061 4139 1120 4202 iter
1133 4157 1227 4220 aeque
1244 4135 1381 4198 celeriter
1402 4132 1498 4198 resti-

145 4241 252 4296 tuatur
281 4249 316 4292 ac
349 4216 438 4294 orbis
460 4233 581 4296 virtutis
613 4233 692 4314 apud
722 4232 782 4295 iter
812 4231 918 4307 Jovis,
949 4238 982 4293 et
1012 4229 1057 4292 sic
1089 4232 1305 4309 consequenter
1336 4243 1430 4306 usque
1458 4223 1499 4286 ad

144 4319 346 4398 Mercurium,
380 4320 429 4402 qni
459 4321 677 4426 proculdubio
710 4322 751 4385 ad
772 4279 940 4401 exempluln
968 4319 1152 4401 superiorum
1175 4316 1266 4378 etiam
1295 4313 1360 4394 ipse
1382 4311 1498 4377 tardior

146 4411 207 4476 erit
220 4410 346 4486 virtute,
369 4429 445 4492 quae
463 4410 563 4492 ipsum
577 4412 670 4473 vehit
702 4411 835 4474 Necesse
854 4416 902 4473 est
923 4409 1025 4490 igitur,
1048 4415 1082 4471 nt
1094 4402 1330 4489 planetariorum
1342 4400 1497 4483 globorum

146 4509 258 4564 natura
275 4499 316 4562 ιιι
339 4497 509 4576 ιιιιιιιιιι,
534 4519 572 4562 ιιι
594 4500 776 4563 adhaerente
790 4499 975 4580 proprietate
999 4495 1066 4560 inde
1086 4513 1218 4559 arerem
1237 4490 1384 4596 principio
1400 4507 1496 4573 prona

146 4591 186 4654 ad
210 4590 344 4671 quietem
373 4608 425 4651 seu
458 4589 498 4652 ad
527 4587 727 4671 privationem
753 4594 862 4652 motus
909 4587 1043 4662 Quarum
1073 4604 1172 4649 rerum
1208 4577 1397 4645 contentione
1429 4599 1496 4643 cum

147 4687 293 4743 ιιιιιιιι
320 4696 437 4760 pugna,
461 4687 585 4761 superat
607 4679 698 4760 igitur
718 4677 796 4782 plus·
810 4677 862 4739 ille
883 4678 1021 4761 planeta,
1045 4675 1095 4759 qui
1117 4674 1148 4737 in
1170 4671 1281 4734 virtute
1302 4668 1495 4734 imbecilliore

148 4767 293 4834 consistit
316 4786 411 4849 eaque
433 4767 549 4832 tardius
572 4777 725 4846 movetur;
757 4767 855 4830 minus
876 4765 939 4844 ille,
963 4767 1012 4852 qni
1034 4763 1100 4828 Soli
1122 4760 1253 4845 propior.

238 4859 339 4922 Docet
360 4855 430 4920 hinc
452 4857 593 4940 analogia
615 4865 768 4938 statuere,
800 4855 936 4924 omnibus
966 4853 1115 4941 planetis,
1146 4849 1206 4935 ipsi
1233 4847 1326 4915 etiarn
1346 4845 1515 4916 Mercurio

227 4963 459 5016 muamus
1253 4953 1288 5010 tt
