3674 5532
296 302 361 374 ³18
777 309 816 361 ne
835 309 942 362 uonna
961 309 1053 362 seua
1071 309 1160 362 uren

296 485 393 550 munis
416 504 454 548 ex
476 483 563 562 Sole;
587 487 656 568 quia
680 487 727 550 bic
746 488 917 550 necessario
939 486 1061 569 ponitur
1078 488 1183 551 eadem
1206 487 1335 550 intensio
1350 493 1382 550 et
1403 477 1539 550 remis'sio
1563 485 1643 550 ima-

296 576 413 656 ginaria
435 582 533 638 motus
557 577 681 660 epicycli
703 577 880 658 imaginarii,
904 596 981 659 quac
1003 585 1101 640 motus
1125 576 1187 638 veri
1207 577 1383 652 eecentrIci3
1408 595 1482 658 quae
1498 583 1569 639 suut
1592 575 1641 638 iu-

297 665 488 730 credibiliora
521 685 607 746 quam
637 667 750 746 priora,
785 667 834 728 ubi
857 675 956 730 motus
988 667 1121 747 corporis
1149 685 1215 729 cum
1248 667 1373 748 epicycli
1405 667 1452 728 vel
1485 664 1646 728 ecceutrici

258 779 264 799 ι
296 754 466 834 cognitione
482 756 656 834 conjunctus
672 755 735 817 luit.
779 757 894 836 Itaque,
920 775 995 837 quae
1010 757 1051 819 ibi
1066 757 1220 838 disputata
1238 764 1309 819 sunt
1326 762 1440 832 contra,
1465 755 1513 818 bic
1526 755 1644 818 iutelli-

297 851 406 926 gantur
428 845 573 924 repetita;
597 863 671 925 pene
695 863 725 906 n.
749 844 919 908 coincidunt
941 846 1120 910 sententiae.

386 933 428 995 Et
451 943 552 994 tamen
575 933 605 995 in
619 934 746 1015 penuria
767 935 899 997 melioris
922 935 1091 997 sententiae
1115 935 1144 998 in
1167 952 1312 1016 praesens
1328 933 1414 995 nobis
1429 937 1477 994 est
1501 931 1644 1013 acquies-

297 1023 422 1085 cendum
450 1022 481 1083 iu
514 1023 580 1084 hac.
625 1020 710 1093 Quae
750 1041 807 1103 quo
839 1024 927 1103 plura
958 1023 1090 1087 absurda
1126 1023 1266 1099 Involvit,
1300 1023 1356 1084 hoc
1388 1021 1530 1084 libentius
1563 1021 1645 1083 infra

187 1151 194 1169 .
296 1131 363 1192 cap.
382 1111 451 1175 Lll.
471 1110 613 1193 physicus
629 1111 737 1194 aliquis
762 1113 913 1190 admittet,
932 1115 1011 1195 quod
1035 1113 1334 1179 observationes
1358 1112 1558 1186 testabuntur,
1584 1111 1644 1173 iter

294 1203 437 1282 planetae
460 1219 518 1264 nou
542 1221 608 1264 esse
632 1201 783 1265 circulum.

380 1291 422 1353 ΙΙ.
468 1289 589 1354 Dictum
612 1298 661 1352 est
690 1291 835 1353 hacteuus
860 1292 896 1354 de
924 1309 1077 1362 mensura,
1108 1310 1184 1370 quae
1208 1292 1334 1353 formam
1357 1290 1445 1370 hujus
1473 1287 1644 1352 librationis

294 1377 435 1462 respicit:
459 1387 557 1442 restat
570 1388 603 1442 ut
619 1388 650 1442 et
663 1399 833 1442 mensuram
845 1380 934 1460 hujus
958 1399 1125 1454 mensurae,
1149 1379 1265 1442 seilicet
1281 1379 1461 1460 quantitatis
1476 1397 1529 1440 seu
1543 1385 1643 1440 motus

293 1489 347 1552 per
371 1470 468 1531 locum
490 1469 681 1550 inquIramus.
716 1470 780 1533 Nec
805 1471 881 1532 enirn
906 1471 982 1532 satis
1000 1480 1061 1545 est,
1085 1469 1163 1531 scire
1186 1470 1351 1549 planetam,
1375 1475 1518 1548 qnantum
1541 1467 1644 1529 absIs-

296 1569 360 1620 tere
392 1557 502 1619 debeat
525 1579 543 1619 a
566 1558 653 1621 Sole:
688 1559 756 1640 quin
780 1566 812 1620 et
834 1559 890 1621 boc
921 1559 1097 1640 requiritur,
1131 1566 1166 1620 ut
1187 1560 1282 1633 sciat,
1314 1558 1383 1639 quid
1415 1558 1530 1619 faciens
1558 1557 1644 1636 justo

295 1646 455 1710 intervallo
479 1647 619 1718 absistat.

384 1733 480 1806 Quem
510 1737 602 1818 igitur
629 1737 690 1800 ista
719 1735 885 1818 suppositio
913 1734 1028 1798 itineris
1060 1737 1193 1816 perfecte
1223 1735 1378 1799 circularis
1402 1747 1436 1798 eo
1461 1733 1579 1814 adegit,
1612 1739 1647 1796 ut

295 1836 424 1888 mentem
440 1825 470 1887 in
493 1827 617 1908 planeta
632 1827 804 1898 collocaret,
829 1845 904 1907 quae
921 1825 989 1888 huic
1013 1825 1164 1888 librationi
1186 1825 1382 1908 praesideret,
1407 1826 1434 1887 is
1449 1823 1531 1885 aliud
1545 1822 1646 1884 dicere

291 1915 493 1994 nonpoterit,
519 1935 608 1997 qnam
630 1917 697 1985 boc,
722 1917 869 1997 respicere
893 1923 1023 1977 mentem
1045 1915 1187 1995 planetae
1203 1916 1242 1976 ad
1265 1915 1403 1976 diametri
1427 1911 1510 1976 Solis
1533 1911 1645 1990 ampli·

293 2004 427 2066 tudinem
451 2015 636 2068 crescentem
660 2014 691 2067 et
706 2004 937 2080 decrescentem,
962 2012 993 2065 et
1016 2004 1071 2067 boc
1096 2023 1180 2066 usam
1203 2003 1288 2083 siguo
1311 2004 1489 2084 iuteIIIgere,
1515 2008 1646 2081 quantas

292 2115 311 2156 a
334 2091 405 2156 Sole
430 2095 563 2157 effecerit
593 2094 726 2174 quolibet
753 2103 886 2174 ternpore
910 2093 1042 2174 corporis
1071 2094 1115 2156 sui
1147 2094 1319 2165 distantias.
1367 2090 1447 2165 Quia
1474 2098 1508 2154 ut
1534 2097 1647 2153 nautae

292 2201 350 2244 uon
373 2193 502 2263 possunt
524 2184 692 2262 intelligere
706 2202 743 2243 ex
768 2183 833 2263 ipso
857 2183 940 2258 mari,
966 2191 1107 2263 quantum
1131 2184 1276 2245 undarum
1299 2182 1430 2264 spatium
1451 2179 1645 2254 confecerint,

292 2271 430 2350 eoquod
461 2274 519 2335 iter
541 2273 615 2334 illud
639 2271 728 2333 nullis
757 2273 798 2335 sit
825 2272 998 2334 distinctum
1027 2272 1187 2348 lImitibus‚
1220 2273 1274 2335 sed
1303 2273 1349 2334 vel
1381 2291 1419 2333 ex
1447 2267 1646 2332 diuturnitate

293 2359 511 2440 navigationis,
546 2361 572 2422 si
602 2368 708 2421 ventus
732 2369 764 2421 et
791 2360 871 2422 unda
898 2369 1073 2422 constantes
1102 2363 1283 2432 manseriut‚
1316 2369 1349 2424 et
1376 2361 1463 2423 navis
1495 2373 1645 2437 nunquam

295 2448 458 2528 quieverit,
487 2450 535 2511 vel
559 2468 597 2510 ex
620 2449 701 2511 venti
724 2449 816 2529 plaga
839 2458 871 2510 et
894 2449 1102 2511 altitudinibus
1124 2451 1184 2531 poli
1209 2451 1349 2526 diversis,
1384 2451 1430 2512 rel
1454 2467 1493 2510 ex
1515 2447 1645 2509 omniurn

294 2537 400 2597 borum
431 2545 484 2598 aut
517 2533 680 2618 aliquorum
704 2539 812 2600 saltem
842 2539 949 2618 juncta
971 2538 1227 2614 consideratione3
1256 2540 1306 2603 vel
1329 2539 1353 2600 si
1378 2537 1435 2600 diis
1459 2537 1573 2618 placet,
1607 2553 1647 2596 ex

296 2623 457 2688 rotulamm
482 2627 690 2689 nonnullarum
713 2627 983 2706 coagmentatione,
1007 2627 1164 2706 pinnarum
1187 2646 1242 2709 ope
1266 2629 1296 2690 in
1321 2629 1414 2690 undas
1436 2626 1644 2698 demissarum,

297 2713 459 2794 agitanda3
492 2715 658 2795 cujusmodi
680 2713 909 2778 instrumentum
937 2716 1005 2778 vani
1031 2716 1150 2797 quIdam
1183 2717 1346 2780 mechanici
1370 2716 1563 2797 profitentur,
1595 2713 1646 2793 qui

296 2803 400 2866 oceani
423 2805 561 2868 fluctibns
584 2804 763 2867 continentis
791 2805 922 2886 quietern
945 2805 1179 2868 transscribunt:
1205 2808 1332 2872 eundem
1353 2807 1441 2887 plane
1465 2806 1505 2866 ad
1527 2803 1646 2866 modurn

296 2891 436 2972 planetae
459 2913 543 2958 ruens
572 2893 669 2956 locum
697 2913 750 2956 seu
781 2895 910 2974 spatium
934 2913 1038 2957 versus
1062 2893 1164 2958 Solem
1194 2895 1361 2960 confectum
1390 2893 1490 2957 metiri
1517 2911 1550 2956 se
1577 2892 1648 2972 ipsa

297 3000 356 3044 non
379 2991 491 3062 potest,
515 3002 580 3046 cum
603 3001 679 3064 pura
701 2983 821 3048 intersit
839 3003 913 3047 aura
928 2985 1078 3061 aetherea,
1103 2985 1191 3048 nullis
1215 2985 1359 3048 distiucta
1381 2985 1491 3064 sigols3
1515 2981 1570 3044 ssd
1593 2991 1655 3066 aut¹
1748 2991 1766 3016 ¹·

297 3079 431 3150 ternpore
455 3072 566 3144 utitur,
597 3079 628 3134 et
651 3091 704 3152 per
726 3081 845 3154 tempus
868 3073 941 3136 illud
972 3075 1093 3154 aequali
1114 3075 1302 3137 contentione
1331 3074 1451 3149 vinum,
1483 3072 1560 3152 quod
1580 3071 1647 3151 jam

296 3169 345 3222 est
377 3161 405 3222 in
437 3161 639 3242 superioribus
672 3171 813 3242 negatum
820 3183 829 3237 r
862 3171 914 3224 aut
945 3163 1085 3225 machina
1106 3181 1267 3243 corporea,
1300 3163 1379 3246 quod
1408 3169 1457 3226 est
1488 3160 1645 3244 ridiculum

297 3250 447 3329 (ponimns
471 3251 549 3313 enirn
579 3250 681 3314 sidera
711 3253 838 3315 rotunda
861 3253 996 3332 exemplo
1019 3251 1100 3315 Solis
1123 3260 1155 3315 et
1176 3253 1298 3316 Lunae:
1331 3253 1400 3334 quin
1424 3259 1456 3313 et
1485 3249 1647 3312 verisimile

298 3347 354 3414 est,
380 3339 549 3404 uuiversum
563 3359 699 3421 campum
724 3360 814 3402 aurae
838 3340 996 3404 aethereae
1019 3359 1079 3404 uua
1099 3342 1143 3404 Ire
1166 3359 1232 3403 cunr
1254 3342 1420 3422 planetis);
1443 3348 1496 3403 aut
1520 3339 1646 3420 denique

298 3427 395 3506 algais
419 3429 567 3509 aliquibus
590 3429 704 3490 idoneis
729 3449 793 3492 cum
819 3437 937 3491 mutata
963 3431 1103 3510 planetae
1127 3452 1145 3492 a
1168 3431 1239 3493 Sole
1267 3431 1413 3494 distantia
1441 3428 1645 3503 variabilibns,

297 3516 463 3595 cujusmodi
490 3526 613 3597 praeter
639 3519 756 3580 unicam
780 3517 862 3580 Solis
890 3519 1066 3582 diametrum
1093 3527 1286 3600 apparentem
1320 3520 1431 3582 nullum
1462 3518 1541 3580 aliud
1572 3535 1646 3598 sup-

296 3603 385 3686 petit.
398 3601 431 3680 ⁸)
468 3604 521 3669 Sic
544 3625 599 3668 nus
622 3605 758 3668 homines
782 3607 901 3681 scimus,
926 3607 1027 3670 Solem
1051 3596 1177 3672 anobis
1201 3609 1308 3671 abesse
1323 3605 1388 3673 229
1403 3609 1465 3670 suis
1480 3607 1644 3682 dimetria,

296 3693 415 3775 quando
440 3694 503 3775 ejus
526 3694 674 3757 diameter
696 3694 788 3757 babet
811 3691 874 3769 301,
900 3702 931 3758 et
953 3693 1018 3759 222
1043 3697 1206 3772 diametris,
1232 3698 1350 3778 qnando
1373 3686 1466 3759 habet
1488 3694 1553 3759 31‘.

385 3782 430 3849 Et
452 3801 545 3855 sane,
569 3783 596 3845 si
619 3790 733 3845 certum
756 3790 855 3858 esset,
878 3791 993 3846 motum
1014 3785 1093 3850 hunc
1115 3787 1147 3849 iu
1169 3787 1295 3870 epIcyoli
1323 3787 1470 3850 diametro
1492 3785 1647 3867 proprIum

298 3891 359 3936 uon
380 3891 472 3954 posse
495 3872 598 3954 perlici
622 3893 641 3932 a
662 3873 773 3934 vlrtnte
797 3873 897 3954 ailqua
918 3873 1059 3952 planetae
1082 3875 1231 3939 mattriali
1251 3883 1283 3939 et
1296 3875 1445 3957 corporali
1469 3873 1533 3938 sive
1558 3891 1646 3956 mag-

296 3960 412 4039 netica,
435 3981 494 4024 non
526 3962 618 4025 etiam
640 3982 660 4023 a
682 3962 762 4024 auda
784 3962 925 4037 animali,
950 3964 1004 4026 sed
1033 3965 1193 4044 gubernari
1215 3986 1235 4028 a
1257 3967 1397 4048 planetae
1421 3970 1540 4034 mente,
1570 3963 1647 4026 nibli

298 4051 422 4116 absurdi
453 4057 645 4115 statueretur.
704 4049 794 4123 Quod
823 4051 902 4114 euim
932 4049 986 4116 Sol
1015 4053 1094 4118 alias
1127 4055 1217 4118 etiarn
1249 4055 1426 4119 observetur
1455 4074 1475 4117 a
1503 4053 1647 4133 planetis,

298 4148 449 4206 testantur
472 4148 504 4204 et
526 4140 710 4206 latitudines.
751 4141 827 4206 Cum
849 4140 927 4204 eni1n
949 4141 1089 4223 planetae
1113 4163 1205 4208 causa
1227 4143 1331 4208 barum
1350 4165 1370 4206 a
1387 4141 1487 4233 media
1509 4150 1542 4205 et
1562 4142 1647 4224 regia

298 4231 350 4293 via
372 4231 460 4312 hujus
482 4230 605 4294 virtutis
629 4249 666 4293 ex
682 4229 764 4306 Sole,
789 4250 842 4293 ceu
865 4231 986 4312 abipso
1009 4239 1141 4296 torrente
1165 4234 1294 4297 fluminis
1318 4235 1357 4296 ad
1370 4234 1468 4297 latera
1491 4233 1643 4308 secedant,

297 4327 332 4381 ut
354 4321 466 4383 dictum
489 4321 588 4402 capite
610 4319 797 4396 XXXVIII,
820 4320 878 4382 uisi
902 4321 1006 4384 Solem
1032 4323 1215 4404 respicerent
1233 4323 1366 4398 iuterIm,
1389 4339 1591 4403 accessusque
1614 4331 1647 4384 et

299 4427 438 4474 recessus
461 4409 490 4472 in
514 4411 595 4473 linea
617 4428 671 4490 per
693 4417 828 4471 centrum
851 4408 933 4473 Solis
956 4411 1098 4474 tendente
1128 4413 1314 4493 perficerent,
1344 4421 1415 4476 tunc
1438 4411 1566 4474 circulos
1590 4411 1646 4473 de-

299 4499 474 4575 scriberent,
498 4499 548 4580 qui
572 4518 609 4560 cx
632 4498 727 4562 Terra
749 4497 797 4559 vel
821 4517 858 4560 ex
881 4507 983 4564 ecutro
1006 4501 1106 4563 mundi
1134 4509 1316 4583 apparerent
1335 4502 1481 4575 minores,
1505 4499 1646 4580 paralleli

300 4605 367 4650 cum
389 4588 489 4669 aliquo
512 4588 650 4651 maximo.
697 4587 742 4650 At
765 4587 938 4652 describunt
960 4607 1063 4652 omues
1090 4591 1231 4671 planetae
1253 4590 1402 4653 maximos
1425 4588 1568 4662 circulos,
1596 4589 1648 4671 qui
1698 4625 1701 4633 ·

386 4779 415 4854 *)
436 4785 481 4840 Ita
499 4785 631 4858 planetae
650 4787 748 4841 tierent
766 4802 929 4862 γευμιτραι,
951 4787 1109 4843 distantiam
1136 4787 1281 4843 metientes
1307 4785 1349 4840 sui
1369 4801 1388 4840 s
1407 4785 1472 4842 Sole
1492 4801 1544 4860 per
1563 4803 1647 4846 unam

301 4865 463 4932 rtattonem
477 4881 515 4920 ao.
536 4883 574 4922 ex
593 4868 741 4938 apparenti
762 4868 918 4942 quantitate
939 4868 1060 4940 corporis
1080 4868 1160 4926 Solis.
