3582 5558
508 287 539 340 de
557 283 744 338 Commentariis
762 285 794 338 de
811 289 880 338 motu
897 285 986 338 stellas
1004 283 1102 338 ιιειιιε.
1412 281 1478 352 129

98 455 258 523 libratione
287 463 359 527 duo
378 463 512 542 efficere,
538 462 715 528 abbreviare
739 465 901 529 distantias
917 473 948 528 ει
966 473 1083 545 partem
1107 464 1295 546 aequatioois
1317 461 1476 546 physicam

98 547 232 612 salvare.
222 563 248 585 ··
261 559 302 614 ει
330 557 400 628 (me
426 555 554 631 Atlasi)
576 547 666 616 valde
690 554 780 618 miror
794 553 1042 629 convenientiam,
1067 553 1128 616 etsi
1150 572 1207 616 uon
1230 561 1314 636 puto,
1339 553 1478 634 aequalia

99 637 214 720 penitus
247 641 386 722 futura,
423 653 500 726 quae
523 645 561 706 ex'
584 652 638 705 tna
660 643 819 727 hypothesi
848 651 959 705 exeunt
982 649 1125 724 atquae
1137 661 1174 704 ex
1191 661 1273 706 mes.
1320 640 1383 706 our
1403 659 1477 705 vero

101 727 158 791 sine
181 727 316 794 calculo
345 693 465 815 aliquid
487 734 617 796 tribuam
642 732 802 815 hypothesi
825 739 911 808 tuae,
941 731 1049 795 dicarrr.
1097 729 1228 796 Constat
1250 732 1323 796 mihi
1348 749 1386 793 ex
1408 750 1478 794 mea

102 817 287 900 hypothesi,
317 819 378 887 ΩΒ
402 820 592 886 latitudinem
622 821 740 884 lunulae
764 820 926 884 maximam
949 820 994 884 sic
1026 841 1093 884 esse
1117 821 1155 883 ad
1277 865 1282 878 .
1362 845 1365 854 ·
1542 819 1543 824 ’

104 909 169 984 BA,
183 917 220 971 ut
233 909 302 974 BA
324 919 379 974 εει
393 909 432 974 ει
448 911 505 975 BD
515 911 609 986 (ΒΒ).
635 902 827 994 Rectan'gnla
846 913 995 986 (mergur)
1011 911 1103 991 igitur
1118 927 1155 972 ex
1250 894 1305 959 fl*
1323 887 1367 940 44·
1435 931 1441 946 ·

109 998 173 1074 ΔΒ,
194 997 257 1063 ΒΟ
283 1007 320 1063 ει
344 1021 384 1063 ex
406 1001 463 1064 DB
488 997 584 1084 (ΒΕ)
601 1001 660 1063 BA
677 1010 748 1064 sunt
770 1001 889 1076 similia,
914 1001 1040 1081 angulus
1058 998 1155 1079 igitur
1204 1001 1221 1040 ¹¹
1248 1003 1337 1285 Vl,

108 1045 191 1152 0Δο
215 1095 344 1164 tantus,
370 1098 501 1172 quantus
521 1088 618 1154 ΒΕΑ.
664 1087 816 1154 ΑιΒΕΑ
839 1097 888 1152 est
911 1089 1154 1173 quamproxime

108 1191 180 1260 para
204 1179 408 1260 aequatiunis
439 1179 580 1262 physica,
616 1197 686 1260 ergo
716 1186 748 1241 ει
769 1175 864 1242 BAG
911 1179 1018 1242 Utrum
1050 1185 1152 1240 autem

107 1265 197 1348 plana
215 1267 407 1346 coincidunt,
427 1268 515 1333 facile
535 1275 584 1332 εει
606 1268 776 1332 aestimare.
814 1267 945 1330 Primum
960 1267 991 1330 si
1004 1277 1037 1330 tu
1054 1266 1151 1329 utaris
1224 1065 1439 1455 iffi

108 1353 233 1436 angulis
247 1355 344 1434 Bru,
358 1317 455 1435 BAO,
468 1365 549 1454 ‚tunc
567 1357 642 1420 haec
664 1377 736 1438 pars
759 1353 956 1461 cognationis,
982 1365 1071 1439 qna'rn
1093 1374 1150 1436 ego
1181 1324 1244 1464 ni

106 1445 248 1526 opticam
274 1447 406 1530 appello,
432 1421 622 1511 exactissime
652 1447 793 1509 convenit
815 1466 882 1510 cum
905 1465 992 1523 mea,
1014 1445 1040 1509 si
1063 1445 1150 1508 modo

107 1533 236 1598 lrhratio
261 1535 318 1603 ΒΟ
341 1535 520 1600 restituatur
542 1555 608 1606 cum
636 1537 788 1600 anomalia
809 1535 882 1611 DE,
908 1555 965 1598 non
988 1555 1056 1599 cunr
1079 1533 1148 1598 GH.

106 1623 190 1686 Nam
215 1624 303 1688 via
293 1643 362 1706 rpsa
385 1625 515 1708 genuina
536 1633 561 1696 ο·
584 1643 638 1706 ρει
660 1625 698 1702 D,
712 1628 747 1704 F,
767 1625 798 1689 H
820 1623 908 1706 signa
930 1624 1019 1704 plane
1042 1625 1148 1700 ov'elis,
1184 1458 1373 1706 gr

108 1711 263 1794 elliptica,
288 1713 400 1792 evadit,
424 1731 481 1777 non
496 1715 593 1777 miuus
608 1733 697 1798 qnam
716 1715 742 1778 ει
764 1722 863 1778 ιιιιει
881 1714 1002 1778 circello
1021 1713 1149 1818 (ιιριιειε

106 1798 337 1880 restitutionis,
360 1811 395 1865 ut
418 1803 535 1885 scripsi
555 1803 646 1887 priori
675 1824 761 1867 anno.
808 1803 898 1868 Nosti
931 1803 1009 1868 enim
1040 1803 1147 1885 aequi·
1245 1850 1248 1851 ν

106 1891 297 1975 pollentiam
328 1853 550 1976 hypothesium.
596 1895 704 1974 Itaque
732 1893 783 1958 via
807 1902 833 1966 d
855 1892 952 1955 ovslis
980 1899 1029 1954 est
1056 1893 1156 1972 potius

108 1981 350 2062 phaenomenon
365 1982 436 2056 (sed
451 1980 757 2046 demonstrationibus
781 1982 984 2058 enucleatum)
1000 2000 1088 2064 quarn
1102 1983 1290 2070 hypothesis.
1324 1981 1375 2049 A'r
1391 1987 1476 2052 illam
1494 2039 1499 2049 .

107 2069 300 2134 salvandam
322 2079 355 2134 tu
384 2071 433 2134 hio
465 2071 556 2135 affers
585 2065 776 2135 librationem
808 2071 986 2147 samnitici,
1020 2089 1075 2151 ego
1105 2091 1214 2138 causas
1246 2075 1409 2158 physicas,
1444 2085 1477 2140 et

108 2158 209 2224 aliter
233 2159 399 2224 circellum.
442 2159 593 2224 Laborem
625 2169 748 2266 uterque
782 2159 950 2225 eundem
942 2179 972 2222 ιιι
997 2165 1197 2240 computando
1230 2162 1321 2226 subit.
1367 2165 1476 2228 Ptole-

107 2249 227 2312 maicia
263 2265 335 2312 vero
367 2248 523 2329 discipulis
556 2258 590 2312 tu
626 2249 735 2314 minuis
776 2249 908 2313 laborem
946 2247 1129 2331 percipiendi
1166 2261 1197 2316 te
1231 2271 1285 2332 ρει
1323 2253 1476 2320 circellum

109 2343 234 2410 (tecum
251 2345 285 2400 et
299 2357 355 2420 ego
370 2357 425 2420 ρει
440 2337 617 2413 circellum).
645 2339 721 2403 At'
713 2321 760 2414 ris,
776 2339 826 2422 qui
846 2340 885 2402 ad
901 2338 1043 2422 physicas
1058 2357 1168 2404 causas
1181 2359 1281 2404 rerum
1302 2343 1475 2407 coelestium

110 2436 186 2491 sunt
221 2427 349 2503 intenti,
381 2446 439 2509 ego
467 2428 643 2505 satisfacio,
677 2447 785 2492 causas
809 2447 862 2492 seu
892 2427 1062 2491 librationis
1092 2435 1163 2493 tuae
1194 2447 1248 2493 seu
1277 2431 1389 2496 circelli
1418 2433 1477 2496 mei

111 2517 295 2580 ostendetis
334 2520 456 2587 (Schema
472 2525 498 2576 ln
516 2527 684 2590 manuscripto
703 2526 781 2577 deest.
815 2525 900 2577 secuti
917 2525 1020 2591 Kepleri
1038 2529 1114 2578 rerba
1132 2535 1158 2578 et
1169 2527 1278 2580 Fabricii
1298 2528 1478 2580 delineationss

110 2621 157 2657 nos
174 2604 258 2664 mnu.
280 2613 400 2672 quamn
417 2607 549 2698 pominus,
568 2603 743 2668 scaminus)

206 2693 357 2777 Superest
383 2689 477 2778 igitur
505 2687 576 2776 pars
609 2695 797 2778 aequationis
827 2695 955 2778 physica
983 2717 1003 2758 a
1030 2717 1076 2760 mo
1107 2697 1205 2774 dicta,
1238 2717 1327 2778 quam
1359 2703 1392 2760 tu
1424 2716 1479 2778 per

112 2785 264 2868 angulum
292 2781 378 2848 BAG
411 2785 540 2856 metiris,
575 2803 630 2865 ego
662 2804 718 2866 per
740 2803 841 2849 aream
864 2785 1016 2865 trianguli,
1047 2803 1163 2848 mrsurn
1193 2785 1336 2869 physicas
1368 2805 1478 2850 causas

111 2877 276 2951 affectans.
322 2873 499 2950 Videamus,
524 2893 560 2936 an
585 2874 677 2937 etiarn
699 2873 750 2937 hic
773 2872 984 2938 coincidamus.
1031 2875 1104 2938 Mea
1125 2876 1217 2957 igitur
1239 2877 1379 2963 aequatio
1402 2893 1476 2957 pro-

110 2962 308 3050 portionatnr
335 2963 449 3026 sinibus
477 2961 644 3026 anomaliae
673 2962 804 3027 ecoentri
834 2971 938 3044 estque
968 2963 1048 3027 inira
1077 2973 1109 3026 et
1136 2983 1227 3045 supra
1250 2965 1277 3026 E
1300 2963 1499 3046 aequalibus·

112 3051 291 3117 intervallis
317 3061 348 3114 et
369 3053 437 3134 ipsa
459 3053 605 3134 aequalis.
641 3053 910 3158 Proportionaptnr
931 3071 1004 3116 vero
1028 3052 1120 3116 etiam
1143 3053 1199 3116 tibi
1223 3053 1400 3117 librationes
1421 3054 1476 3118 BG

110 3143 233 3206 sinibus
248 3141 384 3222 ejusdem
399 3143 566 3205 anomaliae
583 3145 729 3218 cocentri;
753 3143 798 3206 sic
811 3142 889 3204 enim
913 3149 994 3205 tuam
1009 3143 1125 3223 corrigo
1140 3141 1331 3226 hypothesin.
1369 3141 1476 3222 ltaque

111 3233 138 3295 si
145 3227 199 3295 ιιι
226 3249 285 3312 ρει
311 3231 533 3312 proportionem
556 3231 613 3295 AB
646 3231 685 3293 ad
716 3227 771 3296 ΒΟ
796 3237 968 3293 exstrueres
997 3229 1177 3294 anomaliae
1198 3229 1329 3294 eccentri
1360 3249 1479 3311 aequa-

111 3321 249 3396 tionem,
276 3339 372 3401 quam
396 3339 453 3402 ego
476 3320 543 3383 dico
565 3319 736 3404 physicam,
769 3325 841 3384 tunc
868 3320 907 3381 ad
930 3339 1060 3400 unguem
1087 3320 1174 3424 paria
1201 3339 1317 3386 mecum
1349 3319 1489 3383 faceres:

112 3411 157 3474 At
183 3427 245 3473 non
270 3409 401 3472 exstruis
424 3428 478 3491 per
499 3409 607 3474 hauc'
600 3429 697 3492 rpsam
719 3409 950 3491 proportionem,
975 3410 1029 3470 sed
1051 3408 1134 3491 prius
1157 3427 1211 3490 per
1233 3408 1318 3472 illem
1342 3409 1478 3490 excerpis
1532 3407 1539 3426 '

112 3519 215 3563 arcus
261 3498 377 3562 ·Βιιιειε
396 3501 471 3579 'ergo
494 3521 513 3562 a
533 3518 591 3561 me.
634 3499 714 3563 Nam
737 3507 825 3562 arcus
849 3499 982 3578 excerpti
1005 3517 1062 3562 non
1086 3507 1209 3561 manent
1232 3500 1264 3561 ιιι
1285 3499 1478 3579 proportione

113 3590 280 3662 linearum,
314 3585 371 3648 nisi
395 3585 426 3651 in
447 3587 578 3673 planetis
601 3589 725 3664 ceteris,
758 3589 881 3671 q‘uornm
904 3595 953 3650 est
974 3589 1068 3671 pa'rva
1091 3587 1313 3652 eccentricitas.
1360 3587 1479 3660 Quodsi
1613 3583 1616 3594 '

113 3675 275 3760 proportio
289 3684 427 3740 maneret
444 3695 572 3754 arcuum,
589 3687 729 3759 quaeest
746 3677 945 3759 tangentium,
964 3677 1122 3740 tuncnihil
1139 3677 1195 3741 tibi
1218 3686 1350 3753 noceret,
1376 3679 1478 3741 maxi-

114 3787 196 3832 mum
232 3767 376 3846 angulum
398 3763 483 3831 Bac
506 3767 624 3830 differre
656 3789 675 3829 a
705 3787 775 3830 moa
806 3766 984 3858 aequatione
1007 3767 1151 3850 physica,
1184 3785 1291 3848 posses
1320 3766 1399 3829 enim
1421 3767 1477 3832 ΒΟ

113 3855 266 4022 ppnnihil
283 3861 414 4008 mnparsse,
449 3858 525 3937 qnod
559 3855 693 3937 quidem,
709 3863 741 3920 ει
769 3856 834 3974 jam
863 3849 954 3931 iacis,
987 3875 1136 3938 usurpans
1168 3875 1222 3938 pro
1245 3875 1314 3918 msa
1337 3853 1403 3920 420
1425 3856 1484 3918 vel

157 3945 181 4010 2
216 3955 306 4010 tuam
353 3942 371 4008 3

203 4033 378 4098 Videamus
401 4053 484 4110 vero,
508 4039 621 4138 quauta
643 4034 685 4098 sit
708 4032 878 4097 differentia
901 4033 980 4096 inter
1003 4050 1125 4097 arcuum
1144 4041 1177 4096 et
1193 4033 1382 4115 tangentium
1404 4051 1477 4114 pro-

114 4127 285 4208 portiones.
332 4123 410 4186 Esto
439 4115 570 4186 maxima
599 4123 739 4207 aequatio
761 4119 889 4205 physica
912 4118 951 4185 5ο
973 4118 1037 4200 43¹,
1070 4133 1105 4187 ot
1126 4131 1255 4204 tangens
1286 4121 1328 4184 sit
1356 4117 1476 4184 10000.

116 4217 213 4298 lgltm
234 4231 313 4296 pars
337 4211 454 4276 decima
485 4215 639 4292 tangentis
665 4209 751 4278 1000
772 4213 828 4275 dat
850 4230 952 4276 arcum
975 4173 1086 4294 suigg·
1108 4213 1225 4274 decima
1248 4229 1320 4274 vero
1343 4229 1416 4292 pars
1439 4211 1483 4272 de

119 4303 157 4366 5¹
177 4303 237 4370 43¹
260 4309 311 4366 est
335 4290 463 4386 3⁴1⁸!„'.
509 4301 596 4364 Bona
618 4301 893 4386 aequipollentia
885 4321 915 4364 ιιι
937 4301 995 4363 hac
1017 4309 1113 4383 parte.
1161 4302 1333 4365 Sumuntur
1347 4317 1419 4361 vero
1446 4307 1478 4361 et
1566 4311 1569 4324 ·

120 4393 251 4470 dimidia,
277 4405 349 4454 nam
372 4391 415 4454 ibi
431 4389 601 4453 differentia
624 4391 742 4454 videtur
764 4391 895 4454 maxima
918 4391 1042 4453 futura·
1070 4391 1166 4473 Igitur
1190 4387 1277 4458 5000
1300 4389 1354 4450 dat
1375 4406 1477 4450 arcum

121 4479 469 4554 recentarium
499 4497 571 4542 ιειο
603 4481 641 4543 de
671 4479 711 4545 5·
742 4476 796 4544 43⁴
826 4489 875 4544 εει
903 4475 942 4542 2⁰
971 4474 1071 4566 51¹J,¹
1072 4527 1079 4542 .
1125 4478 1236 4542 vicisti
1267 4476 1387 4541 Fabrici
1418 4477 1475 4539 hoc

124 4573 246 4640 stadim
265 4581 298 4636 et
312 4569 447 4654 gloriari
462 4575 574 4648 potes·
589 4574 620 4633 te
642 4579 696 4634 tue
717 4570 879 4652 hypothesi
901 4569 1060 4634 libratoria
1075 4571 1114 4630 ad
1133 4585 1254 4630 sensum
1275 4567 1362 4647 paria
1377 4566 1476 4627 licere

125 4683 183 4728 cum
203 4685 269 4730 mea
289 4659 438 4748 physica
478 4657 614 4808 Itaqup
601 4679 666 4740 yam
689 4659 795 4722 desino
817 4659 916 4722 ridere
940 4669 1024 4722 tunm
1043 4677 1171 4740 paeana,
1195 4655 1300 4718 desino
1315 4655 1479 4736 desperare

123 4753 400 4855 dehypothesr'bus,
417 4745 558 4829 quibusc
578 4769 650 4812 usae
664 4748 808 4832 physicae
825 4747 1044 4830 exprimentum
1059 4746 1164 4808 desino
1178 4762 1288 4826 negare
1303 4744 1477 4807 mechanico

46 4876 50 4885 ·
121 4847 253 4917 caesaris
274 4840 415 4930 Byrgio,
443 4835 630 4916 inpossibile
653 4857 722 4902 esse
745 4845 779 4900 nt
800 4844 970 4913 motnmd,
993 4837 1044 4918 qui
1066 4833 1167 4898 tanais
1182 4833 1324 4916 physicis
1348 4833 1482 4906 admiui

177 4958 268 5018 ειμι
282 4957 372 5008 orm
387 4945 432 4989 π
1249 4937 1266 4990 ι
