3680 5538
369 337 434 411 418
848 339 887 396 De
905 343 1011 397 Motibus
1030 341 1122 397 Stellas
1140 341 1227 397 lia-rtis

371 531 519 599 causatur,
542 521 652 604 porrigi
672 523 703 584 in
723 522 924 602 longitudines
947 523 1077 585 medias:
1103 524 1212 585 dictum
1232 543 1303 586 vero
1318 523 1399 604 jam,
1415 521 1605 598 diametrum,
1629 541 1705 605 quae

371 613 557 676 latitudinem
581 619 728 686 causatur,
752 613 864 692 porrigi
888 613 916 672 iu
940 611 1062 674 limites,
1108 613 1203 690 Igitur
1226 614 1250 675 si
1267 613 1376 674 limites
1387 613 1585 692 jungerentur
1599 612 1706 674 mediis

370 701 614 780 longitudinibus,
640 710 765 780 utraque
781 701 926 763 diameter
944 702 1049 762 eodem
1066 702 1279 782 porrigeretur3
1304 701 1405 780 itaque
1427 703 1493 764 loco
1504 701 1707 772 convenirent,

372 791 502 870 nihilque
540 790 713 870 prohiberet
742 789 810 870 qniu
834 797 904 851 tunc
928 800 959 850 et
982 790 1103 851 eaedem
1127 809 1193 852 esse
1218 799 1342 869 possent
1357 785 1401 864 ⁴).
1447 791 1492 853 At
1513 791 1572 852 non
1595 809 1706 852 conve-

373 880 458 942 niunt
479 879 549 942 nodi
573 899 625 941 seu
649 879 797 941 sectiones
821 879 976 957 eclipticas
1000 897 1088 940 verae
1111 880 1139 941 iu
1165 879 1295 959 apsidas.
1333 880 1368 940 Iu
1384 879 1482 941 Marte
1498 879 1583 940 limes
1597 879 1706 941 boreus

374 963 432 1032 12⁰
455 975 501 1030 est
524 976 593 1030 aute
618 968 786 1049 aphelium3
816 968 845 1030 iu
868 967 944 1030 Jove
966 968 1101 1048 praecise
1125 968 1295 1032 coincidunt
1317 968 1401 1030 limes
1424 967 1531 1030 boreus
1556 977 1588 1029 et
1610 969 1706 1050 aphc-
1733 1033 1739 1046 ,

369 1060 454 1134 lium;
480 1057 506 1118 iu
530 1055 660 1119 Saturno
684 1053 745 1120 24⁰
766 1057 860 1118 nodus
884 1057 1015 1138 sequitur
1039 1057 1203 1138 aphelium3
1232 1057 1262 1120 iu
1278 1058 1364 1120 Luna
1381 1057 1529 1120 brevitate
1550 1057 1705 1120 uircuitio-

369 1167 438 1210 num
467 1147 565 1210 omnia
588 1147 723 1210 omnibns
746 1152 959 1226 permutantur.
1005 1147 1109 1209 Nodns
1133 1145 1209 1208 enim
1236 1165 1312 1208 nunc
1335 1149 1364 1208 iu
1387 1166 1521 1227 apogoeo
1544 1155 1600 1224 est,
1630 1165 1706 1208 nunc

371 1236 401 1298 in
430 1234 615 1314 longitndine
639 1235 745 1305 media,
769 1254 847 1297 nuuc
874 1235 903 1296 in
930 1235 1083 1315 peribolio.
1130 1233 1204 1300 Cum
1233 1235 1324 1315 igitur
1346 1243 1480 1317 tempore
1503 1244 1535 1298 et
1556 1237 1622 1298 loco
1646 1235 1707 1297 dif-

373 1328 472 1389 ferant
493 1325 549 1386 hae
573 1325 648 1387 duae
671 1326 807 1401 virtutes,
831 1324 972 1405 sequitur,
995 1331 1028 1386 ut
1051 1345 1110 1387 una
1132 1343 1191 1386 nou
1214 1323 1284 1386 sint.

459 1414 492 1476 In
530 1433 588 1475 uno
616 1421 716 1475 tamen
745 1422 776 1476 et
803 1415 906 1475 eodem
935 1433 1057 1494 corpore
1079 1414 1244 1494 planetario
1268 1413 1398 1476 residere
1422 1421 1577 1493 utramque
1600 1431 1653 1473 ceu
1676 1413 1705 1474 in

372 1511 454 1577 toto,
491 1503 564 1564 nrhil
594 1503 718 1584 impedit
746 1503 802 1565 uisi
831 1511 929 1565 motus
961 1522 1015 1565 seu
1045 1502 1213 1565 convolutis
1243 1502 1333 1582 globi.
1380 1502 1484 1581 ltaque
1516 1502 1541 1564 si
1564 1501 1705 1582 planetae

372 1598 528 1654 moventur
556 1599 590 1654 nt
621 1591 720 1666 Luna,
759 1611 833 1671 quae
862 1610 919 1652 nou
953 1591 1140 1656 convolvitur
1166 1593 1220 1653 sed
1251 1591 1375 1653 eandem
1403 1591 1488 1652 nobis
1511 1591 1706 1670 undequaque

374 1679 505 1744 ostendit
527 1673 644 1756 faciem,
668 1681 741 1742 nihil
764 1681 888 1762 impedit
911 1699 1060 1757 asserere,
1086 1681 1217 1742 intextas
1240 1699 1306 1742 esse
1330 1688 1430 1742 mutuo
1453 1679 1579 1741 virtutes
1603 1689 1706 1739 utras-

374 1789 439 1850 que,
463 1779 497 1832 ut
520 1769 707 1850 subtegmina
730 1777 799 1832 sunt
822 1770 938 1831 intexta
961 1770 1147 1832 staminibus.
1194 1769 1276 1832 Tune
1299 1769 1377 1830 euim
1401 1776 1465 1829 toto
1489 1786 1611 1848 corpore
1635 1767 1705 1848 pla-

374 1868 461 1921 netae
491 1859 580 1922 situm
604 1861 727 1921 eundem
750 1868 888 1939 respectu
910 1857 1033 1920 fixarum
1057 1860 1218 1932 retinente,
1250 1875 1314 1919 cum
1343 1858 1425 1918 circa
1447 1855 1548 1918 Solem
1577 1857 1706 1929 vehitur,

372 1955 474 2010 omnes
503 1947 621 2010 omnino
652 1955 766 2009 tractus
794 1949 821 2008 in
852 1967 889 2015 eo
909 1946 1070 2021 rectilinei,
1105 1966 1265 2028 equorum
1288 1965 1410 2008 numero
1435 1956 1504 2007 suut
1527 1946 1603 2008 duae
1627 1947 1707 2008 istas

370 2037 516 2110 diametri,
542 2037 630 2098 situm
653 2037 824 2098 retinebuut
847 2037 971 2098 eundem
994 2037 1032 2097 ad
1055 2037 1140 2102 lixas.
1188 2034 1240 2098 Sin
1272 2042 1370 2096 autem
1403 2035 1440 2097 de
1463 2034 1592 2096 Telluris
1616 2033 1706 2114 globo

372 2125 484 2205 agitur,
509 2127 574 2206 qui,
597 2133 804 2207 praeterquam
828 2127 904 2206 quod
929 2125 1133 2188 circumfertur
1156 2143 1251 2186 annuo
1275 2125 1387 2204 spatio,
1413 2123 1501 2185 etiam
1525 2121 1705 2185 circumvol-

371 2215 450 2278 vitur
483 2214 511 2275 iu
543 2214 606 2276 dies
637 2214 787 2294 singulos,
818 2221 880 2276 tum
911 2213 938 2274 in
962 2232 1071 2295 magna
1094 2213 1278 2274 dubitatione
1301 2231 1359 2274 non
1382 2213 1478 2299 minus
1501 2232 1590 2292 quarn
1614 2231 1705 2292 supra

372 2322 437 2383 cap.
462 2303 561 2378 LVH.
590 2303 788 2383 relinquimur.
841 2303 919 2364 Nam
950 2304 974 2364 si
998 2323 1104 2383 corpus
1127 2302 1328 2377 convolvitur,
1359 2300 1447 2363 unica
1469 2303 1535 2364 sola
1558 2301 1705 2363 diameter

371 2393 520 2465 virtuosa,
560 2411 635 2472 quae
672 2400 720 2453 est
745 2391 906 2472 parallelos
938 2393 987 2453 axi
1013 2399 1113 2454 motus
1138 2390 1350 2466 convolutorii,
1383 2398 1483 2452 manet
1505 2398 1649 2452 constans
1672 2399 1704 2450 et

371 2480 427 2543 sibi
459 2479 517 2562 ipsi
553 2479 767 2560 aequidistans.
828 2477 943 2549 Quodsi
971 2482 1102 2542 inarime
1131 2480 1219 2542 aliam
1250 2482 1370 2560 iusuper
1396 2479 1491 2558 priori
1510 2479 1702 2541 intertextam

370 2569 474 2644 dieas,
514 2587 589 2650 quae
622 2567 794 2645 latitudbes
827 2576 979 2644 causetur,
1017 2569 1141 2632 alterius
1173 2567 1283 2649 speciei
1307 2567 1463 2632 virtutem:
1497 2568 1551 2630 illa
1580 2569 1701 2629 easdem

368 2659 477 2742 plagas
501 2657 674 2720 observabit
695 2677 760 2721 cum
783 2677 839 2718 axe
855 2657 1030 2733 volutionis;
1054 2667 1156 2738 utpote
1126 2659 1259 2723 tciroa
1278 2676 1363 2738 quem
1382 2658 1435 2719 illa
1453 2675 1559 2720 conum
1573 2655 1702 2718 circum-

373 2746 487 2823 scribit,
510 2749 594 2827 cujus
617 2747 724 2828 plagas
748 2745 881 2825 singulas
904 2756 1064 2828 peragrat;
1087 2749 1187 2828 itaque
1207 2748 1272 2827 jam
1294 2747 1332 2807 ad
1355 2745 1509 2808 dextras
1495 2765 1558 2825 Jam
1573 2747 1652 2808 ad
1627 2745 1702 2807 smi-

373 2844 453 2900 stras
476 2855 584 2912 nuens,
613 2844 720 2925 corpus
746 2835 897 2896 tandem
888 2855 919 2898 m
942 2837 1069 2900 mediam
1091 2837 1212 2917 plagam
1233 2835 1360 2910 inducit,
1383 2853 1472 2917 quam
1495 2843 1613 2915 spectat
1636 2835 1702 2896 axis

371 2924 586 2989 conversionis.

459 3013 553 3092 Igitur
585 3013 611 3076 si
639 3012 744 3092 globus
772 3013 919 3087 volvitur,
951 3021 1022 3076 tunc
1051 3013 1139 3095 hopes
1162 3014 1281 3076 virtutis
1304 3013 1516 3076 declinatorias
1538 3011 1705 3091 subjectum

371 3111 504 3167 autnon
527 3110 575 3164 est
597 3119 725 3182 corpus,
750 3101 802 3163 sed
826 3101 960 3186 spiritale
985 3103 1150 3184 quippiam,
1166 3099 1232 3165 ''aut
1253 3122 1311 3165 nou
1336 3110 1384 3168 ert
1405 3098 1486 3164 idem
1509 3099 1624 3180 oorp'us.
1669 3097 1704 3162 Si

372 3193 507 3274 spiritale
530 3191 691 3273 quippiam,
714 3191 860 3273 quomodo
882 3191 989 3272 plagas
1011 3201 1110 3254 tuetur
1133 3192 1251 3267 muudi,
1275 3209 1337 3254 rem
1360 3190 1552 3272 corpoream?
1575 3196 1608 3250 et
1629 3207 1704 3272 quo-

372 3281 459 3345 modo
483 3289 580 3343 motus
602 3281 680 3342 hanc
703 3279 832 3360 speciem
856 3280 1098 3355 (declinationem
1121 3302 1140 3342 a
1162 3282 1211 3342 via
1232 3281 1331 3360 regia)
1355 3281 1445 3343 infert
1471 3278 1611 3361 corpori?
1656 3282 1704 3342 An

373 3371 503 3432 tortasse
527 3369 644 3431 facilius
667 3369 824 3433 inclinatur
847 3389 954 3450 corpus
976 3377 1007 3432 et
1029 3389 1045 3431 e
1067 3371 1118 3432 via
1141 3370 1258 3432 excedit
1279 3369 1363 3450 regia
1384 3369 1612 3443 (translationis
1634 3387 1705 3432 snae

374 3477 496 3520 causam
527 3459 645 3521 iuterim
677 3457 790 3520 habens
826 3468 1014 3534 extraneam,
1051 3479 1087 3521 ex
1110 3459 1212 3534 Sole),
1242 3476 1330 3540 quam
1353 3459 1389 3521 de
1413 3460 1478 3521 loco
1501 3459 1532 3521 in
1555 3458 1653 3520 locum
1674 3460 1705 3519 vi

370 3547 483 3628 proprii
512 3547 636 3608 utotoris
666 3547 867 3612 transfertur?
911 3546 966 3609 Sin
1001 3549 1147 3611 malumus
1179 3549 1342 3628 subjeetum
1364 3549 1533 3630 corporale,
1564 3556 1706 3610 nascetur

372 3635 459 3698 nobis
483 3635 685 3698 mechanicum
707 3634 872 3717 quippiam,
900 3637 1063 3716 cujusmodi
1093 3645 1162 3699 sunt
1189 3638 1326 3700 lucernae
1349 3637 1494 3718 quaedam
1519 3636 1704 3718 sphaericae,

373 3743 448 3805 quae
472 3725 622 3804 projectae
647 3731 677 3785 et
699 3727 874 3788 convolutae
903 3743 961 3788 non
989 3733 1089 3788 tamen
1119 3725 1272 3788 effundunt
1293 3727 1398 3788 oleum.
1444 3726 1530 3788 Intus
1553 3725 1632 3788 enim
1655 3727 1704 3788 iu-

373 3813 457 3876 clusa
480 3820 527 3874 est
550 3813 697 3892 ampulla,
733 3833 808 3895 quae
837 3815 1004 3876 ventricoso
1026 3815 1156 3895 pondere
1180 3815 1317 3878 deorsum
1339 3821 1438 3877 tracta
1460 3821 1490 3877 et
1514 3814 1558 3876 sic
1587 3821 1705 3878 retenta

371 3921 430 3965 nou
453 3900 585 3986 sequitur
608 3907 718 3963 motnm
741 3904 929 3966 convolutum
953 3904 1098 3984 sphaerae
1121 3923 1153 3966 se
1177 3904 1397 3966 circumdantis.
1442 3905 1491 3966 An
1514 3902 1606 3984 igitur
1623 3913 1656 3965 ct
1671 3906 1704 3966 ir

372 3993 429 4054 hoc
452 3989 581 4052 Telluris
604 3991 692 4069 globo
716 3991 756 4052 sit
767 3991 900 4055 *interior
924 3991 1033 4073 aliquis
1055 3993 1172 4073 globus,
1196 3993 1234 4055 ad
1257 4012 1344 4075 quem
1366 3992 1487 4055 diurnus
1501 3991 1632 4054 Telluris
1646 4011 1703 4054 ex-

371 4080 491 4143 terioris
514 4087 611 4142 motus
635 4097 691 4139 uon
714 4090 869 4162 penetret,
901 4081 953 4142 sed
984 4081 1031 4162 qui
1057 4081 1221 4145 fortissima
1243 4081 1433 4149 inclinatione
1457 4083 1495 4144 ed
1518 4089 1602 4144 certa
1623 4079 1701 4146 sxa-

372 4187 445 4232 rum
460 4169 527 4231 loca
548 4166 722 4242 retineatur,
746 4187 803 4250 qno
825 4169 921 4233 minus
945 4171 1075 4234 exterius
1098 4171 1204 4250 corpus
1228 4171 1393 4234 revolutum
1417 4170 1579 4253 sequatur?
1624 4171 1704 4234 Nam

374 4259 501 4322 attinere
524 4258 601 4320 haue
623 4257 827 4339 quaestionem
850 4267 881 4321 et
903 4259 1040 4334 Terram,
1069 4280 1133 4341 cap
1157 4251 1302 4323 LXVHI.
1326 4260 1497 4323 audiemus:
1520 4259 1570 4322 ubi
1593 4267 1626 4322 et
1647 4260 1704 4322 hoc

371 4345 554 4422 ridebimus,
591 4367 646 4421 an,
668 4349 824 4426 proposita
846 4367 900 4410 sex
922 4307 1051 4429 planetis
1084 4349 1222 4431 ecliptica
1245 4350 1345 4431 aliqua
1366 4349 1477 4426 media,
1509 4348 1572 4413 fleri
1594 4351 1701 4430 possit,

457 4565 486 4640 *J
506 4569 589 4625 Aliud
609 4574 653 4624 ert
672 4569 804 4626 demetet
825 4587 895 4642 quae
909 4570 1138 4628 ecceutrioitatem
1156 4581 1294 4638 causatur,
1316 4574 1389 4630 allud
1404 4575 1535 4632 diameter
1549 4575 1701 4636 libratoria

370 4649 424 4706 Illa
443 4650 519 4706 reale
548 4649 686 4721 quippiam
706 4657 757 4716 est,
786 4649 893 4704 haec
886 4651 1063 4724 imaginaria,
1093 4655 1127 4706 ad
1147 4652 1349 4726 imaginandum
1369 4653 1443 4709 illius
1473 4657 1607 4714 effectum.
1649 4659 1702 4713 llla

372 4730 524 4801 ubicunque
545 4729 678 4785 consistat
697 4731 870 4804 porrigitur'
862 4749 889 4786 m
903 4731 1123 4802 perpendiculum
1144 4733 1233 4790 lineae
1254 4735 1376 4815 apsidum
1398 4752 1446 4791 seu
1460 4737 1591 4792 inlocum
1611 4739 1701 4812 lougn·

372 4808 580 4950 godinum
513 4809 659 4866 mediarum
673 4813 723 4870 sub
737 4812 814 4878 tisim
836 4812 913 4878 haee,
934 4819 966 4870 ut
979 4827 1039 4886 cap.
1053 4811 1183 4870 XXXIX
1205 4805 1322 4900 dictum,
1333 4831 1439 4888 semper
1452 4815 1481 4872 in
1493 4816 1583 4890 ipsum
1604 4835 1701 4892 corpus

394 4889 443 4944 olis
463 4889 619 4969 porrigitur.
