3678 5532
308 303 373 374 394
788 303 829 358 oe
846 303 952 358 neue·
971 304 1063 358 som·
1081 304 1169 358 uus·

307 485 408 566 itaque
431 481 469 545 de
493 481 635 546 extremis
657 490 690 545 et
710 482 823 560 medio,
847 483 925 564 quod
946 483 1004 546 hoc
1027 489 1132 564 pactu,
1156 482 1183 544 ai
1205 479 1375 544 librationis
1404 481 1551 544 diameter
1573 477 1653 542 diri-

307 573 557 653 ditoraplaneta
579 572 609 634 in
625 573 816 653 proportione
840 573 957 634 sinuum
979 591 1133 634 versorum
1151 569 1319 633 anomaliae
1342 571 1483 646 eccentri,
1506 571 1655 632 diameter

308 661 389 725 Solia
412 669 558 741 augeatur
580 662 609 722 in
632 660 824 741 proportione
848 663 963 724 sinuum
986 679 1140 723 versorum
1163 658 1329 722 anomaliae
1353 667 1546 742 coaequatae.

394 751 431 813 ld
453 750 577 830 majoris
600 749 768 812 evidentiae
792 757 885 813 causa
907 750 999 812 etiam
1017 750 1087 812 bino
1102 768 1139 810 ex
1154 755 1239 829 parte
1262 755 1357 827 patet.
1397 750 1657 833 Brtyotucrectc

307 837 362 902 BL
386 845 452 913 (ῆς.
475 845 536 910 lit)
558 858 598 902 ec
618 840 645 902 B
667 841 733 922 ipsi
755 837 808 902 CF
829 840 874 902 od
902 837 1182 922 perpendiculum:
1209 846 1240 902 et
1265 845 1369 901 emim
1391 838 1438 913 A,
1469 839 1657 902 docmate

308 926 436 1010 aequati
464 929 529 1010 epse·
550 926 604 992 Bo
635 931 793 994 coibatur
823 949 934 1002 crem,
967 947 1077 992 aecana
1098 927 1152 990 BL
1178 929 1216 991 ia
1235 927 1280 990 L:
1311 935 1341 990 et
1367 934 1566 990 comeam
1587 925 1655 988 AL

309 1015 391 1082 Gom
412 1036 485 1099 erqo
507 1017 551 1079 ait
571 1015 734 1080 oaomciio
755 1019 890 1081 eccam
912 1016 993 1080 CBL
1016 1012 1085 1092 90⁰,
1109 1016 1171 1079 en't
1190 1018 1280 1083 ebroe
1305 1014 1414 1081 ww
1435 1016 1489 1080 CB
1515 1011 1658 1087 lotlooti,

308 1105 481 1170 dimidium
501 1107 597 1169 totius
618 1106 787 1182 dicmetm
810 1127 908 1188 qam
930 1115 960 1170 et
980 1105 1108 1172 libratio
1126 1107 1165 1185 γβ
1180 1111 1246 1180 (rig.
1268 1110 1330 1175 tlt)
1365 1106 1536 1170 dimidium
1556 1102 1657 1168 reciae

307 1191 357 1276 γζ,
383 1202 412 1257 ct
431 1195 567 1276 proinde
596 1195 750 1258 debtontio
778 1198 838 1259 crit
859 1195 1005 1273 liuida
1027 1215 1098 1258 uero
1128 1193 1272 1276 aequalia
1293 1203 1339 1258 eat
1360 1215 1400 1258 ec
1430 1194 1657 1258 omrem

247 1299 251 1309 ·
307 1283 375 1358 AL,
398 1303 496 1365 quare
515 1283 646 1365 planeto
668 1285 763 1348 erit
749 1305 785 1348 aa
807 1285 843 1346 L.
880 1286 927 1349 Idi
948 1285 1025 1367 qnia
1046 1286 1110 1366 iper
1105 1283 1182 1347 'BG
1204 1283 1251 1347 cei
1266 1284 1328 1346 ΒΜ
1351 1283 1497 1366 aequalia
1519 1290 1566 1346 eet
1587 1281 1655 1355 ai,
1776 1287 1783 1303 ⁶

308 1381 337 1436 et
358 1373 415 1436 BA
438 1393 599 1436 cmnmone
620 1372 707 1436 lotoe
728 1381 758 1435 et
779 1375 863 1436 LBA
885 1383 998 1448 rectae
1021 1382 1057 1437 ut
1078 1381 1108 1436 et
1122 1373 1228 1436 Mne:
1253 1371 1419 1455 eetcnquto
1440 1373 1539 1455 eyter
1553 1371 1656 1444 ΒΜΔ,

308 1462 392 1526 ALB
426 1469 607 1545 emmeant.
652 1461 766 1544 Itaque
791 1463 856 1546 ipsi
877 1463 942 1524 AM
970 1461 1114 1544 aequolie
1142 1470 1188 1526 eat
1209 1461 1273 1523 BL.
1321 1460 1388 1525 sec
1409 1463 1475 1524 Abi
1504 1467 1659 1542 cepam

310 1551 375 1634 ipa·
397 1571 438 1613 orn
465 1558 500 1614 ut
527 1571 646 1636 supra,
677 1572 750 1634 erqo
780 1560 809 1615 et
830 1552 894 1614 BL.
942 1551 1008 1614 Sed
1036 1573 1085 1627 erc,
1116 1549 1237 1614 reticet
1265 1559 1435 1631 praetem
1463 1557 1547 1614 racio
1578 1568 1657 1623 cor,

309 1639 502 1723 tenaciorem
523 1661 619 1722 qucum
640 1663 696 1715 oo,
721 1643 866 1704 subteneo
888 1650 980 1704 acuto
1003 1663 1085 1716 oeo,
1116 1660 1188 1721 erqo
1217 1648 1247 1703 et
1267 1639 1321 1702 BL
1348 1637 1472 1722 lonqior·
1497 1646 1543 1703 cat
1564 1656 1660 1720 quem

310 1751 366 1804 oo,
391 1737 420 1792 ct
441 1727 499 1792 AL
529 1729 653 1813 lonyior
683 1737 731 1792 eet
758 1751 853 1836 qaum
880 1729 952 1805 BL,
989 1727 1087 1792 molto
1122 1731 1222 1811 initae·
1257 1725 1380 1811 lcnpior
1405 1729 1463 1791 AL
1492 1749 1588 1811 worn
1609 1748 1657 1788 aa.

310 1776 422 1882 Minor
444 1837 517 1901 erqo
540 1821 664 1884 mdccc
679 1817 774 1882 sot·
759 1841 795 1883 aa
816 1777 970 1882 twaede
984 1819 1051 1894 AL,
1076 1839 1171 1900 pacm
1191 1820 1227 1882 ia
1248 1817 1404 1881 distantia
1424 1839 1477 1880 ac.
1515 1817 1659 1882 meca-

309 1909 359 1972 tic
380 1927 451 1970 uero
474 1929 517 1968 oo
545 1930 611 1990 qam
641 1909 734 1971 niodo
765 1909 930 1972 videbatur·
958 1908 1083 1972 nudior
1112 1909 1196 1970 inter
1228 1908 1402 1972 ηιααὺηωη
1425 1915 1454 1970 et
1475 1907 1659 1970 mamma:

311 2017 409 2078 quare
431 1997 467 2059 ia
490 1997 644 2061 distantia
666 1999 724 2060 AL
746 2003 880 2080 apparet
903 1995 961 2060 Sol
981 1997 1086 2060 minor·
1105 1997 1219 2060 necdio.
1256 1997 1290 2058 In
1313 1995 1341 2058 L
1362 1995 1462 2075 igitur,
1486 1994 1545 2058 etsi
1567 1994 1660 2058 duni-

308 2083 391 2148 dimu
415 2085 452 2146 de
477 2087 662 2150 semicirculo
694 2086 853 2150 eecentrioi
876 2093 925 2148 eet
946 2086 1130 2160 absolutum,
1164 2092 1264 2148 mmen
1287 2086 1385 2148 minus
1412 2083 1534 2147 dimidio
1558 2083 1659 2146 iucre-

182 2173 185 2178 “
311 2173 404 2236 menti
427 2175 557 2238 accessit
580 2175 726 2240 diametro
741 2175 835 2239 Solia.
875 2173 955 2236 Saue
973 2175 1044 2255 quia
1057 2182 1089 2238 et
1102 2173 1254 2236 menualia
1275 2182 1442 2254 coaequata
1456 2170 1541 2238 Lao
1563 2172 1660 2234 minor

312 2269 361 2326 eat
382 2262 507 2326 dimidia
528 2259 598 2328 90⁰.
644 2267 745 2344 Atque
768 2264 825 2326 boo
847 2263 920 2326 illud
944 2271 1001 2339 eat,
1025 2264 1103 2345 quod
1127 2281 1193 2344 cap.
1208 2262 1361 2327 XXXIX.
1384 2279 1439 2325 nos
1460 2269 1601 2335 torserat
1625 2269 1660 2322 ut

310 2352 503 2433 praecedenti
526 2371 593 2433 cap.
616 2352 700 2418 LVI.
735 2352 857 2416 dictum.
902 2351 938 2416 Si
960 2353 1041 2416 euim
1070 2352 1168 2416 orbita
1196 2353 1337 2433 planetae
1368 2351 1521 2432 perfectus
1552 2349 1660 2412 iubaet

312 2439 451 2514 circulus,
474 2447 664 2521 augmentum
686 2441 825 2504 diametri
848 2439 930 2504 Solia
953 2449 1160 2504 mensuraaaet
1186 2449 1345 2522 augmenta
1367 2441 1484 2504 sinuum
1506 2457 1661 2504 versorum

312 2529 482 2590 anomaliae
512 2529 658 2605 eecentri3
691 2529 776 2610 cujus
809 2530 981 2593 observatio
1013 2530 1141 2594 alienior
1163 2538 1212 2593 est
1234 2551 1254 2592 a
1276 2537 1374 2594 mente
1397 2529 1548 2610 planetae,
1572 2546 1661 2609 quam

315 2616 488 2680 observatio
520 2617 720 2700 coaequatae,
754 2627 789 2682 ut
805 2619 872 2699 jam
893 2620 1056 2683 audiemus.
1104 2619 1184 2682 Vide
1206 2617 1298 2700 igitur
1320 2641 1339 2680 a
1361 2618 1541 2694 annonis,
1572 2635 1661 2699 quam

316 2705 468 2769 commode
491 2705 552 2770 ista
572 2727 714 2770 mensura
734 2707 876 2789 planetae
899 2710 1046 2772 tribuatur
1069 2727 1215 2790 quamque
1237 2707 1447 2790 plausibiliter.
1576 2753 1582 2764 .

405 2795 439 2858 Si
472 2795 639 2860 librationis
672 2795 766 2878 ipsius
797 2812 967 2860 mensuram
1004 2816 1023 2860 a
1059 2804 1159 2860 mente
1198 2796 1505 2879 comprehendendam
1531 2811 1662 2875 ponere·

313 2901 378 2946 mue
412 2885 580 2948 anomaliae
612 2885 744 2949 eceeutn‘
772 2886 870 2950 sinum
897 2905 1033 2962 versum,
1064 2906 1152 2968 quem
1184 2886 1411 2950 observationes
1437 2883 1659 2960 commendant,

314 2981 386 3036 tuuc
423 2973 635 3040 destitueretur
672 2994 757 3040 meua
787 2976 930 3056 planetae
968 2976 1006 3039 ab
1041 2973 1098 3040 hoc
1132 2975 1230 3039 medio
1266 2975 1404 3038 diametri
1442 2973 1525 3038 Solia
1557 2973 1661 3036 emia-

312 3061 398 3126 bilia:
436 3061 506 3144 quia
533 3081 570 3126 ee
598 3081 656 3126 uon
686 3065 893 3128 accommodat
916 3065 955 3127 ad
977 3065 1060 3128 ainus
1083 3082 1189 3128 verena
1213 3064 1381 3128 anomaliae
1406 3064 1494 3144 hqjua
1518 3062 1660 3126 ecceutri.

312 3151 458 3216 Planetae
481 3151 559 3216 enim
581 3153 640 3216 iter
662 3173 720 3216 non
743 3162 792 3216 eat
814 3153 952 3218 circulus.
997 3154 1040 3217 Bt
1062 3173 1146 3217 meus
1161 3155 1302 3236 planetae
1317 3153 1503 3234 intelligeret
1520 3151 1659 3218 libratio·

313 3241 360 3304 uia
388 3247 492 3322 partes
520 3261 573 3306 eeu
601 3243 701 3323 spatia
724 3242 906 3306 conficienda
931 3263 965 3306 ae
993 3242 1067 3324 ipsiu
1104 3243 1169 3306 sine
1200 3242 1307 3324 siguo:
1344 3243 1422 3326 quod
1445 3240 1560 3323 pridem
1582 3241 1661 3304 inter

316 3329 449 3393 absurda
471 3330 644 3407 retulimua;
667 3332 851 3412 intelligeret
874 3342 905 3394 et
927 3333 1108 3396 anomaliam
1123 3334 1263 3406 ecoeutri,
1286 3351 1363 3415 quaa
1378 3341 1427 3396 eat
1442 3331 1568 3410 angulus
1582 3330 1663 3394 inter

316 3419 392 3481 duas
408 3427 507 3481 rectae
532 3438 570 3483 ex
592 3427 695 3483 centro
719 3421 848 3484 eccentri
872 3421 995 3502 ejectae,
1020 3422 1146 3485 alteram
1159 3441 1213 3503 per
1227 3430 1368 3502 puuctum
1387 3418 1507 3502 apbelii,
1530 3419 1660 3482 alteram

316 3526 370 3588 par
383 3515 517 3570 caunum
540 3508 700 3588 planetarii
723 3511 817 3590 globi;
841 3509 870 3572 in
893 3509 1048 3573 schemata
1071 3518 1120 3573 eet
1141 3509 1224 3574 DBO
1249 3511 1313 3586 (vel
1336 3511 1436 3591 ejecta
1457 3525 1496 3572 ex
1510 3509 1539 3572 D
1553 3509 1661 3588 paral·

316 3596 377 3662 lela
398 3596 455 3677 ipsi
477 3596 531 3662 Bc
555 3597 636 3660 linea
656 3598 729 3674 ΒΚ,
753 3605 823 3662 tuno
845 3597 931 3662 KDB
955 3607 1003 3662 eat
1026 3599 1159 3680 ejusdem
1181 3599 1350 3664 anomaliae
1375 3597 1505 3662 ecoeutri
1527 3597 1661 3678 comple·

315 3687 474 3760 mentum).
520 3685 556 3750 Si
586 3703 659 3767 ergo
682 3706 766 3750 meus
788 3687 917 3768 percipit
939 3688 1080 3770 angulum
1101 3689 1202 3765 KDB,
1233 3707 1358 3752 neceaae
1387 3696 1435 3752 eet
1462 3694 1497 3750 ut
1513 3686 1663 3768 percipiat

181 3813 189 3830 ·
315 3773 396 3837 uina
417 3781 530 3854 puncta
550 3775 594 3851 K,
618 3775 662 3852 D,
684 3777 722 3840 Β.
767 3778 815 3839 De
837 3783 947 3856 puncto
970 3776 999 3838 D
1022 3795 1081 3841 uon
1105 3787 1152 3842 eat
1176 3777 1312 3854 dubium,
1343 3778 1413 3860 quia
1434 3778 1491 3840 hoc
1514 3782 1563 3838 eet
1585 3793 1659 3838 oen-

315 3872 395 3930 tmm
418 3863 465 3928 aui
488 3861 579 3944 globi.
624 3864 671 3928 De
693 3866 725 3928 X
746 3884 805 3928 nou
837 3865 931 3928 multo
954 3865 1068 3930 dubito.
1115 3868 1195 3934 Nam
1217 3867 1272 3933 Bo
1302 3875 1335 3930 et
1356 3867 1416 3931 DX
1448 3865 1487 3928 ob
1513 3864 1661 3928 infinitam

312 3955 442 4020 dxeram
472 3953 647 4018 distantiam
677 3955 802 4018 tandem
832 3953 1003 4019 coincidunt
1033 3956 1062 4018 in
1092 3959 1219 4022 eundem
1241 3959 1368 4020 lixarum
1390 3956 1505 4018 locum:
1529 3959 1562 4016 et
1583 3954 1661 4018 lixae

315 4050 387 4108 eunt
422 4061 549 4124 corpora
579 4043 682 4107 realia.
735 4046 842 4126 Itaque
870 4044 945 4108 nibil
972 4052 1021 4106 est
1047 4045 1185 4123 absurdi,
1230 4048 1370 4127 planetae
1406 4050 1539 4108 menum
1570 4059 1662 4106 sensu

312 4133 444 4214 quodam
467 4131 583 4198 occulto
606 4131 636 4196 in
658 4141 822 4214 conspectu
845 4133 955 4196 babere
978 4135 1068 4198 marn
1090 4135 1182 4212 illam,
1208 4155 1284 4216 quae
1299 4134 1404 4216 quovis
1420 4143 1555 4213 tempore
1569 4149 1661 4214 prae-

315 4221 371 4286 bet
400 4222 519 4304 aphelio
550 4222 722 4304 hospitium.
731 4221 766 4300 *l
798 4223 844 4286 De
868 4223 933 4286 solo
955 4225 982 4286 B
1005 4232 1147 4303 negatur,
1181 4225 1245 4306 ejus
1278 4243 1399 4288 aeneum
1428 4229 1599 4302 competere
1631 4219 1661 4286 in

316 4319 446 4376 mentm
472 4313 627 4393 planetae,
660 4313 730 4394 quia
756 4313 782 4374 B
811 4311 892 4374 nullo
925 4329 1048 4392 corpore
1078 4313 1217 4378 vestitur.
1263 4315 1485 4392 Praetereaque
1514 4318 1546 4374 et
1567 4329 1662 4384 eausa

314 4401 446 4476 sublata,
475 4419 528 4463 cur
548 4404 576 4465 B
598 4401 809 4481 inspiceretur,
838 4401 963 4464 effectus
992 4417 1107 4482 quoque
1138 4402 1265 4466 tollitur.
1312 4403 1358 4466 At
1379 4401 1405 4464 B
1428 4399 1537 4480 inspici
1560 4400 1660 4474 debet,

317 4489 344 4554 ai
373 4489 500 4554 circulus
529 4490 584 4554 OD
614 4497 662 4552 eet
690 4488 900 4552 coniciendus.
952 4487 1078 4552 Orbitas
1106 4509 1178 4554 vero
1209 4493 1402 4571 planetarum
1424 4505 1488 4552 nou
1507 4495 1579 4552 aunt
1600 4488 1662 4550 oir-

315 4580 434 4644 oulorea
456 4579 605 4658 perlecta,
634 4578 714 4660 quod
735 4596 802 4658 cap.
826 4577 927 4642 xm.
951 4597 990 4640 ex
1012 4579 1272 4644 observationibus
1295 4579 1454 4659 probatum
1476 4585 1533 4642 eat.
1578 4577 1661 4658 Ergo

403 4771 434 4870 f)
464 4777 503 4830 ue
530 4781 622 4831 tamea
650 4790 686 4832 ne
715 4775 768 4830 hoo
794 4771 906 4846 quaem,
928 4776 1059 4845 domate
1085 4788 1155 4844 epae
1182 4773 1237 4830 luit
1265 4773 1295 4830 in
1324 4773 1402 4826 modo
1425 4772 1548 4828 niardi
1576 4775 1662 4843 paulo

318 4871 452 4928 superruo.
567 4897 570 4904 .
