3552 5562
285 313 328 385 42
699 313 801 369 therae
819 311 922 383 Kepleri
940 313 1091 384 aliorumque
1109 319 1211 368 numae

284 497 361 562 baec
383 451 467 559 siunt:
490 495 586 580 primo
610 503 673 558 tres
696 493 874 557 latitudines
896 493 1039 575 planetae
1061 501 1202 556 accurate
1225 492 1423 568 observatae,
1445 487 1516 558 euru
1537 491 1641 558 estin

285 605 359 649 vera
381 585 568 666 oppositione
591 593 658 646 cum
682 583 772 660 Sole;
801 603 868 646 cum
891 581 998 665 quibus
1020 584 1213 646 innotescunt
1235 584 1326 646 etiam
1350 584 1418 647 loca
1439 583 1642 663 longitudinis

285 675 452 756 angelique
468 673 628 754 interjecti.
671 672 789 735 Deinde
819 692 894 754 opus
922 679 971 736 ιιι
996 679 1031 734 ιι
1058 671 1189 736 sciamus
1217 673 1285 736 locs
1311 672 1474 750 nodorum
1502 693 1539 736 ea
1567 691 1643 735 vero

287 763 415 846 simplici
439 763 650 826 observatione
679 769 856 842 patescunt:
887 781 957 826 nam
985 781 1052 826 cum
1080 763 1205 844 planetu
1232 770 1281 824 ιιι
1307 761 1338 824 ιι
1366 761 1525 844 ecliptica,
1555 761 1644 824 nulla

285 853 451 935 psrallaris
478 852 553 926 (nisi
581 871 633 926 ea,
661 869 749 933 qnam
776 852 870 914 habet
898 869 1083 914 communem
1114 870 1180 913 cum
1211 850 1421 926 luminaribus)
1450 851 1536 914 illum
1564 851 1642 914 alibi

287 943 362 1005 iecit
382 959 538 1023 apparere,
561 958 651 1024 quam
672 941 704 1002 in
727 940 876 1024 ecliptica.
924 941 1076 1013 Quorsum
1105 959 1177 1002 vero
1207 941 1298 1002 cadat
1327 939 1408 1004 lines
1430 957 1467 1002 ex
1490 937 1562 1003 Sole
1584 957 1644 1021 per

286 1034 438 1114 planetam
461 1032 570 1112 ejecta,
594 1049 631 1090 ex
644 1029 789 1094 mediocri
807 1038 839 1092 et
860 1029 1044 1094 inartificiali
1066 1029 1278 1112 aequationem
1302 1036 1334 1091 et
1356 1029 1468 1111 ephelii
1490 1047 1644 1111 praecog-

286 1120 399 1184 nitione
421 1119 614 1183 mediocriter
635 1119 727 1181 etiam
749 1120 898 1201 praesciri
919 1126 1031 1202 potest
1077 1117 1181 1182 'lertio
1211 1137 1287 1200 opus
1314 1127 1365 1182 est
1392 1118 1481 1180 nobie
1511 1118 1645 1180 seientia

285 1209 489 1274 inclinationis
511 1210 660 1274 maximae
682 1208 850 1291 planorum,
873 1227 963 1291 quam
986 1207 1031 1270 sic
1053 1207 1287 1289 investigemus:
1317 1225 1384 1270 cum
1407 1209 1496 1270 abest
1517 1207 1646 1288 planeta
1669 1271 1675 1282 ,

285 1300 452 1382 aequaliter
475 1320 494 1360 ι
516 1301 612 1362 Terra
642 1306 675 1360 et
705 1319 725 1359 a
747 1298 836 1374 Sole,
865 1298 970 1360 eadem
997 1303 1047 1360 eut
1073 1296 1228 1360 inclinatio
1258 1297 1323 1376 ejus
1347 1304 1378 1358 et
1400 1296 1530 1359 latitudo
1561 1297 1643 1358 visa.

284 1392 330 1452 At
352 1389 433 1451 circa
455 1395 580 1452 exortus
602 1387 792 1469 vespertinos
815 1397 846 1450 et
861 1386 1079 1449 occultationes
1093 1386 1267 1460 matutinas,
1291 1385 1393 1468 potius
1409 1385 1490 1448 circa
1506 1385 1643 1468 quadra-

284 1485 380 1552 turas,
396 1496 462 1540 cum
477 1477 605 1558 angulus
619 1495 710 1540 verae
726 1475 969 1541 commutationis
982 1477 1124 1557 planetae
1134 1484 1282 1558 aequatur
1291 1476 1400 1556 angulo
1410 1473 1461 1536 vel
1474 1475 1645 1536 discentiae

287 1567 426 1630 circulari
442 1566 525 1630 Solis
548 1574 580 1630 et
600 1565 752 1648 planetae,
776 1573 847 1628 sunt
863 1566 956 1628 etiam
978 1565 1121 1646 aequales
1142 1565 1318 1628 rectilineae
1340 1564 1505 1627 distantiae
1527 1563 1641 1625 dimas.

286 1659 370 1719 Tunc
393 1673 465 1737 ergo
487 1657 628 1737 planetae
651 1655 781 1718 latitudo
811 1655 989 1718 observetur
1016 1662 1047 1716 et
1077 1655 1278 1718 constituatur
1308 1673 1347 1716 ιι
1374 1653 1518 1726 mediocri
1546 1671 1643 1734 prae·

292 1744 462 1826 cognitione
486 1745 638 1808 theoricae
659 1746 812 1840 planetae,
834 1763 893 1827 quo
916 1745 984 1806 loco
1007 1743 1154 1826 impinget
1176 1744 1256 1806 linea
1278 1759 1317 1805 ιι
1331 1743 1403 1806 Sole
1421 1759 1476 1825 per
1489 1743 1646 1824 planetam

166 1841 169 1849 '
288 1835 365 1910 iens,
388 1835 527 1918 factaque
550 1835 774 1938 comparatione
797 1834 881 1896 visae
904 1833 1073 1896 latitudinis
1097 1837 1188 1915 (quae
1212 1833 1366 1896 autetiam
1382 1851 1456 1894 vera
1470 1830 1649 1902 inclinatio)

289 1924 329 1986 ad
352 1923 529 1986 distantiam
552 1945 572 1986 a
593 1924 690 1998 nodo,
719 1924 750 1986 in
780 1923 932 2002 triangulo
962 1922 1119 2014 sphaerico
1142 1923 1310 2004 inquiratur
1332 1921 1489 1984 inclinatio
1511 1920 1647 1984 maxima

287 2014 424 2076 limitum.
470 2015 555 2075 ‘lunc
578 2031 650 2094 ergo
674 2012 799 2075 scibitur
821 2011 976 2073 inclinatio
998 1998 1140 2092 planetae
1156 2013 1195 2073 ad
1213 2029 1416 2094 quemcunque
1434 2010 1526 2073 situm
1547 2009 1646 2090 ἀπρο-

286 2125 395 2184 rogam,
427 2103 547 2164 videtur
569 2120 640 2165 vero
663 2101 810 2176 latitud03
841 2107 1031 2181 comparetur
1058 2115 1130 2180 ergo
1159 2101 1227 2163 visa
1250 2100 1378 2163 latitudo
1401 2117 1468 2163 oum
1491 2099 1647 2162 calculata

288 2191 483 2255 inclinatione
506 2199 538 2254 et
559 2193 690 2271 fingatur
711 2191 828 2253 interes
849 2191 975 2284 planeta
988 2184 1199 2271 aequalissime
1218 2189 1300 2252 circa
1313 2187 1442 2254 Solem*
1433 2207 1489 2265 ιιι,
1510 2191 1563 2255 ιιι
1583 2189 1646 2251 boc

287 2289 387 2364 pacto,
411 2289 446 2344 ut
465 2281 616 2363 prodeant
637 2289 701 2342 tres
732 2279 894 2342 distantiae
918 2265 1030 2342 Terrae
1053 2299 1073 2340 a
1095 2279 1177 2342 Sole.
1223 2281 1271 2342 Ex
1300 2278 1349 2342 his
1377 2279 1474 2342 tribus
1504 2277 1648 2342 eliciatur

290 2371 443 2453 quantitas
466 2369 564 2445 orbis,
592 2369 743 2450 aphelium
774 2368 1143 2445 etecceutricitasviae,
1171 2376 1328 2449 utsupra
1375 2367 1445 2432 Erit
1471 2369 1529 2430 boc
1549 2375 1646 2448 pacto

287 2459 498 2523 eccentricitas
520 2459 661 2539 planetae
685 2477 751 2520 cnm
770 2457 993 2520 eccentricitate
1009 2459 1146 2520 'lemae'
1138 2477 1170 2520 ιι
1187 2475 1372 2522 communem
1386 2457 1649 2520 eccentricitatem

288 2551 424 2624 confusa,
447 2554 480 2609 et
501 2547 656 2628 utriusque
680 2547 832 2628 aphelium
853 2547 884 2608 in
907 2547 986 2618 idem
1010 2546 1345 2630 aphelinm·ccmmuue
1373 2548 1441 2610 loco
1464 2546 1647 2609 intermedie

264 2639 453 2700 'contusum
499 2637 542 2699 Et
563 2636 701 2698 mirabile
719 2635 811 2710 dictu,
835 2636 866 2698 in
883 2637 942 2698 bac
956 2636 1081 2716 majoris
1096 2636 1199 2699 circuli
1218 2635 1453 2699 ecceutrioitatis
1472 2636 1503 2698 in
1517 2636 1647 2697 minoris

290 2725 546 2790 cccentricitatem
569 2725 733 2802 infusione,
765 2727 845 2808 quod
876 2723 992 2806 prodit,
1024 2726 1155 2788 circulus
1177 2733 1287 2788 manet
1333 2725 1646 2800 Demonstrationem,

289 2816 392 2879 nescio
407 2815 555 2895 quomodo
569 2815 632 2889 liat,
647 2821 683 2876 ut
697 2814 797 2877 auimo
814 2814 943 2890 videam,
959 2814 1060 2878 verbis
1077 2815 1177 2897 eloqui
1191 2814 1322 2878 nondum
1337 2813 1496 2896 potuerim.
1531 2813 1647 2894 Cogita

288 2907 364 2988 ipse
410 2903 587 2966 Meshanice
606 2923 723 2985 quoque
746 2911 860 2966 certam
882 2904 971 2966 iidem
994 2892 1062 2966 feci.
1107 2906 1155 2968 Ει
1178 2903 1236 2967 hac
1259 2904 1444 2978 contusione,
1462 2903 1528 2985 jem
1543 2903 1648 2965 ιιιιιι-

290 2995 441 3058 ιιιιιιιιι
465 2993 635 3074 cognitione
658 2993 785 3076 apogeei
808 2993 908 3069 Solis,
940 2993 1116 3056 extricanda
1147 3001 1196 3056 est
1224 2993 1377 3075 umiueque
1401 2993 1510 3056 sideris
1533 3009 1649 3054 eccen-

289 3084 408 3147 trieitas
434 3082 517 3157 viae,
551 3081 633 3164 quod
657 3089 755 3145 totum
784 3083 939 3163 negotium
966 3083 1164 3164 problematis
1187 3083 1303 3164 aliquot
1331 3082 1476 3164 explicui,
1505 3081 1591 3146 ιιι·
1578 3101 1649 3162 Jam

290 3173 405 3237 chartis
426 3171 503 3235 meis
526 3171 683 3235 destituor.
729 3171 936 3236 Pulcherrima
959 3180 1008 3234 est
1031 3172 1212 3254 speculatio:
1244 3173 1298 3234 sed
1328 3172 1520 3235 latitudinum
1540 3171 1650 3251 anguli

289 3264 391 3345 parvi,
428 3280 510 3325 error
543 3261 763 3326 observationis
801 3261 889 3325 valde
927 3261 1097 3338 sensibilis,
1132 3262 1234 3374 itaque
1264 3261 1453 3344 probationis
1491 3261 1557 3325 ioco
1584 3269 1649 3337 ιιι,

290 3371 349 3414 non
375 3350 589 3432 inquisitionis.

379 3439 466 3511 Quae
489 3448 588 3502 autem
611 3440 674 3503 dixi
697 3440 735 3502 de
757 3440 901 3503 mediocri
922 3439 1168 3521 praecognitione
1191 3438 1328 3502 theoriae
1350 3439 1502 3519 planetes,
1526 3437 1571 3501 uic
1592 3438 1649 3502 irr-

290 3528 483 3608 telligantur,
512 3529 595 3609 quod
625 3530 704 3591 sieut
730 3530 761 3589 in
789 3529 907 3591 theoria
936 3529 1019 3592 Solis
1047 3529 1111 3605 (ιιι
1139 3529 1266 3604 Terrae)
1295 3527 1339 3590 ita
1366 3527 1581 3610 propemodum
1613 3527 1648 3592 ιιι

292 3617 428 3680 omnibus
450 3615 582 3696 planetis
605 3618 800 3699 aequationes
823 3617 953 3680 eccentri
978 3618 1048 3679 seiri
1069 3625 1198 3699 pousuut
1220 3617 1326 3692 (solae
1342 3635 1469 3700 namque
1496 3618 1553 3680 bes
1570 3626 1649 3700 peto

291 3714 326 3769 ut
346 3708 666 3788 praecognoscuntur),
697 3705 765 3792 etsi
783 3705 942 3768 verissima
964 3707 1119 3787 proportio
1142 3707 1273 3790 partium
1296 3707 1531 3772 eccentricitatie
1552 3707 1649 3787 igno-

292 3802 385 3858 retur.
431 3795 509 3858 Nam
534 3811 617 3858 error
639 3812 679 3855 ex
700 3794 811 3857 vitiosa
832 3795 1027 3876 proportione
1050 3797 1108 3858 hac
1129 3797 1272 3878 prodiens
1295 3796 1326 3859 in
1345 3796 1418 3860 Sole
1441 3796 1561 3879 quidem
1583 3815 1649 3860 neu

295 3892 344 3948 est
365 3883 462 3963 major
487 3883 515 3945 ι’
542 3879 603 3946 10”
626 3901 693 3946 cum
715 3890 764 3945 est
786 3883 934 3946 maximus
957 3884 987 3946 in
1010 3903 1108 3948 auom.
1137 3884 1226 3950 135⁰.
1271 3887 1314 3950 Et
1335 3887 1385 3950 bio
1416 3883 1536 3970 quidem
1559 3903 1650 3949 error

293 3981 397 4038 tantus
420 3977 477 4047 eet,
502 3972 729 4055 quando,'quae
754 3991 792 4034 ex
809 3972 925 4036 duabus
943 3973 1082 4054 partibus
1096 3977 1273 4056 aequalibus
1288 3975 1456 4057 composita
1469 3983 1519 4039 eut
1535 3993 1648 4038 eccen-

293 4065 430 4137 tricitas,
463 4079 530 4124 eam
559 4079 627 4124 cum
656 4062 807 4143 prioribus
836 4062 1018 4125 astronomis
1047 4071 1082 4125 ιι
1104 4063 1270 4145 simplicem
1297 4065 1505 4144 imaginamur.
1549 4065 1595 4128 At
1618 4067 1648 4127 si

293 4151 490 4235 compositam
512 4157 545 4213 et
566 4169 621 4214 nos
644 4151 790 4214 faciamus
814 4169 852 4214 ιι
868 4151 1007 4232 partibus
1020 4151 1175 4232 gebulaic,
1199 4155 1345 4218 iaciamus
1363 4153 1436 4216 item
1452 4151 1648 4236 expertibus

293 4263 351 4308 nou
375 4241 528 4324 genuinis,
561 4241 756 4322 aequationes
778 4240 917 4323 utrinque
940 4249 1113 4304 exstructae
1135 4243 1230 4307 multo
1252 4243 1350 4306 adbuc
1372 4243 1470 4306 miuus
1492 4245 1646 4320 differunt,

293 4332 453 4398 dummodo
476 4347 592 4392 summa
608 4331 740 4410 partium
755 4331 861 4394 eadem
875 4331 1013 4414 utrinque
1028 4339 1167 4395 maneat:
1192 4331 1268 4396 adeo
1283 4332 1414 4416 quidem,
1436 4341 1472 4395 ut
1487 4334 1518 4395 iu
1532 4335 1645 4409 Marte,

294 4423 379 4502 cujus
403 4428 451 4484 eut
473 4418 613 4501 aequatio
635 4420 777 4495 maxima,
802 4419 828 4481 ιι
843 4440 862 4481 a
876 4416 919 4482 92
939 4439 1033 4502 usque
1056 4421 1085 4482 ιι
1109 4419 1171 4486 120
1187 4423 1320 4484 varietur
1342 4422 1552 4486 eceeutricitas
1574 4421 1645 4486 viae

295 4512 341 4585 (in
365 4531 402 4573 ea
423 4509 617 4584 dimensione,
640 4518 676 4571 ut
697 4517 745 4571 est
766 4509 872 4572 radius
895 4506 1004 4584 1000),
1029 4511 1223 4591 aequationes
1248 4529 1309 4574 uon
1328 4511 1487 4576 ιιιιιιιιιιι
1508 4513 1578 4593 plus
1600 4510 1643 4576 3‘.

294 4601 409 4664 Verum
438 4607 472 4662 ut
500 4607 532 4661 et
561 4597 619 4661 boc
647 4597 772 4674 addam,
803 4598 888 4678 ipsas
919 4599 1114 4680 aequationes
1141 4601 1271 4663 encautri
1303 4601 1368 4663 eine
1396 4602 1644 4683 praecognitione

295 4689 491 4769 longitudinis
513 4689 632 4750 mediae
654 4688 685 4751 in
707 4688 785 4752 hunc
808 4687 928 4757 modum
950 4688 1101 4770 investigo
1114 4691 1311 4771 problemate,
1334 4690 1414 4772 quod
1429 4691 1644 4754 necessitatem

295 4778 387 4840 infert
415 4787 446 4840 et
475 4785 575 4840 tamen
602 4797 699 4860 neque
728 4795 783 4858 per
811 4777 1009 4856 geometricas
1037 4779 1311 4842 demonstrationes
1340 4797 1437 4862 neque
1466 4797 1521 4861 per
1550 4780 1643 4843 latius

295 4873 449 4950 patentem
476 4885 595 4932 cossam
626 4867 770 4948 suplicari
798 4887 818 4928 a
845 4883 894 4928 me
920 4867 1067 4932 haetenus
1095 4867 1203 4950 potuit
1248 4868 1402 4932 Laboravi
1423 4875 1566 4952 tunquam
1588 4887 1645 4956 per
