3582 5558
752 314 912 374 Introductio·
1381 335 1383 350 ·
1441 309 1503 382 1⁵5

150 486 795 572 tuimestmperliextemeiontleueseoo.
836 495 1411 568 Numutiuillctreoprinfiiieettti
1438 501 1504 552 sunt

150 580 325 652 npurotioni
344 581 506 654 regionum,
536 581 639 651 primus
668 577 737 634 lucie
758 595 776 634 o
795 579 918 636 tenebris
938 578 1136 644 exterioribus,
1158 579 1292 633 wcunius
1312 590 1445 650 cquurmu
1465 577 1503 631 cb

152 661 232 734 nquit
252 662 422 732 interpositu
442 661 569 732 expensi,
589 660 689 716 tertine
710 665 845 716 terrerum
866 677 884 716 o
903 658 1033 724 muribus,
1053 659 1101 714 ubi
1121 666 1198 714 ιοπιι
1211 659 1330 714 vertitur
1348 657 1453 728 pientio
1474 662 1505 712 et

152 741 299 812 eu'rpihon
322 749 379 797 tres
400 757 465 797 roro
485 741 652 812 posteriores
676 739 733 794 dies
754 737 896 812 regionum
917 740 956 795 sic
976 738 1165 795 distinctumm
1192 737 1357 810 impletioni.
1388 744 1503 809 quurtus

153 821 232 887 coeli,
255 821 367 894 quintus
388 821 502 878 murium
522 827 553 876 et
572 822 653 884 utris,
676 825 773 876 sextus
794 827 945 876 terrenum:
966 820 1006 876 sic
1025 819 1054 874 iu
1073 821 1126 876 bec
1146 820 1252 890 poclm
1273 824 1338 874 sunt
1357 817 1504 876 ffioffiuotcc

153 909 184 958 et
203 919 256 964 sex
276 901 381 958 illenim
402 902 532 974 operibus
551 903 692 974 cuelognc
713 906 808 972 portes
829 901 951 957 totitem.
986 901 1057 957 Nom
1075 915 1156 955 rmsu
1171 901 1289 954 eeoundo
1308 899 1405 963 lucem,
1427 913 1504 954 creo·

154 991 280 1038 tutorum
299 983 416 1054 primam
436 981 594 1054 primusque
615 981 669 1036 diei
688 987 758 1053 opus
779 981 906 1038 creatori
926 982 1076 1038 circumdet
1095 997 1145 1051 pro
1166 979 1337 1036 vestimento.
1378 979 1506 1034 Secundo

155 1079 221 1134 potu
240 1062 338 1133 incipit
358 1079 440 1120 versu
461 1063 544 1118 tertio
565 1062 682 1135 egitque
701 1065 735 1116 tle
755 1063 834 1134 equit
855 1079 939 1134 super
958 1062 1134 1126 coelestibus,
1156 1060 1318 1116 extensione
1338 1060 1407 1114 coeli
1422 1064 1457 1114 ‘et
1469 1062 1504 1114 cle

156 1143 648 1216 mucm‚qneeviceour1³eucee
671 1159 818 1199 accensere
848 1143 926 1215 cquis
947 1141 1149 1214 sopen'oribue‚
1180 1140 1285 1196 scilicet
1312 1143 1346 1196 ‹le
1376 1139 1504 1201 nubibus.

157 1224 262 1288 venus,
291 1225 477 1295 presterihue,
506 1224 672 1298 hilgurihus.
713 1224 811 1280 Tertio
836 1241 902 1295 puro
932 1223 1028 1295 incipit
1057 1239 1077 1278 c
1105 1238 1186 1278 versu
1215 1227 1297 1276 sexto
1326 1221 1505 1291 celebretque

154 1306 269 1361 Tecrum
288 1312 321 1360 ut
340 1306 546 1362 tmdnmentum
566 1321 670 1370 remu,
702 1320 770 1376 ques
794 1305 840 1360 hic
868 1305 1033 1360 concideret.
1074 1303 1173 1360 Omnis
1200 1302 1303 1374 quippe
1332 1303 1366 1356 ud
1392 1303 1505 1356 'ferrum

155 1401 271 1458 comque
290 1384 478 1448 inhabitantia
497 1385 629 1442 animulis
648 1386 748 1449 reiert;
778 1385 884 1440 scilicet
904 1383 969 1458 quio
989 1385 1128 1440 oculorum
1143 1383 1250 1453 judicio
1268 1383 1339 1438 ‹luse
1359 1381 1505 1452 primariae

155 1471 221 1520 eunt
240 1471 336 1536 portes
356 1466 457 1530 mundi,
479 1459 634 1532 (ioelum'et
647 1469 741 1524 Terre.
777 1465 829 1520 Hic
843 1465 930 1538 iffl'tnr
947 1465 1111 1530 consideret,
1132 1466 1244 1519 Terrum
1264 1468 1309 1518 tot
1323 1463 1383 1533 ,iem
1404 1461 1504 1517 seculis

158 1563 213 1601 non
233 1545 385 1611 subsidere,
407 1563 462 1602 uon
482 1543 625 1612 fatiscere,
651 1564 705 1602 non
725 1561 821 1602 ruere:
852 1563 912 1601 cum
933 1553 1025 1602 umen
1046 1544 1146 1600 nemini
1167 1549 1336 1614 compertum
1354 1543 1400 1607 sit,
1419 1557 1506 1613 super

157 1625 220 1698 quid
241 1627 294 1681 ills
314 1625 351 1681 eit
370 1627 494 1684 inuoluto„
534 1627 596 1682 Non
615 1628 677 1682 vult
696 1629 793 1682 dooere
821 1629 892 1699 quod
918 1626 1049 1699 ignorent
1077 1625 1213 1690 homines,
1244 1625 1292 1680 ced
1322 1625 1358 1682 tl
1386 1629 1505 1680 mentem

153 1721 293 1770 revocure,
316 1709 387 1778 quod
407 1707 459 1777 ipei
480 1706 637 1782 negligunt,
658 1707 873 1778 moguitudincm
893 1708 1000 1762 scilicet
1019 1713 1049 1761 et
1069 1705 1222 1777 potentium
1241 1704 1294 1760 Dei
1314 1705 1342 1759 in
1363 1703 1503 1760 creatione

154 1793 253 1842 tutte
282 1785 375 1852 molit,
406 1795 465 1844 tum
492 1789 586 1842 firmae
607 1794 636 1842 et
657 1788 774 1845 stabilis.
815 1787 844 1843 si
865 1793 1038 1843 astronomus
1067 1788 1179 1851 domui,
1210 1785 1322 1840 terrun
1342 1801 1394 1856 per
1413 1783 1506 1839 uidero

155 1867 233 1932 leni,
255 1866 279 1920 it
298 1885 354 1922 non
374 1867 490 1932 evertit,
521 1884 593 1940 quoe
612 1868 658 1923 hic
677 1867 743 1922 dicit
762 1869 886 1933 Pseltcs,
917 1885 968 1924 nec
988 1867 1120 1923 convellit
1139 1865 1276 1938 hominum
1297 1863 1506 1936 experientium.

154 1949 257 2002 Verum
277 1947 350 2004 eninr
370 1947 544 2004 nihilominus
565 1954 616 2014 eet,
638 1965 694 2004 non
713 1965 793 2004 ruere
807 1950 916 2014 Terrae,
938 1949 991 2004 Dei
1012 1947 1157 2004 urohitecti
1172 1963 1252 2017 opus,
1273 1951 1306 2000 ιιι
1320 1947 1412 2000 scient
1424 1959 1505 2000 ruere

155 2035 252 2082 nonu-u
271 2027 397 2083 ueiiflcin
416 2035 559 2084 mtuttete
579 2035 609 2083 et
628 2029 702 2084 cerie
723 2036 881 2093 consumto,
912 2047 966 2085 uon
987 2028 1113 2085 inclinari
1133 2029 1168 2084 ed
1189 2029 1293 2092 lutere,
1324 2038 1379 2080 non
1399 2022 1506 2080 turhuri

154 2109 234 2164 tedet
255 2107 442 2173 mutium
464 2109 615 2164 consistere
635 2115 740 2165 mentor
761 2117 792 2164 et
810 2109 903 2174 litore,
924 2110 1037 2166 immoto
1056 2115 1155 2164 contre
1173 2107 1292 2178 impetus
1313 2113 1456 2162 ventorum
1476 2111 1506 2159 et

154 2191 300 2253 munt,
321 2195 355 2244 ut
373 2195 456 2254 erunt
475 2190 512 2244 nh
533 2189 618 2246 initio.
659 2188 813 2262 Subiungit
830 2197 923 2246 nutem
943 2191 1055 2248 Ponitee
1081 2187 1294 2260 pulcherrimum
1314 2184 1504 2258 hypotyposin

156 2268 341 2340 ”ponticus
361 2271 495 2324 mucro
515 2286 534 2325 ιι
554 2269 766 2335 continentibus,
787 2279 960 2342 exorantque
981 2287 1044 2326 esur
1063 2267 1219 2340 objectum
1243 2267 1359 2326 iontitn
1380 2272 1410 2321 et
1428 2263 1505 2322 utili·

155 2357 253 2413 tum,
275 2365 344 2422 quoe
364 2349 501 2405 exhibent
519 2341 610 2404 iontos
630 2357 661 2405 et
680 2357 779 2421 petrte
798 2351 955 2407 volucribus
976 2358 1006 2406 et
1025 2349 1257 2423 qucdrupedibus.
1294 2349 1352 2404 Nec
1369 2345 1506 2419 proeterit

155 2428 364 2486 exornationem
384 2430 537 2500 superficiei
557 2430 676 2486 Telluris
696 2447 715 2485 n
733 2431 811 2485 licre
832 2438 1070 2488 commemorotum
1090 2432 1163 2486 inter
1190 2445 1277 2500 opero
1304 2428 1358 2484 diei
1388 2425 1504 2490 teutisca
1558 2439 1560 2446 ·

155 2512 203 2564 sed
224 2525 286 2564 eon
306 2525 326 2564 s
345 2525 432 2565 cuno
450 2526 503 2564 sun
522 2511 626 2582 repetit
645 2511 744 2575 ultius,
775 2513 811 2566 ob
840 2511 1045 2567 humectotione
1074 2517 1145 2582 puto
1173 2509 1301 2565 coelestir
1323 2515 1361 2572 ,et
1387 2509 1508 2562 exornet

154 2590 411 2646 memoratione
431 2590 597 2654 utilitum,
624 2607 695 2662 quoe
715 2592 832 2647 roricum
852 2593 890 2666 nh
910 2592 961 2647 ills
980 2591 1162 2650 eremetionc
1183 2593 1218 2646 td
1238 2591 1342 2645 rictum
1360 2595 1391 2644 et
1407 2585 1506 2644 hiltri-

155 2677 242 2726 totem
263 2669 379 2726 hominis
399 2677 430 2725 et
449 2670 599 2728 hostiarum
620 2671 791 2728 hohitocolo.
1205 2725 1208 2736 ,

235 2760 428 2831 anrtspure
449 2759 545 2832 incipit
563 2777 646 2816 versu
667 2761 718 2826 20,
744 2761 889 2816 celebrent
910 2767 1028 2834 querite
1047 2760 1101 2816 diei
1122 2777 1203 2832 opus,
1231 2761 1322 2816 Solem
1343 2763 1373 2813 et
1391 2757 1506 2820 Lunum,

156 2841 204 2894 secl
224 2839 375 2910 pruscipne
394 2839 560 2906 utilitatem,
589 2855 659 2914 quoe
680 2859 716 2895 ex
738 2839 911 2896 dictinctione
930 2849 1083 2914 temporum
1112 2843 1229 2897 redeunt
1249 2843 1285 2898 od
1305 2837 1459 2895 onimntit
1478 2843 1508 2892 et

155 2920 307 2984 hominen.
338 2937 411 2991 quoe
430 2920 483 2992 ipsi
499 2921 560 2991 jem
581 2929 626 2976 ert
645 2919 772 2991 subjecto
791 2923 922 2981 mouns:
951 2929 984 2977 ιιι
1003 2923 1079 2979 clere
1100 2921 1261 2992 appareat(
1279 2921 1368 2991 iprum
1387 2919 1433 2976 bic
1453 2933 1509 2973 nou

155 3017 242 3074 ogere
264 3007 459 3057 monium.
500 3002 561 3057 Non
583 3001 654 3057 enim
675 3001 811 3058 omisisset
837 3003 1001 3058 mentionem
1031 3003 1149 3074 quinque
1174 3003 1364 3073 planetarum,
1393 3013 1506 3071 quorum

155 3081 320 3136 motu-uilu'l
339 3087 385 3137 est
409 3081 610 3148 tdmirshilius,
640 3081 708 3138 nihil
739 3083 897 3153 pulchrius,
927 3083 996 3138 nihil
1026 3084 1096 3154 quoti
1126 3085 1160 3136 sle
1181 3082 1334 3137 Ocuditcn's
1364 3078 1507 3150 sepientis

155 3168 276 3218 testetur
295 3161 449 3218 evidentius
470 3165 543 3234 opud
563 3179 612 3218 eos
632 3163 678 3236 qui
699 3163 821 3234 copiunt
863 3163 967 3227 Quinto
995 3179 1062 3233 pore
1091 3169 1136 3217 cst
1159 3179 1240 3217 uersu
1269 3163 1316 3218 26.
1338 3163 1372 3216 de
1393 3158 1506 3231 quintue

155 3241 209 3297 diei
228 3259 331 3313 opere,
360 3243 510 3314 impletque
530 3243 619 3299 morin
638 3243 758 3314 piscihus
779 3250 809 3299 et
828 3250 948 3299 exornet
971 3241 1206 3315 uorigstiouihuo.
1247 3242 1336 3298 Sexto
1365 3238 1506 3295 obscurius

155 3323 312 3378 conectitur
331 3339 351 3378 s
368 3339 451 3378 versu
473 3323 520 3379 28.
541 3323 657 3396 egitque
676 3327 711 3379 ‹le
731 3325 877 3380 'terrorum
897 3323 993 3379 incolis
1015 3323 1192 3387 onimnlibue‚
1218 3327 1300 3378 sexto
1328 3321 1372 3376 dic
1392 3317 1503 3376 crectis.

154 3403 192 3458 Et
210 3403 328 3474 (lenique
353 3403 380 3458 iu
407 3419 512 3476 ponere
538 3406 630 3460 subdit
655 3405 807 3460 honitstent
827 3405 880 3460 Dei
907 3403 1089 3460 metentoutie
1118 3403 1210 3458 omnic
1229 3410 1259 3458 et
1278 3401 1399 3458 creontis
1424 3415 1504 3456 nors

156 3483 256 3539 Omnis
274 3483 373 3555 igitur,
395 3499 467 3556 quoe
487 3486 522 3538 de
541 3487 640 3540 hundo
660 3485 779 3550 dixerut,
802 3487 837 3540 sil
858 3484 1010 3541 culmontis
1029 3484 1127 3540 refert:
1149 3483 1231 3546 nihil,
1253 3485 1324 3554 quod
1344 3499 1398 3537 uon
1418 3481 1456 3536 eit
1476 3479 1505 3534 iu

155 3565 292 3627 oonieoec,
313 3572 521 3620 commemoret:
550 3562 657 3620 scilicet
676 3565 743 3636 quin
761 3566 868 3622 enimus
888 3566 942 3638 ipsi
961 3573 1007 3620 est
1026 3565 1163 3620 extollere
1184 3571 1264 3629 notu,
1296 3581 1350 3619 non
1370 3561 1506 3634 inquirere

158 3644 310 3716 incognito.
330 3642 451 3700 inritae
470 3661 537 3700 vero
556 3645 679 3700 hominen
700 3648 736 3700 ccl
755 3647 956 3704 considerando
974 3645 1121 3710 mutes.
1143 3661 1216 3718 quoe
1236 3646 1273 3701 ccl
1293 3645 1367 3716 ipson
1388 3643 1506 3699 recisum

156 3743 194 3780 ex
212 3723 258 3779 hic
278 3723 451 3796 singulorum
470 3724 575 3782 dierm
595 3725 731 3796 operibus.

232 3815 326 3884 Atque
346 3829 402 3886 ego
422 3815 553 3872 lectorem
572 3829 661 3870 meum
681 3821 789 3887 qnoque
807 3810 947 3880 obtestor,
975 3821 1010 3870 ut
1035 3833 1089 3872 non
1117 3816 1220 3872 oblitus
1240 3812 1373 3870 honitotis
1394 3810 1503 3867 divinae

154 3893 183 3949 in
202 3888 327 3950 tumim
347 3893 484 3959 collatus»
515 3897 549 3950 sd
579 3909 661 3966 quom
689 3894 913 3950 conciderundcm
943 3896 1032 3967 ipsum
1053 3898 1165 3954 Poclteo
1194 3895 1364 3968 potentinum
1395 3891 1504 3955 inritet,

152 3973 201 4030 uhi
221 3990 242 4028 n
260 3975 365 4046 templo
391 3990 518 4032 reversus
545 3975 573 4030 in
598 3975 722 4032 sobolom
749 3975 957 4032 totrcncmiesm
988 3976 1072 4032 inerit
1100 3978 1256 4050 ingressus,
1288 3989 1392 4032 mecum
1419 3971 1503 4028 etiem

153 4056 251 4110 laudet
269 4061 302 4109 et
321 4055 445 4112 celebret
463 4055 630 4127 supientinm
650 4062 680 4111 et
699 4055 914 4128 msgnitudinem
935 4057 1082 4123 cremone
1105 4074 1187 4129 quem
1207 4073 1261 4129 ego
1281 4055 1334 4127 ipsi
1349 4053 1447 4126 operio
1467 4069 1505 4106 ex

154 4135 258 4192 iome
287 4136 441 4192 nundum·
470 4136 598 4207 pontuert
632 4136 835 4208 expilatione,
870 4151 1015 4192 cenctmrn
1048 4137 1239 4210 inquisitione,
1275 4137 1349 4190 meus
1383 4147 1505 4188 errorum

154 4214 327 4279 detectimte3
348 4221 380 4271 et
397 4217 439 4270 sic
456 4233 512 4273 uon
531 4223 640 4272 tuntum
661 4216 689 4272 in
702 4217 821 4272 Telluris
835 4217 998 4272 firmitudine
1012 4225 1043 4274 et
1055 4219 1212 4275 stubilitote
1226 4219 1345 4273 onlumm
1358 4213 1505 4270 unirerote

154 4303 272 4352 murce
301 4294 464 4362 virentium,
493 4304 527 4352 ut
545 4297 600 4354 Dei
618 4309 716 4352 munus
735 4298 927 4363 exoomletur,
958 4299 1006 4352 sod
1035 4300 1119 4356 etism
1151 4301 1180 4355 in
1204 4298 1327 4368 ejusden
1347 4302 1423 4350 motu
1444 4298 1502 4348 tum

155 4377 305 4442 memte.
326 4383 385 4432 tem
405 4377 568 4441 connectit,
590 4375 730 4440 mecurio
750 4384 888 4449 ugnotctt
910 4378 1083 4449 cupientem.
1337 4409 1342 4422 ·

232 4465 286 4530 Qui
306 4481 373 4522 vero
393 4467 521 4523 hebetior
540 4476 599 4533 eet,
631 4485 712 4540 quum
741 4475 774 4522 ut
804 4467 1012 4524 astronomicam
1034 4468 1176 4524 scientium
1206 4481 1308 4538 cepere
1329 4463 1429 4536 poerit.
1459 4465 1520 4518 rel'

155 4546 299 4615 infirmior,
321 4563 403 4619 quern
423 4555 456 4604 ut
475 4547 609 4604 inot'erlso
628 4549 735 4620 pietote
756 4547 906 4619 copernico
928 4551 1038 4604 credet:
1067 4550 1092 4603 ei
1113 4549 1231 4612 endec,
1254 4553 1285 4601 ut
1305 4543 1389 4600 miset
1408 4545 1505 4601 schole

156 4627 353 4693 monomioo.
383 4627 522 4684 mutio
542 4628 626 4684 eticm
646 4629 670 4684 si
690 4630 784 4700 plucet
803 4629 1028 4700 pbilosophorum
1047 4629 1252 4702 quibuscunque
1281 4625 1408 4696 plucltis,
1439 4642 1503 4682 suso

156 4723 199 4762 reo
218 4715 290 4781 eget
308 4715 341 4764 et
358 4710 397 4763 ob
418 4709 473 4763 hoo
492 4709 717 4782 peregrinatione
736 4711 874 4764 mundone
900 4710 1048 4776 desistens,
1079 4710 1186 4762 domum
1210 4709 1244 4762 sd
1274 4705 1396 4779 spetlum
1426 4723 1505 4762 suum

157 4789 336 4844 excolendum
358 4805 392 4844 oe
418 4789 548 4860 recipiet,
570 4791 723 4864 turboque,
754 4790 852 4862 quibus
872 4790 940 4844 solis
959 4789 1048 4852 ridet,
1068 4787 1096 4842 in
1116 4787 1169 4842 hcc
1189 4785 1378 4860 udspoctchile
1398 4789 1505 4842 eoelum

159 4869 290 4938 ntum,
320 4873 383 4926 toto
409 4877 525 4944 pectore
545 4871 573 4932 ic
593 4869 747 4944 pretim
767 4869 903 4930 sotionem
922 4875 953 4930 et
972 4871 1069 4934 leudes
1089 4867 1142 4931 Dei
1162 4866 1315 4930 concitetis
1333 4867 1503 4930 effundetur:
