3604 5534
286 293 294 310 .
359 263 421 334 173
835 267 875 318 De
893 266 1001 318 Motibus
1021 263 1113 318 Stellae
1131 265 1219 318 Martis

282 456 285 462 ’
354 447 461 522 licitur,
486 455 520 510 ut
542 446 673 527 pondere
697 445 812 524 majore
836 445 975 507 deorsum
999 446 1142 507 tendente
1166 464 1245 526 aqua
1267 443 1437 508 necessario
1460 464 1573 508 sursum
1595 434 1678 510 cedat.

355 536 471 608 Quodsi
499 535 588 598 etiam
619 535 754 615 perfecte
782 535 936 597 circularis
957 535 1059 597 lnotus
1083 541 1167 596 esset
1189 537 1374 616 quorundam
1396 535 1597 611 membrorum,
1618 546 1647 598 at
1660 537 1680 598 ii

355 645 416 688 nou
449 633 519 687 sunt
551 625 708 706 perpetui,
744 643 798 685 nec
821 624 927 687 mirum
957 625 993 686 de
1022 643 1057 685 eo
1086 631 1185 697 esset,
1213 643 1280 686 cum
1310 643 1393 686 mens
1417 624 1539 686 animali
1561 625 1681 688 facultati

351 715 527 796 praesideat
550 715 578 776 in
602 713 731 776 humano
756 731 899 792 corpore;
924 721 957 774 at
980 721 1076 790 certe,
1099 713 1127 774 si
1151 714 1201 774 via
1223 714 1286 776 ulla
1309 715 1417 776 diisset
1441 713 1611 776 facultatem
1631 715 1681 776 ali-

353 823 442 886 quam
466 803 622 865 matricem
646 803 689 864 sic
712 802 891 877 instruendi,
915 811 949 864 ut
971 821 1079 883 corpus
1102 802 1225 883 aliquod
1248 821 1356 887 gyrare
1379 803 1487 884 possit,
1512 821 1567 864 non
1589 804 1683 865 fuisset

349 894 381 956 iu
403 893 534 955 humano
559 910 682 973 corpore
706 891 856 970 neglecta.
1636 913 1641 926 ·

439 981 534 1046 Porro
557 988 591 1044 ut
614 1001 698 1042 meus
722 981 825 1060 aliqua
848 979 930 1042 viam
953 987 1101 1042 monstret
1123 979 1302 1043 circularem
1322 980 1399 1044 citra
1421 980 1587 1044 metamvel
1600 981 1682 1044 centri

259 1091 260 1098 ¹
348 1071 397 1133 vel
421 1071 554 1153 corporis
578 1069 716 1149 alicujus,
741 1070 818 1149 qood
843 1088 896 1148 pro
922 1088 1045 1131 accessu
1068 1071 1116 1132 vel
1140 1088 1261 1132 recessu
1276 1071 1389 1151 majore
1405 1071 1455 1132 vel
1468 1070 1578 1132 minore
1587 1073 1682 1151 angulo

349 1169 505 1242 appareat,
543 1160 573 1222 id
597 1160 660 1221 lieri
685 1178 873 1240 nequaquam
895 1167 1007 1239 potest.
1068 1155 1205 1221 Circulus
1229 1159 1305 1220 enim
1329 1161 1435 1222 iisdem
1455 1167 1486 1220 et
1509 1160 1637 1222 delinitur
1658 1169 1683 1220 et

348 1249 510 1330 perficitur,
535 1248 722 1329 aequalitate
747 1249 866 1309 scilicet
888 1247 1052 1310 distantiae
1076 1270 1095 1310 a
1118 1247 1216 1310 medio
1235 1255 1268 1309 et
1282 1253 1539 1328 quantumcunque
1559 1247 1683 1310 motrices

347 1339 440 1402 hasce
470 1337 632 1400 facultates
662 1333 808 1412 extollas,
838 1338 965 1399 circulus
993 1345 1093 1398 tamen
1127 1357 1163 1399 ne
1186 1339 1252 1400 Deo
1284 1337 1404 1419 quidem
1437 1337 1518 1399 aliud
1541 1346 1588 1400 est
1608 1357 1683 1418 quarn

272 1449 280 1462 ·
353 1428 432 1509 quod
451 1427 517 1506 janu
541 1427 662 1490 dictum.
708 1427 828 1488 Docent
850 1426 968 1508 quidem
992 1435 1174 1506 geometrae,
1199 1425 1279 1487 datis
1302 1427 1398 1488 tribus
1413 1427 1443 1488 iu
1459 1427 1683 1489 circumferentia

352 1516 471 1598 punctis
503 1516 676 1578 continuare
709 1515 865 1578 circulum:
896 1515 948 1576 sed
978 1516 1034 1577 hoc
1056 1516 1123 1596 ipso
1145 1516 1397 1595 praesupponitur
1420 1515 1524 1598 aliqua
1543 1535 1610 1598 pars
1632 1516 1683 1576 oir-

353 1605 566 1668 cumferentiae
591 1607 710 1686 (utpote
734 1624 787 1685 per
809 1605 889 1667 trina
910 1612 1023 1685 puncta
1045 1605 1124 1678 iens)
1153 1605 1217 1684 jam
1241 1605 1388 1666 confecta.
1437 1603 1513 1676 Quis
1537 1624 1604 1685 ergo
1625 1606 1683 1685 pla-

351 1702 440 1756 netae
472 1693 529 1756 hoc
558 1693 676 1757 initium
698 1694 854 1768 ostendet,
879 1713 917 1755 ex
941 1713 998 1774 quo
1021 1693 1168 1774 reliquum
1192 1695 1251 1755 iter
1273 1695 1464 1756 conformet?
1508 1695 1610 1776 ltaque
1630 1693 1684 1756 lieri

351 1783 441 1845 aliter
462 1802 522 1845 uon
544 1791 663 1864 potest,
695 1785 764 1864 quin
794 1783 936 1863 planetae
969 1791 1066 1844 motor
1096 1803 1133 1844 ex
1155 1783 1372 1845 Avicenuae
1394 1779 1436 1857 ²⁴)
1467 1784 1614 1846 sententia
1644 1779 1684 1843 vel

351 1878 485 1934 centrum
518 1872 599 1935 orbis
637 1874 683 1934 sui
715 1891 858 1953 suamque
895 1871 933 1932 ab
971 1891 1006 1934 eo
1035 1873 1211 1955 distantiam
1239 1871 1296 1934 sibi
1323 1873 1519 1952 imaginetur,
1559 1874 1604 1936 vel
1633 1873 1685 1932 alia

349 1961 478 2042 quadam
509 1962 695 2044 proprietate
725 1962 828 2024 circuli
854 1963 1039 2043 praestanda
1069 1962 1108 2022 ad
1136 1961 1373 2023 efformationem
1395 1960 1489 2042 ipsius
1514 1961 1613 2024 circuli
1635 1962 1684 2022 ad·
1759 2029 1766 2050 f

350 2049 477 2115 'ovetum
925 2076 927 2082 ¹
1672 2079 1687 2102 v·
1754 2045 1756 2050 ’

344 2069 358 2130 J
435 2139 507 2202 Jam
529 2138 623 2220 igitur
646 2139 736 2201 aliter
758 2140 845 2202 nobis
870 2139 1079 2202 informabitur
1100 2138 1276 2222 hypothesis
1300 2138 1428 2220 physica
1449 2138 1556 2200 horum
1575 2138 1685 2200 duorum

347 2228 542 2292 schematum.
588 2229 667 2294 Nam
700 2229 728 2290 in
753 2228 1036 2311 posteriori‚.qnod
1065 2227 1230 2309 simplicius
1261 2235 1323 2302 est,
1356 2229 1504 2309 siquidem
1527 2246 1624 2289 verum
1646 2235 1686 2287 est

348 2319 427 2398 quod
459 2318 627 2398 posuimus,
660 2327 814 2393 motorem,
845 2320 894 2400 qui
922 2318 1075 2398 planetam
1104 2335 1158 2396 per
1181 2318 1238 2380 iter
1260 2323 1333 2397 yed=
1347 2315 1537 2397 circumagit,
1570 2317 1599 2378 in
1629 2315 1685 2394 ipso

345 2407 471 2486 planeta
493 2407 602 2482 inesse,
627 2426 751 2468 necesse
774 2407 875 2487 itaque
900 2408 998 2482 fuerit,
1022 2407 1050 2467 in
1075 2407 1215 2488 planetae
1244 2415 1391 2469 motorem
1414 2407 1525 2470 cadere
1549 2405 1683 2488 quandam

348 2494 638 2558 animadversionem
663 2497 837 2576 apparentis
864 2493 1079 2578 magnitudinis
1103 2495 1196 2574 ipsius
1219 2497 1352 2575 corporis
1375 2495 1405 2557 iu
1429 2519 1462 2572 α,
1488 2515 1527 2556 ex
1550 2518 1573 2574 γ,
1588 2498 1683 2570 aqi,

345 2582 475 2664 inspecti
507 2583 569 2658 (vel
599 2585 684 2664 quasi
712 2584 855 2666 inspecti)
882 2595 1101 2666 proptereaque
1125 2585 1279 2664 planetam
1303 2586 1375 2653 niti,
1404 2593 1436 2647 ut
1470 2593 1500 2646 et
1531 2583 1685 2665 aequaliter

346 2672 468 2734 incedat
483 2699 486 2705 ·
500 2674 593 2756 (quod
620 2681 780 2755 praestant
802 2675 939 2756 integrae
964 2683 996 2736 et
1019 2694 1077 2737 uon
1100 2675 1262 2755 impeditae
1294 2673 1428 2738 matricis
1456 2675 1575 2736 animae
1599 2671 1683 2744 vires)

346 2770 378 2824 et
410 2781 514 2829 ornnes
544 2763 707 2824 distantias
737 2787 793 2844 cy,
818 2787 875 2839 os,
899 2787 962 2842 αη,
985 2769 1033 2826 ad
1055 2763 1100 2824 ita
1123 2765 1225 2826 ordine
1248 2770 1472 2845 repraesentet,
1502 2773 1538 2826 ut
1564 2762 1632 2824 illae
1653 2777 1684 2821 eu

345 2853 513 2913 eccentrico
536 2853 581 2932 dy
603 2859 766 2931 sequuntur
789 2853 855 2932 lege
879 2854 1076 2932 geometrica3
1101 2871 1188 2933 quem
1211 2853 1249 2914 ad
1272 2853 1360 2915 finem
1384 2852 1460 2915 scire
1483 2853 1576 2914 etiam
1595 2850 1682 2920 debet

345 2949 457 3021 quanto
480 2964 525 3020 cy
547 2936 664 3021 longior
689 2941 730 3003 sit
753 2961 840 3022 quam
864 2966 884 3004 α
898 2948 923 3016 δ,
949 2943 1005 3004 hoc
1028 2951 1077 3004 est
1099 2951 1213 3024 quanta
1231 2941 1586 3014 siteccentricitasviae,
1608 2955 1686 3021 quam

343 3031 533 3092 confecturus
558 3039 615 3100 est,
640 3051 658 3091 a
680 3049 804 3110 corpore
827 3031 857 3093 in
881 3039 907 3094 α’
924 3031 1004 3095 circa
1026 3030 1105 3112 quod
1127 3032 1222 3094 iturus
1239 3039 1296 3093 est.
1343 3029 1411 3101 Quo
1430 3039 1521 3111 pacto
1536 3031 1584 3092 hic
1597 3037 1685 3091 motor

341 3119 483 3199 planetae
508 3121 537 3182 iu
562 3120 664 3182 multis
688 3120 774 3182 simul
798 3119 1001 3203 occupabitur.
1044 3120 1079 3183 Si
1101 3121 1158 3184 hoc
1181 3121 1247 3202 quis
1271 3121 1357 3201 fugit,
1382 3121 1474 3200 igitur
1498 3139 1623 3183 necesse
1644 3123 1684 3178 est

342 3216 376 3270 ut
400 3208 492 3284 dicat,
516 3210 669 3290 planetam
694 3209 731 3269 ad
754 3211 775 3287 β
797 3219 949 3290 punctum,
973 3211 1052 3291 quod
1075 3211 1154 3273 omni
1177 3227 1300 3290 corpore
1324 3218 1377 3272 aut
1399 3219 1472 3272 nota
1496 3209 1572 3272 reali
1595 3213 1683 3278 vacat
1765 3229 1766 3232 ¹

342 3298 494 3377 respicere
523 3306 554 3359 et
577 3298 720 3380 aequales
744 3298 784 3359 ab
808 3319 842 3360 eo
866 3300 1028 3362 distantias
1051 3299 1137 3363 tueri.

428 3385 517 3449 Prius
539 3407 611 3450 uero
635 3388 758 3450 schema
780 3388 902 3472 physice
926 3390 970 3451 sic
994 3389 1174 3472 explicatur,
1205 3395 1238 3451 ut
1261 3389 1446 3468 concipiatur
1473 3388 1572 3451 uirtus
1596 3385 1686 3464 aliqua
