3640 5538
336 299 403 380 514
870 299 1084 368 umquem
1101 295 1147 354 ss.

332 485 509 558 trepontium,
531 497 591 539 oum
611 501 665 540 nos
685 487 782 554 posset
802 485 837 538 ad
850 483 964 554 regulas
978 484 1115 545 reducere,
1136 482 1166 537 iu
1179 499 1259 540 cesus
1273 477 1402 552 physicos
1421 477 1548 550 conjecit,
1569 474 1677 532 olnaihs

332 584 490 640 persuasus,
512 579 638 618 numeros
659 581 722 619 suos
743 569 843 618 exscte
865 581 927 617 esse
948 562 1137 618 constitutos‘*
1163 567 1217 620 lloc
1240 581 1335 634 negans
1352 567 1505 620 demonstret
1521 565 1677 624 llorrooeios,

334 645 488 704 ,tabularum
510 657 623 692 numeros
648 642 712 692 solos
731 655 785 692 esse
804 643 829 690 in
847 641 947 704 oulpa“,
967 641 1129 692 differentiam
1142 641 1231 692 cuiculi
1250 647 1275 690 et
1293 640 1487 690 observationum
1505 653 1554 688 non
1572 639 1599 686 ln
1617 650 1677 686 cao-

332 731 372 766 sss
392 714 573 767 accidentariss
592 714 771 776 conjiciendam
789 727 851 768 esse.
870 713 914 762 sed
933 727 963 763 ex
980 713 1187 762 observationibus
1205 710 1385 762 emendandum
1403 724 1459 760 esse
1477 709 1607 760 cslculnm.
1627 705 1677 757 Ob·

332 787 482 838 terrationes
500 785 613 849 priorum.
633 784 777 838 Ptolemasi.
797 783 925 841 Waltheri,
944 783 1143 849 Repiomontunl,
1162 783 1298 848 llopernlei,
1316 797 1348 831 ne
1360 779 1482 844 'tychonis
1500 780 1608 846 quidem.
1627 793 1678 828 nou

334 873 388 910 esse
406 859 494 922 ubique
513 857 689 913 autumnos.
708 871 777 913 „non
790 870 844 905 esse
862 869 894 905 ss
911 858 994 905 omnia
1012 857 1072 905 satie
1090 855 1219 921 diligenter
1237 857 1374 909 obssrruts.
1392 867 1456 917 quae
1473 859 1559 902 tamen
1577 864 1594 901 s
1611 865 1678 900 sum-

335 934 381 982 mis
399 931 455 980 risis
473 935 593 992 tanquam
611 929 677 978 omni
695 927 838 992 exceptione
856 929 952 990 msjors
969 925 1153 977 venditantur.“
1190 927 1297 978 Causam
1316 925 1440 974 dissensus
1458 925 1484 974 iu
1502 923 1676 974 observationi·

335 1011 380 1065 bus
397 1010 462 1060 hunc
482 1023 536 1059 esse
558 1007 627 1064 dicit,
646 1008 710 1072 quod
733 1001 845 1072 ¹,magui
866 1001 924 1066 riri,
946 1000 1063 1056 inventis
1084 1001 1201 1072 propriis
1221 999 1331 1054 nimium
1352 999 1526 1061 confidentes,
1548 997 1677 1052 observa·

333 1083 435 1138 tionem
456 1081 572 1137 strictim
593 1087 739 1144 enarrant,
766 1099 925 1152 processum
945 1088 1050 1146 autem,
1073 1098 1151 1152 quem
1172 1081 1199 1134 iu
1220 1080 1391 1136 observando
1411 1083 1567 1140 tenuerunt,
1589 1077 1677 1132 miuus

333 1163 447 1221 candide
465 1161 643 1216 dissimulant.
684 1161 782 1233 Longe
803 1161 891 1234 magis
913 1161 1032 1234 ingenue
1053 1161 1236 1230 Keplsrus,
1258 1159 1304 1231 qui
1325 1159 1487 1213 nouaclum
1508 1155 1678 1212 observatio·

334 1261 391 1305 nes,
414 1245 461 1298 scd
482 1249 512 1296 et
532 1243 640 1295 modum
661 1241 823 1296 observandi
844 1243 958 1295 candide
979 1242 1057 1296 nobis
1079 1240 1292 1296 communicavit.
1334 1239 1411 1294 Unde
1432 1239 1534 1292 iactum
1555 1243 1616 1302 est,
1648 1244 1681 1292 ut

332 1325 406 1378 illius
428 1321 635 1377 observationes
656 1323 713 1376 siut
732 1322 847 1376 eliorum
868 1323 985 1376 omnium
1007 1321 1149 1385 certiores,
1180 1339 1212 1375 ac
1232 1320 1345 1391 proinde
1366 1335 1385 1372 a
1408 1337 1451 1372 me
1471 1317 1581 1372 maximi
1601 1318 1679 1372 hunt

332 1403 409 1460 Illius
430 1403 516 1474 igitur
536 1403 664 1472 exemplo
686 1419 778 1457 omnes
800 1403 951 1456 sdmonitos
972 1403 1062 1464 velim,
1085 1408 1117 1456 ut
1137 1407 1224 1456 totum
1245 1399 1408 1455 observandi
1429 1415 1586 1468 processum
1600 1399 1680 1453 nohis

332 1501 386 1540 nou
406 1483 559 1544 invideant;
590 1481 627 1536 sit
653 1483 719 1536 licet
739 1483 824 1553 poulo
844 1484 907 1554 plus
928 1483 1044 1546 laboris,
1071 1483 1196 1554 singulas
1217 1484 1350 1552 ambages
1370 1479 1505 1550 prolixius
1525 1495 1693 1558 recensere,-

332 1581 471 1636 uunquasu
491 1571 584 1620 tomen
604 1563 757 1634 poenitebit
776 1562 922 1618 veritatem
943 1563 1015 1618 tanti
1036 1563 1162 1616 emisse.“

420 1641 518 1693 Deinde
531 1655 620 1692 cauas
638 1655 778 1698 recensens,
797 1656 861 1706 quae
872 1643 951 1706 ipsum
969 1643 1095 1696 moverint.
1114 1649 1143 1691 ut
1154 1640 1284 1704 liopernicl
1301 1637 1385 1689 mnndi
1402 1638 1522 1688 theorism
1534 1637 1589 1687 aliis
1606 1651 1679 1702 prse-

334 1715 419 1772 lerrst,
438 1715 547 1763 maxima
565 1727 594 1762 ex
612 1719 682 1777 perte
694 1713 795 1778 Kepleri
815 1721 913 1764 secutus
932 1714 1100 1778 Epitomen
1119 1715 1200 1762 Astr.
1222 1711 1474 1773 copernicsnse.
1493 1709 1562 1760 addit
1574 1707 1681 1760 Horroc-

333 1787 399 1836 olus:
417 1784 480 1835 haec
494 1783 558 1849 apud
577 1784 693 1835 lectorem
710 1785 817 1849 praelari
829 1785 902 1842 solui,
921 1791 949 1834 ut
966 1786 1061 1852 gratiss
1080 1798 1178 1850 egerem
1196 1780 1334 1833 doctissimo
1351 1781 1468 1845 Keplero,
1487 1783 1555 1843 cnjus
1573 1781 1682 1832 monens

337 1871 391 1908 esso
411 1857 507 1912 lateor,
534 1855 600 1920 quod
625 1855 666 1905 hlo
689 1870 738 1906 non
766 1857 917 1914 caecutiam;
945 1856 1003 1905 mihi
1022 1857 1086 1905 enim
1105 1870 1160 1906 cum
1184 1855 1281 1919 reliquie
1301 1854 1391 1903 erranti
1410 1853 1506 1916 aperuit
1530 1851 1570 1902 ille
1589 1851 1682 1914 oculos,

324 1935 414 1992 'quare
431 1927 467 1978 illi
485 1927 584 1992 quidem
602 1941 642 1978 rus
661 1941 691 1978 ac
709 1941 767 1978 mea
785 1927 816 1984 (sl
835 1941 885 1992 qua
903 1925 970 1988 sunt)
989 1926 1071 1976 deberi
1088 1940 1214 1991 nunquam
1232 1940 1282 1975 non
1301 1925 1442 1974 confitebor.
1476 1921 1530 1972 Deo
1548 1923 1682 1972 immortali

333 1998 364 2050 0.
384 1998 420 2050 lt.
440 2013 471 2050 ex
488 1999 570 2048 animo
589 2006 673 2062 prutes
685 2012 742 2064 ago.
761 1997 825 2062 quod
843 1999 1029 2064 pulcherrimam
1041 1999 1106 2050 hano
1124 2005 1198 2063 atque
1215 1996 1378 2048 humerorum
1391 1997 1499 2046 omnium
1510 1995 1682 2046 sossisumam

333 2072 463 2121 sommum
481 2070 677 2133 amplectendum
697 2072 853 2120 concesserit.

420 2141 466 2190 His
484 2137 649 2206 similibusque
667 2141 791 2206 permultis
819 2143 845 2190 iu
862 2141 996 2206 Keplernm
1018 2140 1131 2191 laudibus
1150 2139 1280 2192 cumulatis
1306 2137 1440 2201 interponit
1456 2136 1603 2187 Horrocoius
1622 2135 1681 2188 inde

333 2227 349 2264 s
367 2213 443 2277 prlroo
462 2212 560 2262 exordio
578 2213 778 2278 Lansbergii
801 2227 931 2263 censuram
948 2212 1015 2262 hand
1032 2215 1113 2262 minus
1131 2226 1243 2277 gravem.
1262 2210 1335 2275 hujus
1353 2223 1446 2260 errores
1464 2223 1560 2270 semper
1578 2221 1680 2272 comps-

331 2299 390 2335 raus
409 2299 464 2334 cum
482 2283 585 2346 Keplori
602 2285 712 2340 meritis.
738 2299 789 2334 non
807 2285 921 2334 omittens
940 2283 1013 2340 elios.
1036 2297 1137 2348 qnorum
1155 2298 1245 2333 nomen
1263 2284 1288 2333 iu
1308 2281 1478 2332 astronomicis
1495 2279 1550 2342 plus
1567 2280 1700 2330 mlnusre'

331 2356 454 2406 inclaruit
491 2354 521 2404 Iu
540 2356 710 2419 comparandis
727 2371 749 2402 r.
770 2371 791 2408 o.
811 2357 980 2405 ustronomicie
997 2355 1171 2419 hypothesibus
1189 2355 1235 2419 ipsi
1253 2355 1379 2404 sentemis
1396 2359 1461 2402 sset:
1479 2357 1609 2408 „centrum
1628 2365 1681 2400 orn·

332 2428 399 2476 nium
417 2425 540 2476 mobilium
559 2433 597 2476 est
614 2427 692 2491 ipsum
711 2425 773 2476 Solis
792 2441 892 2490 corpus,
912 2427 966 2476 ions
983 2434 1080 2483 motus,
1098 2442 1147 2476 uon
1167 2434 1249 2478 autem
1267 2431 1385 2490 punctum
1403 2423 1503 2488 quodris
1520 2421 1682 2471 mathemati·

333 2512 388 2548 oum
406 2512 481 2561 prope
494 2495 585 2552 Solem,
604 2503 632 2545 ut
650 2511 777 2561 perperam
790 2503 903 2548 statuunt
915 2497 1072 2562 (iopemicus,
1090 2497 1212 2555 Brsheus,
1231 2497 1412 2562 Lausbergius;
1432 2496 1472 2558 qni
1491 2493 1588 2558 quidem
1601 2493 1681 2544 Lune-

334 2569 431 2634 bergius
449 2567 526 2617 multo
544 2569 623 2632 magis
643 2567 778 2632 culpandus
797 2577 843 2624 est,
857 2583 935 2634 qnam
953 2569 1037 2634 reliqui
1056 2569 1111 2626 duo,
1132 2584 1160 2618 eo
1179 2569 1242 2632 quod
1260 2568 1355 2618 rideret
1367 2567 1533 2615 doctissimum
1546 2563 1682 2628 Keplsrum

333 2641 440 2704 opinioni
457 2639 498 2690 isti
522 2639 694 2690 adversantem
718 2654 860 2705 summaque
882 2642 907 2690 si
930 2655 961 2692 sc
986 2640 1128 2690 firmissimis
1153 2640 1305 2704 argumentis
1331 2643 1532 2702 oppugnantem,
1559 2649 1607 2686 nee
1630 2637 1683 2699 ipse

332 2711 413 2762 locum
440 2712 513 2761 cessit
538 2711 664 2760 reritsti.“
682 2735 718 2746 -
752 2710 793 2761 Sic
817 2725 963 2777 comparans
981 2711 1088 2763 Tabulas
1107 2714 1284 2762 astronomicas
1302 2709 1437 2766 contendit,
1457 2709 1564 2772 priorum
1582 2707 1683 2763 ιαιιιιιι

334 2782 511 2848 longissimos
528 2782 631 2832 veruto
653 2783 748 2840 abesse,
777 2789 827 2834 tres
848 2790 945 2834 tanturn
963 2799 1030 2840 esse,
1056 2797 1156 2848 quorum
1183 2783 1284 2834 tabulse
1301 2779 1468 2846 respiciendos
1495 2781 1553 2842 sint,
1581 2779 1681 2844 Longo-

333 2859 485 2910 montanum,
505 2851 648 2915 Keplemm,
667 2853 853 2920 Lansborglum.
880 2855 951 2912 ,vie
970 2855 1056 2918 inquit,
1075 2853 1105 2904 de
1124 2854 1161 2904 his
1180 2856 1330 2904 sententiam
1350 2865 1432 2902 meam
1453 2852 1558 2901 breviter
1579 2849 1683 2900 audire?

334 2925 449 2990 Optimae
466 2933 524 2973 sunt
541 2921 784 2989 Rudolphiuae‚
813 2928 920 2990 proxime
938 2927 985 2976 illis
1001 2925 1124 2976 accedunt
1142 2925 1302 2982 Dacicus,
1322 2924 1478 2986 omniumque
1496 2926 1525 2972 nt
1542 2929 1684 2986 postremae

332 2999 370 3046 ita
387 2997 509 3059 pessimae
527 2995 804 3061 Lanshergianae.
842 2997 1122 3061 Longomontanos
1147 3011 1261 3047 numeros
1279 3011 1328 3045 non
1346 2995 1412 3045 male
1431 2993 1542 3056 ordinat,
1560 2993 1587 3044 in
1605 2993 1682 3056 hypo·

335 3067 445 3118 thesibus
463 3067 521 3116 solis
532 3073 629 3131 peccet,
649 3068 810 3131 Keplsrus
827 3075 957 3132 utrumqne
969 3069 1103 3118 rectissime
1115 3067 1185 3130 iecit,
1203 3066 1430 3132 Lensbsrgius
1442 3071 1563 3115 neutum.
1589 3063 1684 3114 Multos

293 3133 296 3140 ’
334 3153 426 3192 errores
444 3139 470 3187 in
488 3140 640 3188 umuomia
663 3139 764 3189 abstulit
782 3139 1016 3205 Lonpomontanus,
1044 3140 1118 3205 longe
1136 3141 1218 3204 plures
1235 3139 1371 3202 Keplsrus,
1394 3151 1455 3202 quos
1472 3149 1557 3186 omnes
1575 3137 1686 3186 rutimit

333 3210 508 3275 Lansberqius.
532 3209 645 3274 Denique
664 3212 838 3262 astronomism
857 3211 997 3263 emendarit
1014 3209 1241 3276 Loupomonttnns,
1258 3209 1362 3275 perieclt
1378 3209 1429 3260 iere
1446 3207 1579 3272 Keplsrus.
1597 3208 1684 3258 mism-

335 3283 395 3335 rime
412 3282 564 3344 perturbavit
581 3281 778 3347 Lsnshergius.“

424 3351 643 3418 Lensbergius
661 3355 686 3402 in
705 3351 915 3412 ..Urunometria“
935 3349 1111 3420 (Middelbnrpi
1132 3349 1212 3412 1631)
1229 3352 1312 3408 idem,
1329 3351 1393 3415 quod
1411 3351 1533 3416 Keplsrus
1556 3350 1584 3398 in
1602 3349 1684 3416 ..ilip-

333 3421 444 3488 psscho¹⁴
463 3438 506 3472 suo
526 3421 699 3487 perficiendum
717 3425 762 3474 sibi
776 3430 942 3489 proposuerat.
963 3426 1113 3490 aggreditur,
1132 3424 1196 3475 Solis
1208 3424 1302 3476 scilicet
1320 3430 1346 3474 et
1358 3423 1444 3474 Lunae
1464 3430 1489 3473 et
1501 3419 1593 3472 Terras
1610 3435 1683 3488 susp·
1702 3441 1707 3450 ·

335 3493 459 3544 nitodines
478 3499 504 3543 et
521 3493 654 3544 intervalla
672 3498 819 3561 geometrice
838 3496 1018 3554 demonstrare.
1047 3511 1104 3546 usus
1128 3495 1327 3562 ..diagrammate
1345 3491 1505 3559 Hipparchi-‘⁸
1543 3491 1684 3550 Concludit,

333 3565 403 3630 quasi
421 3579 448 3614 ss
466 3565 529 3615 bene
547 3564 670 3622 coniecta,
689 3565 727 3616 his
739 3567 829 3617 serbis:
842 3566 944 3630 Kepleri
962 3567 1109 3631 hypotheses
1122 3568 1200 3632 prima
1218 3565 1297 3616 ironte
1310 3565 1422 3616 ridentur
1439 3567 1566 3629 praestare
1585 3563 1684 3626 Tycho-

334 3637 413 3696 nlcis,
438 3649 467 3685 eo
490 3634 554 3700 quod
571 3635 705 3700 Hipparchi
724 3637 897 3703 diagrammata·
915 3639 1075 3702 respondente
1100 3639 1206 3703 penitius
1224 3644 1309 3688 tamem
1327 3638 1454 3701 inspectae
1472 3650 1521 3685 nou
1534 3636 1621 3684 minus
1640 3635 1684 3684 ab·

335 3707 425 3758 surdas
444 3719 499 3756 esse
517 3705 742 3770 deprehenduntnr,
760 3709 833 3774 'qnam
853 3709 1018 3772 Tychonicee.
1043 3711 1115 3760 Faclt
1133 3709 1197 3760 sulm
1215 3709 1337 3773 Keplsrus
1355 3709 1562 3758 semidiametrum
1581 3706 1686 3756 umbrae

335 3785 496 3843 apparentem
521 3779 548 3827 in
575 3781 681 3829 mensim
699 3781 786 3830 Lunae
810 3793 937 3844 spopaese
956 3777 1000 3828 ll‘
1019 3779 1085 3840 2²¹⁴,
1109 3787 1227 3845 putetque
1253 3781 1320 3831 hanc
1337 3781 1454 3830 venerem
1472 3791 1527 3828 esse
1546 3789 1591 3837 ss,
1610 3791 1687 3842 quam

338 3850 422 3913 'l'yoho
440 3851 467 3900 in
485 3848 615 3913 κιιριὶιιιι
633 3850 720 3902 Lunae
738 3852 922 3908 demonstrarit,
941 3849 992 3902 4³¹.
1030 3851 1079 3903 Sed
1097 3853 1168 3902 valde
1185 3852 1277 3904 fellitur
1295 3853 1408 3915 opinione
1425 3865 1480 3900 sus.
1510 3848 1563 3900 Nos
1582 3849 1684 3899 dnou-

337 3923 477 3978 strsbimus‚
496 3921 703 3974 semidiametrum
717 3923 818 3974 umbrae
830 3925 855 3973 iu
867 3925 973 3974 canoto
985 3923 1072 3976 Lunae
1090 3939 1218 3989 apogaeae
1236 3923 1317 3974 adhuc
1334 3924 1452 3974 minorem
1465 3935 1519 3974 esse
1532 3920 1684 3984 lyotcstca

408 3992 481 4043 Unde
499 3991 656 4046 menifestum
674 4001 726 4056 est,
758 3993 861 4059 Kepleri
885 3995 1031 4060 hypotheses
1050 4011 1098 4046 non
1120 3997 1200 4046 miuus
1217 3995 1329 4046 laborare
1345 3994 1408 4045 islso
1427 4001 1453 4044 et
1470 3991 1591 4050 absurdo,
1610 4005 1686 4057 quan

339 4064 500 4130 Tyohonicae
543 4063 615 4114 llaec
634 4071 659 4114 et
678 4065 738 4123 ulla.
762 4081 826 4132 quse
844 4065 1009 4132 Lansbergius
1027 4069 1052 4118 in
1071 4067 1279 4124 ..Ursnometria“
1298 4073 1385 4117 contre
1401 4065 1535 4130 Keplsrum
1552 4065 1686 4126 increpans

340 4135 422 4194 effert,
440 4133 646 4185 Horroccinm
664 4146 798 4196 moverunt,
816 4145 845 4188 nt
856 4137 923 4187 illam
937 4152 1055 4190 censurae
1067 4153 1127 4190 suae
1138 4138 1277 4202 subjiceret.
1296 4139 1403 4202 itemque
1421 4136 1610 4202 „diagramma”
1624 4133 1687 4184 illud

344 4217 376 4267 ad
395 4229 499 4266 examen
516 4222 651 4266 revocaret.
689 4215 814 4272 Summum
832 4220 992 4283 inquisitionis
1009 4234 1070 4271 snae
1087 4219 1125 4270 his
1143 4219 1324 4283 complectitur:
1355 4205 1385 4280 1)
1405 4209 1575 4282 hypotheses
1595 4209 1685 4263 Laus·

340 4288 432 4361 hergli
453 4305 506 4342 non
526 4289 627 4360 ubique
648 4287 700 4344 sihi
722 4299 858 4356 constant,
880 4295 928 4348 sed
948 4295 1083 4348 absurdae
1104 4297 1168 4348 sunt
1188 4310 1241 4348 non
1261 4293 1348 4348 miuus
1369 4308 1449 4364 quam
1470 4307 1541 4362 quse
1555 4290 1685 4354 maxime,

343 4369 466 4439 nihilque
486 4367 546 4422 sitii
572 4371 607 4423 ah
632 4369 693 4442 ipso
724 4371 752 4427 iu
772 4373 866 4445 quovis
889 4373 943 4427 slio
964 4381 1101 4444 repertum
1123 4379 1178 4435 est,
1201 4375 1270 4444 qnod
1291 4391 1343 4428 nou
1365 4371 1469 4428 insuia
1490 4371 1684 4446 etiomhypo-

343 4449 468 4505 thesibus
484 4448 647 4516 inreniatur,
669 4468 702 4508 ac
722 4453 833 4522 proinde
854 4452 914 4524 ipse
935 4455 1121 4527 Luusbergius
1142 4453 1257 4508 solidam
1277 4451 1483 4526 diagrammatis
1504 4451 1684 4526 Hipparchici

343 4529 470 4584 notititsm
490 4547 545 4584 non
569 4529 675 4590 hahuit.
718 4528 750 4602 2)
771 4534 856 4590 Nemo
882 4542 926 4588 est
947 4541 1174 4598 astronomorum,
1196 4529 1263 4606 quos
1284 4535 1332 4588 ille
1352 4539 1485 4596 recenset
1506 4533 1552 4604 qui
1573 4552 1627 4590 uon
1648 4550 1686 4587 ea
1709 4557 1715 4563 ·

344 4609 435 4665 omnia
464 4609 592 4676 sciverit,
621 4629 691 4682 quae
711 4631 760 4668 nos
782 4613 830 4668 ille
852 4614 954 4678 docuit;
984 4615 1123 4686 Keplsrus
1150 4621 1241 4670 auteur
1270 4614 1345 4670 solus
1367 4615 1574 4688 degrsmnotis
1598 4615 1682 4686 hstjus

345 4689 496 4761 perlectam
526 4689 738 4766 intelligentiam
763 4693 870 4748 hahuit.
913 4687 944 4763 3)
966 4695 1143 4766 Hypothesea
1163 4693 1212 4761 L..
1238 4695 1292 4750 etei
1320 4695 1372 4750 sibi
1393 4695 1594 4764 consentirent,
1620 4702 1686 4751 suut

344 4777 439 4834 usses
460 4769 578 4850 omnium
597 4773 715 4836 moximo
735 4775 812 4834 coelo
833 4772 1033 4842 dissentaneum
1054 4775 1243 4852 Keplerisuae
1263 4775 1428 4836 iuomuibus
1441 4776 1553 4834 veritati
1572 4774 1691 4853 propio,
