3558 5538
701 265 741 362 ιο
763 309 843 364 nn·-
944 275 948 284 ’
1095 270 1101 286 ’
1377 255 1442 378 err

103 486 219 551 induxit
241 487 302 548 vim
325 487 457 570 epinyclo
481 487 600 561 afferre,
625 486 664 548 ad
686 487 859 566 parallaxes
888 488 1150 552 examinandas
1126 509 1242 554 srucera
1266 488 1364 552 auimo
1387 509 1441 554 ac·

101 576 204 651 cessit,
228 575 431 658 invenitque'
423 597 452 638 ιιι
477 575 665 656 quadraturis
689 594 745 638 nou
770 593 837 638 esse
868 579 1010 658 maimem
1041 579 1173 662 epicyclo
1205 578 1441 660 amplitudinem,

100 663 188 746 quam
213 661 233 728 6
257 664 545 728 semidiametrorum
560 667 681 728 Terrae.
721 665 895 746 cujusmodi
920 667 1036 769 quidem
1061 669 1224 748 amplitudo
1247 687 1305 731 non
1328 668 1442 749 patitur

1 801 2 804 ,
99 754 311 836 aequationem
334 755 372 816 ad
393 751 434 818 3⁰
457 773 644 848 excrescere,
677 774 744 818 cum
767 755 897 817 maxima
919 757 950 818 iu
973 757 1164 839 quadraturis
1198 757 1337 840 aequatio
1361 749 1443 840 7¹),⁰

97 845 244 925 postulet.
282 844 420 923 Itaqne'
407 839 471 923 Jam
486 851 518 904 et
533 843 563 905 iu
579 844 665 905 Luna
681 853 788 905 natura
810 845 895 906 nobis
910 853 1116 948 argumentum
1136 847 1315 910 monstravit
1333 865 1443 908 causae

1 983 2 1016 ι
99 933 243 1016 physicae
267 931 510 1007 introducendae,
535 945 593 995 nun
615 933 712 994 miuus
736 951 823 1014 quarn
847 934 929 1013 prius
952 935 980 997 iu
997 934 1093 998 tribus
1115 936 1325 1018 superioribus.
1356 933 1442 1006 Quo-

98 1023 189 1086 modo
212 1021 275 1084 id'
267 1041 296 1083 ru
322 1021 438 1084 theoria
461 1021 543 1085 Solis
567 1040 681 1104 quoque
704 1021 860 1104 probetur,
888 1023 999 1103 partim
1023 1023 1096 1106 Cap.
1120 1026 1161 1090 ll.
1186 1026 1307 1094 dictum,
1331 1024 1382 1087 ubi
1405 1024 1443 1087 de

1 1165 2 1172 ,
98 1119 268 1194 apparente
283 1109 365 1175 Solis
389 1111 536 1174 diametro
560 1112 732 1192 agebamus,
755 1113 864 1191 partim
883 1113 1078 1178 differendum
1092 1123 1141 1178 est
1155 1115 1185 1176 in
1200 1123 1317 1194 partem
1340 1121 1443 1178 astro-

97 1202 218 1264 ncmiae
246 1201 417 1283 physicam,
450 1221 539 1282 qnam
566 1221 625 1262 nna
651 1219 721 1262 cum
753 1202 1007 1264 demonstratione
1038 1211 1170 1288 motuum
1203 1205 1310 1271 stellae
1333 1203 1443 1266 Martis

95 1293 196 1374 primo
220 1309 336 1372 quoque
359 1297 492 1372 tempore
516 1289 582 1351 Deo
606 1290 699 1352 vitam
723 1297 754 1352 et
776 1291 856 1352 vires
878 1291 1058 1372 largiente
1049 1312 1079 1353 ru
1103 1292 1200 1356 lucem
1222 1292 1328 1368 dabo,-
1345 1292 1442 1354 hauc-

97 1400 157 1462 que
188 1377 388 1462 inaequalium
420 1386 551 1441 motuum
585 1397 706 1442 causam
723 1377 888 1461 physicam
919 1381 1084 1447 luculenter
1113 1389 1145 1444 et
1175 1377 1292 1462 legibus
1324 1380 1443 1464 quidem

96 1467 299 1551 geometricis,
324 1489 361 1531 ue
384 1489 443 1551 qua
464 1477 581 1530 metuas
605 1469 734 1542 calculo,
760 1469 906 1532 tractabo.
954 1471 988 1533 ln
1011 1471 1184 1550 praesentia
1204 1479 1321 1534 tantum
1344 1471 1443 1534 dicere

97 1558 202 1632 volui,
231 1566 350 1620 veteres
382 1558 463 1621 circa
494 1558 657 1619 diametros
686 1557 874 1622 luminarium
903 1566 993 1641 atque
1022 1559 1117 1641 ipsius
1143 1560 1266 1624 umbrae
1288 1560 1320 1623 in
1343 1578 1443 1623 errore

98 1665 171 1710 esse
205 1647 242 1710 ob
274 1646 442 1727 neglectam
475 1647 552 1710 baua
590 1647 745 1728 physicam
777 1665 900 1710 cansam
935 1648 1080 1728 nimisque
1113 1657 1232 1713 auctum
1267 1649 1441 1732 epinyclum.

97 1737 229 1818 Jamque
254 1744 286 1808 et
308 1735 473 1800 Ptolemaei
506 1735 677 1799 methodum
700 1743 828 1818 atquae
852 1737 882 1800 iu
905 1736 959 1798 illa
981 1747 1122 1820 suspecta
1152 1740 1213 1803 siut
1241 1739 1303 1802 lere
1336 1747 1441 1800 tenes:

1 1889 2 1896 ,
99 1833 241 1907 superest
263 1831 297 1888 ut
318 1826 357 1890 ad
380 1825 468 1908 hujus
491 1843 607 1908 quoque
629 1825 725 1888 libelli
748 1825 920 1888 methodum
943 1828 1093 1890 accedam.

568 2021 624 2084 De
661 2040 743 2084 mea
779 2022 978 2086 Methnde.

1 2255 2 2260 ἵ
192 2183 346 2264 Ingenium
375 2182 430 2244 tibi
459 2181 555 2248 lector
585 2182 750 2246 traditurus
781 2201 865 2246 eram
897 2184 1074 2266 cqutexendi
1104 2184 1203 2264 operis
1234 2184 1323 2260 talis,
1355 2184 1443 2266 quale

1 2267 2 2354 J
100 2274 295 2337 Ptolemaeus
318 2271 453 2354 appellat
465 2273 588 2350 papales
602 2270 745 2345 συηιξιι,
772 2291 846 2352 opus
862 2273 959 2355 ipsum
977 2273 1084 2353 majori
1102 2281 1211 2336 conatu
1234 2291 1442 2354 aggressurus.

1 2363 3 2399 r
101 2365 202 2444 Leges
222 2363 317 2443 igitur
339 2363 526 2424 theoremata
548 2369 580 2423 et
601 2362 788 2442 problemata
818 2363 1017 2424 exstruendae
1047 2381 1085 2424 ex
1108 2362 1270 2442 eclipsibus
1302 2369 1443 2425 astrono-

1 2525 2 2532 χ
99 2453 198 2526 miae3
229 2469 337 2531 sparsa
355 2450 412 2514 illa
434 2469 489 2512 uec
511 2450 600 2530 plane
624 2452 834 2527 cohaerentia,
859 2451 913 2514 sed
935 2450 1155 2515 conditionibus
1187 2451 1288 2533 aliqua
1315 2451 1444 2524 circuiu-

1 2549 2 2562 ’
99 2540 337 2622 scripta.··sed
359 2549 477 2614 tameu,
507 2539 553 2601 uti
575 2541 724 2621 quondam
747 2541 902 2604 Daedalus
931 2561 1015 2625 suam
1040 2541 1207 2609 Venerem,
1232 2540 1276 2603 sic
1298 2559 1354 2622 ego
1377 2559 1445 2602 mea

97 2631 292 2713 problemata
314 2637 420 2710 eaptus
443 2647 544 2691 amore
567 2630 777 2710 descriptionis
800 2649 909 2710 magua
932 2637 1079 2712 exparte
1102 2629 1235 2693 animata
1262 2629 1387 2706 reddidi,
1411 2637 1446 2692 ιιι

1 2799 2 2802 ¹
98 2737 243 2800 maguam
266 2727 381 2799 partem
404 2717 504 2798 operis
528 2719 765 2799 amplectentum
789 2719 820 2780 iu
842 2720 948 2800 quibus
970 2720 1142 2783 methodum
1163 2719 1242 2782 banc
1263 2719 1399 2783 ιιοιιιιιι

1 2889 2 2892 ¹
193 2808 326 2871 Primum
350 2808 528 2881 ostenditur,
552 2816 665 2961 quauta
687 2807 729 2868 sit
750 2825 900 2888 apparens
923 2808 1068 2870 diameter
1086 2808 1168 2873 Solis
1187 2808 1317 2871 adhaec
1340 2815 1445 2872 ιιιιιι

1 2907 2 2988 ]
98 2873 249 2979 tempora

194 2986 332 3050 Secundo
356 2985 481 3046 eandem
504 3003 606 3048 curam
628 2987 659 3048 iu
678 2987 857 3048 diametrum
874 2985 978 3048 Lunae
1001 2991 1194 3066 apparentem
1217 2982 1442 3070 transferemus
1568 3012 1573 3024 ·

192 3076 295 3139 Tertio
319 3074 520 3144 necessarium
544 3075 602 3138 erit
624 3075 796 3155 explanare,
820 3080 961 3158 quantum
984 3091 1125 3136 accessus
1140 3082 1180 3134 ιι
1201 3091 1338 3135 recessus
1361 3071 1444 3136 Solis

97 3167 239 3231 umbram
262 3167 372 3227 Terrae
397 3163 503 3238 variet,
527 3173 560 3225 ut
582 3173 695 3227 certum
718 3164 768 3236 sit,
791 3162 966 3225 insensibile
990 3161 1141 3244 quippiam
1164 3161 1194 3224 id
1217 3179 1294 3223 esse.

195 3255 312 3327 Quarto
347 3253 514 3316 latitudiuis
548 3254 718 3334 angulum
709 3273 740 3314 ru
763 3251 837 3331 ipsis
868 3251 1107 3332 oppositionibus
1135 3257 1167 3312 et
1188 3249 1443 3330 conjunctionibus

1 3345 2 3374 ³
100 3344 256 3426 eclipticis
279 3343 502 3406 constituemus.

196 3432 309 3584 Quiupp
331 3441 443 3495 motum
466 3431 636 3494 latitudiuis
659 3439 690 3493 et
704 3431 819 3512 ipsam
824 3428 1010 3493 latitudinem
1033 3431 1119 3492 novis
1134 3428 1326 3510 problematis
1343 3426 1443 3510 iuqui-

101 3543 175 3588 rere
199 3525 272 3586 doce
293 3541 380 3584 rmus

197 3612 302 3677 Sexto
347 3611 425 3673 Hinc
448 3609 592 3673 diameter
618 3607 775 3704 prubrae'
767 3627 796 3669 ru
821 3607 912 3670 certis
941 3609 1015 3671 locis
1043 3609 1208 3684 anomaliae
1231 3609 1334 3670 Lunae
1357 3623 1443 3668 men·
1547 3677 1551 3694 ἱ

103 3701 331 3870 surablSteupllime
354 3787 526 3869 parallaxes
550 3793 583 3848 et
605 3786 782 3850 altitudines
805 3785 908 3848 Lunae
931 3806 950 3848 ι
972 3787 1066 3848 Terra
1087 3785 1169 3847 varie
1192 3785 1385 3866 inquirantur.
1445 3769 1453 3775 ⁸

198 3878 327 3955 Octavo,
351 3877 418 3938 hinc
442 3874 659 3938 examinabitur
682 3875 836 3956 proportio
859 3893 1023 3954 corporum.

197 3969 295 4046 Nouo,
319 3967 387 4029 biuc
406 3975 518 4028 motum
542 3963 693 4028 horarium
715 3964 887 4027 docebimus
909 3963 1050 4039 iuvenire,
1074 3981 1130 4044 quo
1155 3963 1321 4025 rectissime
1346 3961 1443 4043 hypa-

8 4099 13 4106 ·
102 4061 212 4124 theses
234 4057 359 4120 aliorum
382 4055 596 4116 examinentur.

197 4145 330 4220 Decimo,
355 4163 431 4228 quae
453 4143 526 4206 hius
546 4143 619 4204 ad'
611 4161 707 4222 rpsam
730 4145 757 4214 b
783 4140 959 4224 hypothesin
991 4143 1029 4204 ad
1052 4141 1197 4204 theoriam
1221 4137 1278 4217 Θ,
1307 4140 1346 4202 ad
1368 4157 1443 4220 geu-

102 4237 266 4320 graphiam
288 4236 343 4298 luo.
367 4233 542 4308 redundent,
566 4233 662 4296 obiter
684 4230 902 4294 iudicabuntur.

197 4326 344 4406 Pleraque
367 4341 405 4384 ex
433 4321 616 4403 simplicibus
650 4329 682 4384 et
704 4321 792 4383 facile
823 4320 1073 4424 comparabilibus
1104 4316 1380 4391 observationibus,
1410 4325 1445 4380 ut

26 4409 30 4414 ’
103 4414 271 4480 identidem
295 4414 363 4475 aliis
387 4411 531 4490 exemplis
549 4410 685 4474 reiterari
704 4417 735 4470 et
750 4411 951 4480 communiora
968 4409 1031 4472 fleri
1053 4409 1180 4490 possint,
1204 4407 1254 4488 qui
1266 4406 1443 4489 praecipuus

102 4506 199 4586 hujus
221 4503 316 4566 libelli
338 4501 406 4571 finis
430 4508 486 4562 ast.
