3680 5538
731 315 813 372 uene
831 315 944 412 nona.
1376 385 1385 400 ‚
1443 293 1508 374 iti

168 497 253 556 allinit
271 501 298 554 A
318 515 400 572 quarn
420 497 449 564 G,
471 497 550 572 idque
570 497 598 555 in
618 498 794 572 proportione
816 517 863 564 ea,
893 517 947 572 qua
973 495 1101 556 dividitur
1119 495 1182 563 AG,
1205 493 1266 553 axis
1286 489 1411 560 virtutis,
1442 507 1507 565 per·

168 581 335 653 pendiculari
355 581 413 636 BD.
454 581 579 652 Denique
609 581 632 635 si
658 581 808 637 versorium
828 581 913 636 sitin
935 582 968 645 G,
996 585 1072 636 totus
1102 579 1164 634 axis
1186 585 1245 633 stat
1270 578 1306 632 ab
1330 592 1386 630 una
1415 581 1505 646 parts,

167 661 232 716 nihil
252 663 289 716 ab
310 661 402 716 alters
421 667 508 730 parte.
551 663 617 716 Gum
637 680 705 736 ergo
730 661 799 716 nihil
826 662 901 717 absit
920 679 939 716 s
958 663 1022 732 polo
1044 662 1079 724 G,
1102 659 1228 716 totaliter
1248 675 1267 713 a
1287 658 1307 713 C
1328 655 1455 728 dirigitur
1475 661 1506 710 et

166 742 263 806 unitur,
286 741 353 796 nihil
373 741 491 796 iaoiente
511 743 575 812 polo
589 747 624 807 A,
646 743 711 814 quia
731 743 809 796 nulla
828 748 872 798 eat
892 742 1031 812 proportio
1052 739 1207 796 remotionis
1229 739 1286 810 poli
1300 743 1326 793 A
1347 754 1365 791 a
1384 736 1505 792 versorio

167 823 193 876 in
212 822 233 877 (l
253 823 288 876 ad
316 821 469 892 plenarium
496 829 653 878 oontaotum
672 823 729 894 poli
750 822 780 877 (l.
821 825 866 878 lta
891 839 977 876 eausa
1002 827 1094 893 patet,
1125 831 1173 875 our
1193 819 1267 874 sinus
1297 817 1446 872 distantiae
1468 817 1504 870 ab

167 910 323 974 aequatore,
346 901 391 972 qui
411 901 455 956 bie
474 909 519 956 est
539 904 597 967 BD,
619 905 727 960 alludat
747 905 781 957 ad
802 919 964 958 mensuram.
992 901 1078 958 Simul
1098 901 1182 956 etiam
1203 917 1287 954 eausa
1308 905 1436 969 apparet,
1457 914 1506 951 our

166 989 220 1038 tam
239 982 391 1053 propinque
419 981 552 1038 eoinoidat
580 990 696 1055 uterque
721 984 823 1038 modus.
864 985 934 1038 Nem
955 983 1020 1054 quia
1039 983 1089 1037 BD
1110 980 1343 1053 perpendionlaris
1364 985 1425 1042 est,
1452 976 1506 1032 erit

166 1079 231 1135 ergo
251 1069 284 1116 nt
305 1063 352 1116 GD
374 1064 408 1116 ad
429 1063 479 1117 BD
500 1065 539 1117 sio
558 1065 609 1119 BD
624 1067 657 1119 ad
672 1067 733 1128 DA,
755 1070 785 1118 et
804 1081 863 1118 oum
884 1063 940 1118 sint
959 1064 1102 1136 triangula
1122 1060 1221 1116 similia
1247 1062 1402 1132 (aequealta)
1434 1058 1505 1112 CDB

164 1151 193 1198 et
212 1143 296 1206 BDA,
318 1143 371 1196 erit
390 1150 423 1196 ut
443 1143 490 1198 OD
511 1145 545 1198 ad
564 1146 616 1198 DA
637 1145 676 1200 sio
696 1160 763 1199 area
782 1145 853 1199 CDB
874 1146 908 1199 ad
929 1161 1021 1201 aream
1041 1145 1126 1200 BDA.
1158 1143 1221 1197 Jam
1240 1159 1327 1213 parvo
1348 1139 1421 1195 BGD
1441 1154 1506 1209 par-

163 1241 223 1278 rum
245 1229 417 1295 segmentum
436 1224 509 1278 BCG
530 1226 651 1288 aeoedit,
677 1231 707 1286 et
727 1241 828 1297 magno
849 1226 925 1280 BAD
946 1241 1075 1296 maguum
1096 1228 1267 1296 segmentum
1287 1222 1373 1285 ΒΕΔ,
1395 1226 1428 1275 ut
1447 1219 1506 1272 iere

163 1305 199 1358 sit
217 1303 317 1358 ADBF
338 1319 406 1357 area
426 1305 460 1358 ad
481 1305 594 1370 CDBG,
616 1312 648 1360 ut
668 1308 719 1360 AD
749 1307 824 1361 linea
843 1308 877 1360 od
899 1307 946 1360 cl)
966 1305 1075 1361 lineam.
1115 1305 1194 1360 Prius
1223 1309 1315 1358 autem
1346 1319 1397 1373 per
1426 1315 1507 1354 areas

164 1380 271 1454 (earum
292 1379 390 1454 dupla)
413 1386 561 1455 operabar,
592 1387 637 1442 bio
657 1403 708 1457 per
726 1386 814 1442 lineas
835 1403 893 1441 sum
921 1392 1061 1456 operatus.
1103 1385 1222 1457 Cumque
1248 1383 1403 1456 quantitas,
1425 1395 1506 1453 quam

161 1464 254 1536 prodit
274 1463 423 1529 (lilbertus,
445 1464 506 1520 loeo
536 1467 623 1521 medio
643 1474 782 1534 versetur,
811 1483 917 1522 rursum
941 1473 986 1522 est
1010 1465 1147 1532 eredibile‚
1178 1463 1328 1519 ooinoidere
1349 1463 1425 1517 illam
1445 1477 1507 1514 oum

161 1546 297 1600 alterutro
317 1545 413 1599 horum
434 1547 580 1601 modorum.
623 1548 700 1610 Quod
728 1555 820 1603 autern
840 1549 875 1602 ad
895 1555 997 1603 motum
1017 1547 1134 1602 Telluris
1160 1545 1276 1610 attinet,
1298 1543 1379 1600 laeile
1399 1540 1506 1614 poteris

161 1625 296 1697 negitare,
318 1641 486 1696 magnopere
507 1643 549 1680 me
569 1629 756 1697 probaturum,
779 1645 849 1699 quae
867 1628 915 1684 ille
929 1624 990 1695 (lib.
1006 1625 1067 1694 VI.)
1085 1629 1123 1682 'ad
1137 1617 1352 1696 Copernioanam
1371 1623 1506 1678 rationem

161 1705 355 1760 stabiliendam
376 1706 464 1770 affert
486 1723 546 1760 oum
567 1708 769 1778 Copernioanus
790 1709 897 1778 etipse
919 1709 976 1766 sira.
1007 1707 1096 1762 Velim
1118 1713 1210 1761 minen
1231 1707 1393 1777 perpendas,
1416 1703 1505 1774 ipsum

162 1785 390 1856 probabilitatem
412 1787 511 1840 saltem
531 1789 661 1856 profiteri.
702 1791 780 1844 Haeo
799 1789 871 1844 enirn
897 1789 962 1844 iere'
982 1794 1025 1842 est
1054 1787 1114 1857 ejus
1143 1786 1335 1842 ratiooinatio:
1366 1785 1467 1840 ferrum
1487 1799 1507 1836 a

162 1871 303 1938 magnete,
326 1882 440 1936 magnes
462 1883 480 1919 a
500 1868 610 1922 Tellure
639 1875 763 1923 movetur
783 1869 884 1924 rinute
906 1869 1000 1940 aliqua
1020 1885 1101 1940 quam
1127 1865 1250 1938 proxime
1271 1865 1420 1936 corporali,
1443 1863 1509 1937 quia

161 1941 344 2001 dimensiones
366 1946 468 2017 accipit
487 1964 641 2018 oorporeas.
683 1949 782 2012 Quidni
802 1967 869 2021 ergo
889 1955 920 2003 et
939 1949 1033 2004 Tellus
1054 1949 1117 2019 ipsa
1138 1947 1240 2003 moveri
1260 1946 1348 2018 possit
1368 1962 1386 2000 a
1405 1945 1509 2000 virtute

161 2026 301 2081 animali?
331 2027 414 2090 item,
437 2033 648 2084 consentaneum
669 2037 727 2094 est,
750 2030 775 2084 id
796 2029 898 2084 moveri
918 2032 989 2101 quod
1018 2029 1159 2084 naturalia
1178 2029 1265 2082 habet
1285 2033 1373 2082 motus
1395 2025 1511 2080 oircnla·

159 2113 262 2171 menta,
287 2124 341 2162 uon
360 2105 532 2179 imagineris.
560 2110 646 2164 Terra
665 2111 753 2166 babet
772 2111 852 2180 polos
872 2110 1023 2174 naturales,
1045 2127 1125 2164 axem
1145 2108 1309 2172 naturalem,
1332 2113 1510 2178 aequatorem

137 2202 140 2211 ‘
160 2187 319 2242 naturalem
341 2193 371 2240 et
390 2187 492 2242 virtute
512 2189 635 2244 naturali
656 2190 790 2261 palpabili
811 2192 977 2261 pollentem:
1004 2197 1034 2245 et
1054 2192 1124 2245 haee
1145 2192 1180 2244 ad
1200 2196 1301 2244 motum
1324 2188 1510 2260 requiruntur.

159 2270 236 2340 Ergo
260 2273 476 2322 cousentaneum
497 2275 549 2332 est,
571 2271 683 2326 Terram
704 2271 813 2326 moveri.
840 2272 902 2325 Jsm
915 2272 949 2325 de
970 2271 1086 2342 singulis
1101 2267 1202 2326 Terrae
1222 2270 1339 2324 motibus
1360 2286 1390 2322 se
1410 2270 1510 2322 dextre

160 2347 299 2418 explieat.
340 2347 369 2402 si
390 2348 451 2402 axis
472 2350 573 2404 Terrae
593 2357 725 2422 vergeret
749 2367 857 2422 semper
878 2354 912 2406 od
933 2354 1043 2407 easdem
1063 2353 1147 2414 fixas,
1170 2351 1242 2405 oredi
1262 2349 1365 2420 possit,
1386 2346 1509 2404 eonverti

159 2431 194 2484 ad
216 2427 325 2499 aliquid
346 2427 399 2482 sibi
419 2428 515 2494 simile,
537 2435 569 2483 ut
582 2438 677 2485 noster
697 2449 812 2504 magnes
833 2434 867 2486 ad
888 2432 1089 2504 septentriones
1110 2431 1228 2486 vertitur
1248 2429 1306 2484 sine
1328 2429 1426 2492 anima,
1449 2428 1512 2482 sola

159 2507 285 2564 naturali
307 2508 437 2562 unitionis
458 2509 602 2566 laenitate.
643 2511 696 2566 Sed
717 2512 782 2584 quia
801 2511 938 2583 paulatim
962 2512 1092 2584 relinquit
1118 2513 1188 2567 dxas
1215 2516 1357 2582 respectus
1379 2507 1510 2564 illeaxis

151 2591 267 2644 Terrae
290 2587 454 2659 moliturque
477 2589 527 2652 sibi
548 2590 622 2646 riam
641 2591 715 2646 eirea
733 2594 812 2663 polos
833 2592 977 2663 eoliptieae
998 2593 1025 2646 in
1046 2592 1147 2648 eireulo
1167 2592 1275 2654 minori,
1299 2591 1361 2645 bino
1380 2595 1508 2660 apparet,

157 2687 213 2724 non
233 2675 336 2739 paries
358 2669 428 2723 eoeli
448 2669 566 2742 dirigere
589 2687 669 2726 axem
689 2673 807 2736 Terrae,
829 2675 876 2728 sed
898 2673 1015 2728 animam
1036 2673 1156 2745 aliquam
1177 2673 1204 2728 in
1224 2672 1287 2743 ipss
1306 2673 1409 2733 Terra;
1437 2669 1509 2725 alias

158 2766 271 2820 semper
294 2751 389 2802 eodem
409 2757 547 2822 vergeret.
578 2751 616 2806 Et
636 2752 680 2806 bio
700 2761 841 2823 respectus
863 2753 985 2822 ejusdem
1007 2753 1100 2826 punoti
1121 2756 1171 2809 sub
1191 2753 1254 2808 lixis
1277 2751 1419 2806 ooutinuus
1440 2751 1510 2806 diem
1589 2749 1594 2762 '
1638 2748 1644 2765 “

156 2835 324 2902 mesenque
339 2837 369 2883 et
383 2847 432 2899 per
452 2847 545 2886 omnes
566 2831 631 2886 anni
651 2837 747 2902 partes
764 2833 826 2899 (nisi
841 2841 976 2904 quatenus
996 2834 1150 2890 tardissime
1164 2832 1287 2888 nonnihil
1308 2825 1509 2901 transponitur)

156 2911 258 2965 dicitur
274 2927 296 2964 a
311 2909 460 2980 Cepernioo
475 2911 574 2965 tertius
588 2918 676 2966 motus
691 2913 817 2978 Telluris,
833 2930 912 2985 quern
926 2913 1188 2969 inclinationem
1209 2911 1350 2982 appellatr
1372 2912 1509 2980 superfluo

153 2990 266 3047 nomine
290 2997 322 3044 et
336 2992 406 3060 quod
420 3007 477 3045 rem
498 2991 587 3061 ipsam
607 2993 744 3056 oooultet;
764 3000 797 3047 ut
811 2993 929 3048 noreiam
944 3010 980 3049 an
994 2993 1159 3064 Cepernieus
1180 2995 1240 3063 ipse
1258 2991 1312 3045 rim
1333 3007 1401 3044 suae
1421 2991 1508 3060 hypo-

155 3073 273 3126 theseos
300 3072 398 3124 dextre
419 3070 599 3126 intellexerit.

245 3152 380 3205 Ceterum
401 3150 525 3206 diurnum
539 3151 641 3207 Terrae
654 3158 757 3208 motum
772 3153 894 3209 omnibus
911 3153 1043 3210 maehinis
1065 3151 1191 3216 adstruit,
1213 3155 1247 3206 de
1261 3167 1351 3206 annuo
1368 3149 1512 3220 suspendit

151 3231 346 3286 sententiam:
379 3231 451 3286 forte
481 3231 546 3303 quia
575 3239 745 3288 astronomus
766 3252 820 3288 non
849 3239 909 3289 est:
937 3234 1023 3299 alias,
1054 3233 1076 3288 si
1097 3235 1167 3288 bene
1188 3233 1251 3288 novi
1272 3231 1333 3300 ejus
1361 3229 1509 3304 ingenium,

155 3311 298 3367 mordious
321 3311 422 3366 finisset
442 3318 603 3382 arrepturus
623 3320 653 3369 et
672 3314 753 3370 huno.

243 3409 476 3465 Praeeessionem
505 3409 737 3482 aequinoctiorum
767 3429 880 3484 eamque
910 3411 1081 3484 inaequalem
1108 3417 1138 3466 et
1163 3409 1334 3482 obliquitatis
1364 3407 1509 3479 eoliptioas

149 3490 353 3554 variationem,
376 3490 417 3545 uti
437 3505 489 3561 par
509 3498 560 3554 est,
582 3493 618 3546 ab
639 3509 694 3547 axe
708 3493 810 3549 Terrae
832 3492 974 3564 suspendit
993 3511 1044 3546 neo
1062 3493 1134 3547 male
1155 3491 1292 3562 componit
1311 3505 1417 3546 omnem
1437 3489 1510 3544 bano

148 3571 328 3626 varietatem
348 3569 376 3624 in
397 3570 477 3624 lineis
499 3571 638 3626 tortuosis.
1216 3571 1221 3590 ¹

243 3653 293 3704 Ad
316 3667 378 3720 oap.
401 3643 427 3707 2.
448 3650 497 3705 lib.
519 3653 564 3706 Vl.
586 3653 660 3706 addo·
677 3653 836 3707 oonffltandi
856 3652 938 3708 studii
959 3669 1051 3718 eausa,
1067 3651 1315 3724 Regdomontanum
1328 3651 1356 3706 in
1370 3650 1507 3722 Torquato

147 3734 273 3804 prodere
298 3731 352 3784 alt.
374 3730 432 3800 poli
445 3731 548 3786 Rornae
570 3728 623 3789 42⁰
645 3728 682 3798 ι’,
705 3733 787 3788 aliter
807 3727 861 3788 42⁰
881 3729 918 3790 8‘.
946 3734 1111 3804 Exemplum
1125 3733 1266 3803 Progense
1281 3739 1378 3788 eontra
1390 3731 1508 3786 Mariam

147 3813 226 3884 prius
250 3809 351 3866 attrrll.
381 3811 480 3881 capite
500 3809 527 3868 6.
548 3812 596 3871 lib.
617 3814 664 3869 Vl.
685 3813 817 3884 ejusmodi
837 3815 927 3870 verbis
948 3813 1042 3878 utitur,
1063 3821 1097 3869 ut
1117 3819 1209 3884 optem
1228 3813 1293 3868 mibi
1317 3814 1387 3877 alas,
1410 3811 1507 3882 quibus

146 3893 174 3947 in
195 3891 341 3964 Angliam
363 3893 398 3944 ad
419 3891 610 3950 eonferendum
637 3911 698 3948 oum
717 3894 766 3948 illo
793 3900 973 3966 transporter.
1013 3897 1110 3965 (comp.
1128 3901 1185 3951 Vol.
1204 3899 1245 3958 11,
1263 3915 1287 3964 p.
1307 3897 1382 3963 iti.)
1420 3891 1508 3946 Plane

145 3974 247 4030 iisdem
271 3989 333 4044 ego
354 3969 494 4042 prineipiie
514 3989 606 4029 omnes
626 3976 801 4045 planetarum
822 3982 911 4031 motus
936 3973 1115 4030 demonstrari
1135 3991 1217 4044 posse
1237 3979 1313 4044 puto.
1348 3972 1434 4027 Dolet
1453 3989 1508 4026 uon

146 4053 349 4115 medioeriter,
378 4069 431 4106 uon
460 4053 562 4108 leotnm
582 4054 622 4108 illi
644 4071 705 4108 esso
726 4071 814 4110 meum
842 4055 968 4111 libellum
987 4071 1036 4109 seu
1055 4054 1218 4126 Mysterium
1240 4045 1518 4124 eoemogrophieun!

148 4133 263 4207 Capitis
287 4130 320 4187 7.
349 4129 451 4186 similia
474 4132 538 4187 olim
567 4138 603 4189 ad
622 4135 660 4190 ld.
681 4133 712 4189 T.
734 4135 847 4190 Grastio
877 4135 1033 4208 persoripsi.
1081 4139 1177 4206 (Gomp.
1205 4141 1252 4191 vol.
1274 4139 1315 4198 11,
1341 4155 1366 4204 p.
1387 4135 1439 4187 812
1460 4136 1507 4200 rr.)

145 4217 227 4279 Quae
251 4217 414 4284 sequuntur
434 4213 502 4284 Gap.
522 4207 549 4268 8.
572 4210 599 4271 9.
620 4216 653 4268 de
673 4215 859 4285 possibilitate
889 4223 954 4271 sunt
981 4215 1176 4287 intelligenda,
1204 4232 1258 4269 non
1279 4216 1312 4267 de
1333 4211 1507 4270 neeessitate.

145 4295 252 4368 Capite
275 4291 381 4347 ultimo
410 4293 541 4359 ostendit,
574 4295 684 4366 qualem
702 4295 776 4349 riam
804 4297 958 4352 deseribere
986 4298 1087 4351 debeat
1106 4295 1168 4350 axis
1189 4295 1290 4351 Terrae
1316 4291 1445 4357 dinatio,
1475 4297 1508 4347 ut

145 4376 297 4432 effioiatrrr
319 4372 387 4427 talis
408 4373 546 4429 anomalia
565 4375 764 4446 praesessionis
785 4383 815 4432 et
835 4377 1015 4450 obliquitatis,
1038 4377 1146 4449 qualem
1166 4376 1244 4447 ponit
1265 4372 1438 4444 Copemious.
1468 4374 1509 4428 Aa

86 4504 91 4520 ‚
145 4475 200 4512 nee
221 4455 322 4528 ipsius
339 4469 390 4507 ueo
404 4453 546 4525 Copernioi
566 4461 624 4510 tam
645 4455 766 4526 operosis
787 4457 1020 4529 sperulationibus
1041 4475 1109 4528 opus
1124 4475 1184 4512 esse
1199 4455 1314 4518 videtur,
1336 4455 1407 4526 qnod
1427 4469 1507 4510 exer·

144 4535 254 4594 citandi
278 4533 391 4608 gratia,
421 4534 486 4606 quia
506 4535 549 4590 bis
571 4536 731 4600 delectaris,
752 4554 789 4591 ex
809 4537 850 4604 iis,
873 4555 942 4610 quae
964 4541 997 4592 de
1018 4537 1082 4594 anni
1102 4535 1289 4610 magnitudine
1310 4539 1340 4588 ot
1359 4533 1507 4589 eobaeren·

143 4619 222 4674 tibus
246 4613 380 4683 ooneepi,
401 4613 429 4668 in
449 4615 501 4670 bas
522 4615 634 4671 obartm
655 4617 789 4673 reseram:
812 4617 835 4672 si
855 4619 926 4674 forte
948 4636 998 4690 per
1010 4625 1038 4673 te
1058 4617 1106 4674 alii
1127 4617 1249 4673 eelebres
1271 4613 1457 4670 mathematici
1471 4617 1511 4671 sd

143 4691 411 4756 wonderatiooem
430 4695 512 4765 bujrrs
532 4696 573 4750 rei
595 4696 758 4753 exoitsntnr.

239 4797 437 4857 Certamen,
458 4793 549 4848 inesse
570 4793 656 4849 motui
676 4793 746 4850 Solis
767 4812 822 4850 non
840 4793 928 4852 minus
950 4815 1031 4872 mam
1056 4803 1207 4854 osteromm
1230 4795 1406 4866 planetarum
1426 4793 1506 4850 delle·

141 4879 264 4944 manem
287 4874 320 4934 in
343 4871 445 4938 laium:
467 4890 521 4948 qus
534 4876 568 4932 de
583 4890 668 4944 musa
680 4875 719 4959 ,fla
741 4882 774 4954 ut
786 4875 903 4955 &surm
922 4879 1084 4948 latitudines
1098 4875 1179 4938 hodie
1198 4875 1348 4944 variantem,
1368 4883 1401 4935 ut
1413 4875 1506 4950 syene
