3674 5532
641 287 702 344 Pare
723 287 816 344 uersa
854 291 935 360 Caput
950 290 1037 346 XXXI.

261 467 312 533 Sit
343 469 471 554 primum
502 467 620 552 integra
650 469 860 534 eecentricitas
889 466 976 534 3600
1004 471 1035 534 in
1061 471 1118 536 AF
1145 470 1226 536 linea
1312 471 1365 538 rig.
1385 467 1429 522 ⁸⁴·

176 555 330 636 apsidum,
365 566 397 621 et
422 565 583 640 propterea
606 557 674 634 οΕ,
699 556 754 622 CD
785 559 861 622 radii
894 558 994 622 orbis:
1028 567 1060 630 et
1081 560 1123 622 sit
1143 561 1228 624 ΕΑΒ

177 647 329 710 anomalia
343 644 405 714 450
418 656 449 710 et
460 648 545 710 FAD
564 643 653 710 1350.
685 647 997 729 Perspicuum·autem
1015 656 1072 725 est,
1097 657 1227 730 quante-

178 753 293 818 eunque
320 738 362 801 sit
392 736 608 818 discrepantia,
646 737 709 799 fore
745 735 825 799 circa
858 737 933 799 haec
970 737 1138 800 anomaliae
1161 737 1229 800 loca
1329 758 1336 787 tv

94 879 97 884 .
175 828 348 890 maximam.
401 828 480 889 Nam
509 825 540 886 in
573 825 809 905 longitudinibus
837 825 944 888 mediis
979 827 1068 907 plane
1106 826 1228 888 eaedem
1362 834 1365 839 “

175 916 356 998 proveniunt
377 913 582 996 aequationee,
606 933 673 977 cum
696 909 783 978 3600
804 921 867 977 tam
890 914 920 976 in
939 915 1061 978 sinubus
1085 935 1174 999 quam
1196 916 1228 978 in

175 1005 367 1087 tangentibus
391 1003 528 1086 quaesita
550 1004 677 1066 eundem
699 1023 801 1065 arcum
823 1003 973 1066 exhibeat
1018 1006 1062 1069 Ut
1084 1021 1154 1085 ergo
1175 1003 1228 1068 OE

174 1096 278 1158 radius
289 1095 340 1156 -ad
359 1092 461 1174 anguli
477 1091 560 1156 GAE
578 1092 627 1154 vel
644 1091 730 1157 OAD
753 1092 859 1168 sinum,
884 1093 928 1155 sio
944 1093 1001 1157 CA
1019 1094 1228 1158 eccentricitus

174 1185 214 1247 ad
230 1182 315 1248 OEA
330 1182 378 1244 vel
396 1181 482 1246 ODA
499 1181 718 1264 aequationem,
735 1200 810 1263 quae
829 1189 877 1244 est
889 1182 1027 1268 utrinque
1045 1178 1141 1246 10270
1152 1180 1225 1245 3100.

174 1275 276 1356 Atque
298 1273 356 1335 hoc
377 1271 473 1353 primo
496 1271 584 1332 modo
608 1270 792 1351 computavit
813 1270 1004 1334 Ptolemaeus
1032 1271 1226 1354 aequationes
1318 1292 1322 1319 ¹

174 1363 275 1448 Solis,
304 1368 336 1424 et
358 1379 396 1423 ex
418 1359 593 1422 Ptolemaeo
617 1358 819 1439 Oopernicus,
850 1379 887 1422 ex
910 1360 949 1424 iis
970 1361 1128 1436 Braheue;
1157 1361 1226 1444 qui-

175 1452 250 1515 libet
271 1471 345 1514 6666
368 1448 591 1512 eooentricitate
615 1447 671 1511 Ao
696 1453 795 1524 tanta,
825 1457 967 1530 quantam
995 1450 1167 1514 inveniebat
1188 1471 1226 1514 ex

174 1541 238 1604 suis
261 1537 530 1603 observationibus.
699 1594 705 1608 ,

263 1629 407 1712 Sequitur
425 1629 487 1708 jam
511 1625 658 1688 secundus
681 1625 786 1712 modus
800 1627 990 1707 computandi
1006 1627 1125 1690 easdem
1142 1631 1344 1710 aequationes,
1369 1653 1425 1716 quo
1440 1635 1515 1699 Pto-

173 1721 306 1783 lemaens
331 1725 380 1780 est
401 1735 473 1779 usus
494 1715 524 1777 iu
544 1714 675 1795 planetis
692 1714 811 1790 ceteris,
839 1723 870 1776 et
889 1734 945 1798 quo
964 1717 1105 1778 utendum
1120 1727 1168 1778 est
1190 1720 1271 1793 mihi,
1291 1723 1338 1800 qui
1355 1723 1411 1785 hac
1428 1734 1515 1806 parte

172 1809 265 1872 tertia
279 1805 491 1880 demonstravi,
511 1811 643 1866 centrum
662 1803 819 1866 eccentriei
835 1822 892 1865 666
907 1823 974 1866 esse
989 1805 1020 1867 in
1035 1803 1059 1867 0
1074 1813 1184 1885 puncto
1200 1810 1391 1891 aequalitatis
1405 1822 1515 1891 motus,

174 1897 228 1960 sed
248 1898 280 1960 in
302 1897 328 1957 B
348 1897 413 1958 loco
434 1895 511 1956 iuter
528 1893 561 1956 A
585 1901 720 1954 centrum
742 1891 844 1954 mundi
860 1902 892 1954 et
915 1891 939 1955 0
957 1894 1148 1975 aequalitatis
1166 1909 1309 1976 punctum
1328 1899 1515 1965 intermedio.

260 1985 418 2050 Biseeetur
440 1983 531 2062 igitur
554 1979 611 2044 ch
632 1981 662 2042 iu
685 1981 726 2055 B,
749 1989 781 2042 et
804 1981 844 2042 sit
866 1981 929 2056 ΕΒ,
952 1982 1009 2044 BD
1032 1981 1134 2044 radius
1157 1987 1247 2055 orbis,
1272 1989 1386 2069 eritque
1409 1989 1514 2052 eadem

174 2076 314 2139 methodo
333 2093 406 2155 pars
419 2071 605 2154 aequationis
619 2069 715 2144 ΒΕΑ,
732 2068 819 2131 Bos
839 2065 877 2133 0⁰
894 2066 1037 2146 4304600,
1056 2071 1105 2153 qui
1120 2073 1241 2137 additus
1255 2078 1292 2137 ed
1307 2076 1401 2152 ΕΑΒ,
1417 2078 1515 2152 ΒΑΒ,

174 2166 338 2230 constituet
358 2161 439 2225 EBG
469 2155 606 2224 450430
630 2155 688 2232 46,
721 2157 804 2220 Dec
831 2155 910 2223 135⁰
932 2153 986 2222 430
1008 2156 1083 2224 4600.
1131 2160 1232 2233 Quare
1256 2184 1292 2226 ex
1315 2165 1459 2229 lateribus
1483 2177 1516 2230 et

174 2253 386 2336 comprehenso
422 2249 522 2330 prodit
557 2245 638 2310 BEG
674 2243 728 2312 430
760 2245 840 2321 3800,
878 2247 962 2312 BDO
992 2245 1046 2313 430
1077 2245 1159 2325 4200,
1197 2261 1229 2314 et
1258 2254 1300 2316 sie
1324 2264 1406 2318 totus
1430 2255 1515 2320 CEA

177 2341 212 2408 1⁰
234 2341 288 2407 270
311 2337 392 2414 2400,
422 2339 509 2402 006
534 2334 570 2400 10
592 2334 646 2400 270
669 2334 733 2400 2800
763 2337 801 2398 ad
831 2355 958 2415 unguem
989 2337 1067 2400 idem
1099 2359 1165 2401 cum
1197 2341 1297 2422 priori.
1351 2345 1458 2424 Itaque
1486 2345 1517 2408 in

173 2433 474 2516 Progymnasmatnm
497 2425 648 2509 lychnide
670 2424 782 2487 Brahei
805 2427 970 2506 appendice
991 2444 1062 2506 pag,
1077 2425 1152 2504 821,
1176 2431 1225 2494 ubi
1240 2431 1346 2494 calculi
1362 2434 1517 2514 utriusque
1552 2467 1556 2474 -
1617 2497 1620 2504 ,

174 2521 341 2585 differentia
371 2514 507 2598 proditur
544 2509 616 2598 l¹l,‘
644 2513 710 2594 lege
739 2506 817 2596 0οΙ,0
830 2509 884 2588 00).
930 2517 1031 2596 Atque
1066 2516 1142 2579 haee
1164 2521 1325 2583 secundum
1349 2521 1516 2585 doctrinam

175 2629 241 2692 cap.
265 2609 323 2674 IV.
348 2626 386 2670 ex
407 2604 584 2690 hypothesis
606 2601 736 2664 vicariae
759 2603 863 2664 forma.

262 2697 394 2778 Cumque
422 2696 539 2768 videas,
574 2709 662 2774 quam
693 2709 768 2772 pene
801 2691 862 2754 sint
896 2693 1037 2773 aequales
1065 2695 1252 2777 aequatiouis
1279 2697 1383 2777 parles
1405 2698 1436 2762 in
1458 2701 1515 2762 hae

173 2787 359 2852 Ptolemaiou
386 2783 588 2866 hypotheseos
618 2778 810 2861 particularis
834 2780 929 2842 forma
952 2783 1036 2862 (pars
1060 2784 1137 2846 enim
1161 2783 1262 2866 optioa
1284 2786 1340 2848 fuit
1362 2785 1417 2853 430
1439 2783 1514 2866 4600,

174 2898 243 2961 pars
265 2876 390 2958 physica
410 2875 441 2935 in
463 2871 491 2934 Ε
514 2867 568 2935 430
591 2866 666 2942 3800,
687 2869 717 2931 in
740 2868 769 2930 D
791 2863 846 2930 430
868 2865 943 2943 42);
968 2871 1035 2933 hine
1059 2871 1113 2934 tibi
1132 2891 1224 2935 eausa
1237 2881 1332 2954 patet,
1357 2895 1409 2938 cur
1423 2885 1515 2958 prae-

175 2967 293 3031 cedeuti
321 2963 419 3044 eapite
451 2962 480 3024 in
517 2957 736 3021 constructione
763 2957 886 3018 tabulae
913 2957 986 3020 nihil
1014 2959 1096 3024 aliud
1118 2979 1206 3042 quam
1228 2963 1513 3045 prosthaphaeresin

175 3054 387 3138 duplicaverim
417 3069 471 3132 pro
500 3057 567 3112 tota
592 3045 857 3127 prosthaphaeresi
886 3047 1113 3125 constituenda,
1138 3050 1187 3130 qui
1209 3051 1316 3113 tertius
1338 3055 1443 3116 modus
1466 3063 1515 3116 est
1578 3089 1582 3102 ·

175 3141 366 3226 computandi
394 3139 678 3220 proethaphaereses
707 3133 798 3198 Solis.
843 3135 920 3197 Nam
950 3136 981 3197 in
1013 3155 1147 3216 apogaeo
1171 3146 1202 3200 et
1223 3139 1364 3219 perigaeo
1387 3150 1513 3224 utraque

174 3253 246 3315 pars
274 3229 460 3313 aequationis
488 3225 658 3290 evanescit:
688 3224 719 3286 in
747 3223 853 3286 mediis
882 3223 1115 3303 longitudinibus
1144 3226 1252 3291 itemm
1281 3231 1422 3310 aequales
1445 3238 1517 3294 sunt

174 3331 295 3405 partes,
325 3329 359 3382 ut
382 3319 447 3400 jam
469 3317 557 3379 modo
580 3315 702 3378 dictum.
747 3313 828 3394 Ergo
852 3331 918 3376 cum
941 3313 970 3375 in
993 3313 1065 3376 locis
1089 3323 1156 3378 octo
1179 3335 1233 3397 per
1254 3325 1350 3381 totum
1374 3320 1514 3383 circulum

174 3411 330 3493 dispositis
351 3409 440 3490 plane
463 3404 633 3470 coincidant
655 3411 717 3465 tres
739 3402 796 3465 hae
819 3401 950 3464 rationes
969 3404 1161 3483 computandi
1179 3407 1382 3488 aequationes,
1405 3408 1513 3490 ubique

174 3502 214 3564 ed
247 3517 367 3563 aeneum
399 3496 538 3558 incident
593 3493 659 3556 Hoc
685 3499 826 3573 praestat
852 3491 1086 3556 eccentricitatis
1110 3494 1243 3558 exilitas:
1275 3497 1395 3577 quaesi
1418 3498 1514 3578 major
1597 3549 1604 3562 .

175 3597 276 3664 esset,
299 3589 395 3650 locum
417 3603 490 3648 sane
512 3583 575 3644 ista
596 3601 655 3644 non
677 3580 824 3643 haberent
845 3599 899 3660 per
921 3580 1029 3642 omnia.

261 3677 350 3740 Nunc
372 3675 411 3736 ad
434 3681 570 3755 quartum
589 3671 680 3733 etiam
703 3669 820 3732 modum
836 3669 1031 3751 aequationis,
1054 3689 1114 3734 non
1136 3690 1190 3752 per
1208 3673 1308 3736 fictam
1325 3671 1513 3756 hypothesin,
1581 3696 1587 3712 ·

175 3767 230 3830 sed
252 3785 291 3827 ex
312 3765 380 3845 ipsa
402 3780 499 3825 rerum
521 3767 629 3822 natura
651 3759 883 3838 computandae,
916 3778 962 3822 me
984 3757 1171 3840 praeparabo
1194 3762 1341 3844 capitibus
1364 3769 1451 3840 octo,
1480 3771 1515 3826 ut
1638 3819 1642 3828 .

129 3913 135 3924 .
174 3854 403 3937 quadragesimo
430 3850 552 3914 taudem
574 3848 678 3922 modus
701 3847 749 3911 hic
772 3855 895 3930 quartus
918 3848 1003 3930 sequi
1024 3848 1132 3930 possit

578 4279 580 4286 ’
688 4256 807 4358 Caput
834 4252 1001 4332 XXXII.

225 4421 389 4498 Virtutes,
412 4413 493 4503 qaae
508 4417 672 4504 plumam
692 4425 790 4482 movet
811 4413 1032 4590 Wprmm’
1055 4420 1215 4485 coenant
1236 4438 1305 4485 6666
1326 4417 1467 4489 66666666

776 4527 799 4573 6
905 4551 913 4568 .

263 4651 335 4716 Dixi
366 4669 471 4730 supra,
503 4647 770 4713 Ptolemaeum
792 4631 1050 4712 observationibus
1077 4648 1214 4714 edoctum
1236 4649 1398 4716 bisecuisae
1421 4655 1511 4722 trium
1584 4619 1593 4640 ·
1683 4628 1686 4646 ⁸

179 4743 362 4823 superiorum
385 4739 632 4812 ecceutrieitates,
656 4736 743 4815 idque
768 4732 1014 4815 Oopernieum
1036 4737 1199 4812 imitatum3
1222 4737 1298 4802 idem
1313 4741 1413 4805 'etiam
1436 4764 1510 4808 sua·
1627 4795 1629 4802 .

180 4830 247 4892 dere
270 4826 455 4912 'Pythonia
483 4825 706 4892 ohservationes
729 4823 878 4898 inhiante,
902 4825 980 4904 quod
1003 4826 1149 4904 capitibus
1166 4825 1253 4901 xlx,
1276 4827 1347 4892 XX.
1371 4834 1511 4913 apparuit
