3678 5532
652 273 713 342 I’aru
731 288 834 352 anta
869 280 951 356 Caput
968 285 1081 346 LXVIII·
1466 287 1541 358 427

189 449 236 526 sic
266 443 410 542 exigente
440 463 588 546 dignitate
614 465 684 546 aqna
713 463 862 548 corporis,
897 469 976 549 qnod
1009 475 1122 532 motura
1156 444 1253 548 primo
1285 469 1395 550 atqie
1425 469 1538 532 infert:

188 552 333 633 planetae
356 559 457 616 tamen
482 553 671 616 inveniuntur
694 555 829 618 diversos
845 565 876 619 et
889 559 927 618 ad
942 577 975 621 se
990 567 1091 620 mutuo
1116 557 1274 620 inclinatos
1295 557 1376 623 obire
1399 558 1539 634 circulos,

188 642 227 704 iis
249 649 375 705 naturae
398 641 561 724 principlis,
588 663 662 724 quae
686 653 756 706 sunt
779 646 930 726 explicata
949 658 1017 727 cap.
1040 647 1154 710 LXIII.
1203 648 1311 709 Procul
1333 647 1423 709 dubio
1447 647 1540 727 Igitur

144 783 149 796 .
189 729 304 792 diversi
326 731 516 810 planetarum
540 734 670 796 omnium
693 733 795 797 circuli
825 735 990 817 respiciunt
1021 736 1099 798 bunc
1127 734 1269 796 circulum
1300 736 1414 815 regium
1435 736 1497 801 ML
1522 757 1541 798 a

189 817 386 882 conversione
410 820 545 900 eorporis
568 819 685 887 Solaria
708 823 787 885 circa
811 844 895 886 suum
923 843 1010 888 axem
1033 824 1090 888 ΑΕ
1115 823 1316 902 descriptum:
1345 832 1378 885 et
1400 825 1438 886 ad
1463 824 1539 887 bunc

189 909 315 988 milibet
338 909 472 970 tuebitur
493 909 715 972 inclinationem
748 914 916 976 constantis
948 913 1146 994 quantitatis,
1179 913 1396 975 translatitiam
1424 923 1538 989 temen,

189 997 261 1077 qnia
284 997 452 1076 experimur
481 999 575 1060 nodos
603 1000 772 1062 transferri.
818 1001 893 1064 Cum
916 1002 1008 1082 igitur
1023 1011 1054 1064 et
1069 1002 1208 1082 ecliptica
1231 1001 1273 1062 sit
1287 1021 1361 1074 unus
1377 1021 1414 1064 ex
1430 1002 1538 1080 plane-

187 1085 276 1148 tariis
301 1086 440 1162 circulis,
465 1088 572 1168 qqupe
596 1087 677 1151 Solis
700 1089 750 1150 vel
773 1089 904 1166 Terrae,
936 1100 1168 1154 consentaneum
1192 1099 1249 1165 est,
1274 1099 1305 1151 et
1328 1090 1405 1152 hanc
1429 1091 1540 1152 babere

189 1176 339 1256 quandam
363 1175 586 1239 Incliuatiouem
610 1178 649 1238 ad
672 1177 814 1240 circulum
838 1182 952 1258 regium
975 1179 1050 1255 ML,
1075 1201 1094 1241 a
1117 1181 1226 1258 circulo
1251 1180 1380 1242 ruaxbuo
1404 1179 1567 1260 corporis*

189 1263 307 1328 Solaria
320 1262 365 1326 10
389 1264 468 1326 inter
486 1265 561 1326 fixas
578 1265 773 1345 descriptum.
811 1264 890 1337 Quid
907 1269 986 1328 enim
1009 1287 1118 1348 causae
1134 1265 1183 1341 sit,
1209 1287 1261 1330 cur
1282 1269 1372 1330 ceteri
1399 1270 1540 1348 planetae

189 1353 267 1416 alins
292 1354 351 1419 alie
384 1353 536 1429 declinet,
566 1356 633 1418 sola
663 1354 822 1436 ecliptica,
847 1355 947 1420 Solari
971 1358 1019 1418 vel
1042 1358 1192 1423 Terrestri
1224 1356 1322 1420 itineri
1352 1365 1538 1436 superstans,

189 1443 327 1521 praecise
350 1461 416 1504 cum
440 1443 497 1505 hoc
521 1443 631 1506 circulo
655 1443 736 1524 regio
760 1445 822 1506 ML
840 1443 1017 1508 ¹coincidet?

279 1531 328 1594 Sit
360 1549 430 1612 ergo
462 1549 637 1595 concessum
660 1535 731 1607 hoe,
769 1533 939 1614 eclipticam
966 1535 1086 1616 proprIe
1115 1534 1161 1599 sie
1192 1532 1303 1596 dicmm
1335 1533 1475 1595 inclinari
1499 1534 1539 1596 ad

189 1620 303 1700 regium
340 1619 423 1682 illum
454 1621 597 1683 circulum
620 1619 775 1698 Solarem,
813 1641 906 1702 eaque
935 1632 1178 1705 repraesentetur
1207 1623 1293 1686 nobis
1316 1641 1371 1702 per
1394 1623 1538 1686 circulum

188 1709 248 1770 KH
271 1710 348 1771 inter
371 1709 447 1770 fixas
470 1711 662 1786 delineatum,
686 1711 803 1790 sintque
828 1712 891 1792 ejus
914 1712 975 1794 poli
997 1715 1033 1788 B,
1043 1711 1077 1775 Ο.
1124 1712 1181 1774 His
1206 1713 1348 1786 obtentis,
1375 1711 1464 1772 facile
1481 1730 1534 1774 oc-

189 1798 340 1860 casionem
356 1799 532 1875 invenimus,
550 1818 610 1880 qua
627 1807 777 1862 mutentur
791 1801 915 1862 fixarum
926 1801 1101 1864 latitudines
1111 1821 1122 1877 ;
1139 1800 1247 1894 quippe
1268 1819 1354 1882 quae,
1371 1800 1531 1880 ipsavocis

189 1887 315 1963 ratione,
341 1889 379 1949 ab
402 1889 471 1968 Ipsa
492 1908 566 1950 vera
589 1889 729 1971 ecliptica
751 1899 974 1970 computantur,
997 1910 1056 1954 nou
1080 1892 1118 1954 ab
1142 1891 1192 1952 illc
1208 1888 1318 1961 circulo
1333 1891 1415 1968 regio
1431 1888 1531 1952 Solari

189 1976 338 2038 hactenus
369 1995 469 2040 caeco.
525 1977 603 2038 Nam
635 1977 794 2058 eeIIpticae
818 1999 887 2041 vere
911 1989 942 2042 et
963 1981 1082 2060 proprie
1106 1979 1151 2040 sie
1172 1979 1271 2042 dictae
1301 1980 1536 2058 (quodtantum

191 2066 246 2127 sub
277 2065 332 2127 illa
354 2065 435 2128 licea
458 2065 635 2146 contingant
657 2068 803 2146 eclipses,
838 2069 891 2130 snb
915 2088 973 2150 qua
993 2069 1051 2132 Sol
1073 2068 1200 2141 incedit)
1224 2068 1456 2134 intenectiones
1481 2087 1534 2130 sen

189 2153 258 2214 nodi
280 2172 450 2216 communes
473 2175 539 2222 cunr
560 2156 614 2216 illo
637 2153 748 2218 circulo
771 2157 841 2229 ML,
866 2176 953 2238 quem
976 2158 1103 2220 mediam
1124 2155 1293 2237 eclipticam
1306 2155 1404 2222 dicere
1423 2167 1534 2237 posse·

189 2261 265 2318 mus,
291 2243 510 2307 transferentur
533 2264 591 2306 nou
615 2245 720 2320 minus,
746 2263 833 2326 quam
852 2246 922 2307 nodi
940 2253 1106 2309 ceterorum
1124 2246 1330 2326 planetarum:
1355 2244 1531 2326 obliquitate

189 2339 288 2394 tamen
312 2333 440 2394 maxima
462 2335 526 2394 MK
549 2335 598 2396 vel
617 2333 683 2410 LII,
707 2353 794 2413 quam
817 2335 939 2398 metitur
962 2331 1108 2398 distantia
1129 2335 1264 2416 polorum
1280 2335 1340 2408 I'B,
1366 2331 1433 2408 GC,
1458 2352 1540 2411 con-k

188 2430 288 2483 stante
313 2429 344 2483 et
366 2424 425 2484 lixa
447 2430 595 2496 manente,
621 2431 654 2484 ut
678 2431 708 2484 et
730 2423 760 2484 iu
784 2424 893 2486 uetans
911 2423 1055 2502 planetis.
1097 2425 1252 2496 NImirum,
1279 2424 1305 2484 si
1324 2425 1435 2484 centris
1449 2424 1484 2495 F,
1503 2420 1528 2484 G

189 2510 297 2589 spatiis
320 2511 382 2586 FB,
407 2508 463 2573 GC
487 2513 707 2588 constantibus,
732 2512 845 2574 circelli
869 2513 1051 2588 scribantur,
1075 2513 1105 2574 io
1130 2512 1246 2594 quibus·
1261 2513 1349 2592 polos
1373 2511 1530 2590 eclipticae

188 2599 225 2674 B,
250 2597 275 2661 O
298 2600 452 2662 ciscumire
483 2618 648 2679 pereamus:
680 2611 752 2665 tunc
786 2601 905 2664 omnino
928 2609 961 2664 et
982 2602 1110 2668 clrculus
1133 2599 1193 2664 KH
1216 2602 1304 2662 sedes
1327 2601 1473 2680 pristinas
1497 2598 1527 2661 in

188 2689 319 2769 sphaere
349 2690 474 2750 lixarum
496 2687 587 2751 FMG
610 2689 731 2751 deseret
759 2691 908 2773 facietque
939 2711 1081 2754 successu
1110 2691 1294 2763 seculorum,
1328 2697 1364 2751 ut
1387 2687 1436 2750 nbi
1460 2689 1530 2750 olim

189 2777 314 2840 limitem
336 2779 457 2840 boreum
473 2780 544 2858 egit,
570 2795 661 2860 prope
682 2779 802 2840 easdem
826 2781 902 2841 fixas
916 2781 1038 2842 tandem
1060 2779 1184 2842 limitem
1202 2777 1368 2840 austrinum
1391 2778 1529 2840 collocet

187 2867 223 2928 In
247 2868 423 2928 trevirens
447 2868 613 2930 seculorum
636 2886 756 2930 numero
780 2869 823 2930 sic
847 2870 913 2932 erit.
947 2867 1073 2930 Limites
1096 2869 1136 2938 K,
1159 2870 1198 2942 H,
1223 2886 1281 2930 non
1308 2867 1396 2947 longe
1420 2886 1439 2926 a
1462 2868 1530 2929 fixis

188 2955 252 3018 suis
273 2956 441 3036 progressi,
474 2955 642 3020 insensibili
670 2957 769 3036 aliquo
802 2957 962 3018 variabunt
990 2976 1091 3033 cunm
1121 2957 1305 3019 latitudines.
1351 2955 1431 3018 Nodi
1454 2975 1526 3018 vero

190 3045 308 3124 aequali
336 3044 442 3107 itinere
471 3045 637 3126 progressi,
651 3064 671 3105 a
692 3046 754 3108 suis
786 3045 853 3106 fixis
882 3045 1049 3108 evidentius
1073 3064 1194 3106 suarum
1222 3046 1347 3107 fixarum
1374 3043 1532 3106 mutabunt

190 3132 382 3195 latitndInes:
407 3134 477 3214 quia
499 3133 582 3196 sinus
605 3133 830 3199 inclinationum
852 3134 884 3195 in
899 3135 955 3195 fine
979 3134 1153 3216 quadrantis
1177 3133 1258 3194 eirca
1280 3133 1404 3194 limitem
1426 3131 1531 3196 insen-

190 3221 281 3299 sibili,
304 3223 334 3284 iu
357 3223 501 3303 principio
529 3243 600 3285 vero
630 3223 711 3284 circa
736 3223 831 3284 nodos
858 3223 945 3286 ualde
983 3223 1119 3286 sensibili
1150 3221 1318 3284 differentia
1335 3220 1528 3285 ‘Increscunt

190 3311 269 3372 Ilinc
291 3311 359 3394 quia
374 3311 454 3374 cirea
477 3311 665 3394 aequinoctia
687 3312 769 3374 nulla
783 3312 911 3377 sentitur
933 3311 1060 3376 mutatio
1084 3311 1274 3376 latitudinum
1293 3312 1425 3383 fixarum,
1450 3309 1530 3371 cirea
1628 3371 1633 3376 .

191 3418 262 3462 vero
278 3400 410 3464 solstitia
428 3401 504 3464 satis
519 3401 672 3476 notabilis,
695 3401 861 3481 colligimus
880 3409 972 3470 recte,
995 3401 1133 3464 limites
1156 3399 1392 3462 latitudinum
1416 3399 1531 3480 eclip-

191 3489 290 3552 ticae
313 3509 397 3552 esse
421 3490 523 3553 circa
552 3489 797 3572 aequinoctia,
828 3489 942 3552 nodos
964 3491 1063 3552 eirca
1093 3489 1275 3552 solstitia.
1320 3487 1418 3550 Erunt
1439 3487 1531 3567 igitur

189 3589 301 3661 puncta
322 3581 405 3655 K,H
429 3579 516 3660 signa
538 3579 734 3660 aequinoctiis
757 3579 932 3660 propinqua.
970 3577 1117 3642 Similiter
1139 3578 1289 3660 colligitur
1312 3585 1344 3638 et
1365 3578 1441 3639 hoc:
1465 3595 1533 3646 cum

191 3669 347 3752 eclipticae
370 3687 459 3730 verae
481 3686 553 3749 pars
582 3668 713 3738 borealis
746 3669 844 3748 fngiat
865 3688 885 3728 a
907 3669 1016 3742 borea,
1048 3669 1155 3750 quippe
1188 3665 1389 3749 crescentibus
1424 3665 1531 3730 latitu-

191 3760 307 3823 dinibus
335 3757 504 3820 borealibus
527 3755 557 3818 in
581 3753 716 3820 Geminis
740 3767 772 3819 et
795 3757 927 3832 Cancro,
956 3758 1078 3818 boreum
1105 3757 1194 3836 igitur
1224 3756 1346 3819 limitem
1374 3755 1531 3835 eclipticas

191 3850 295 3912 autin
318 3847 410 3910 Libra
433 3866 510 3923 esse,
535 3846 795 3926 progredientibus
818 3847 915 3920 nodis,
939 3855 992 3908 aut
1014 3847 1044 3908 in
1059 3847 1175 3922 Ariete,
1198 3844 1452 3908 retrocedentibus
1476 3845 1530 3906 iis-

190 3943 275 4017 dem,
308 3938 387 4020 quod
419 3943 468 3996 est
498 3935 700 3999 verisimilius.
745 3935 824 3998 Nam
854 3944 885 3998 et
906 3936 1010 3997 Lunae
1043 3934 1114 3997 nodi
1142 3936 1334 3998 retrocedunt
1378 3932 1464 3996 annis
1490 3931 1530 3998 19

190 4033 345 4094 zodiacum
380 4025 593 4098 absolventes3
630 4044 697 4087 eum
733 4043 898 4106 apogaeum
926 4023 1155 4123 progrediatur,
1192 4024 1278 4086 annis
1308 3982 1369 4102 illl,
1404 4022 1530 4085 eundem

179 4121 360 4184 absolvens.
408 4113 541 4194 Cumque
565 4132 731 4194 apogaeum
753 4113 835 4176 Solis
857 4133 912 4174 seu
928 4112 1109 4194 peribelinm
1131 4114 1242 4176 Terrae
1265 4113 1307 4174 sit
1328 4112 1357 4173 in
1382 4104 1464 4193 5¹l²⁰
1484 4124 1527 4188 eu,

191 4229 280 4290 quare
303 4225 357 4288 per
379 4221 445 4282 cap.
469 4201 569 4266 LVII.
593 4202 740 4265 diameter
762 4203 906 4276 virtuosa,
931 4200 1186 4266 eccentriuitatem
1209 4219 1345 4276 causans,
1368 4199 1530 4281 porrigitur
1620 4206 1626 4212 ’

191 4297 326 4362 inSolie
359 4311 483 4373 corpus,
516 4292 610 4354 Terre
642 4291 672 4354 in
696 4287 1007 4372 5¹12⁰Trersante
1051 4294 1097 4353 At
1117 4310 1172 4372 per
1201 4309 1266 4372 cap.
1289 4287 1404 4357 LXIII.
1438 4288 1530 4352 etiam

191 4388 336 4450 diameter
357 4381 412 4442 illa
434 4380 577 4450 virtuosa,
601 4399 676 4461 quae
690 4380 879 4442 latitudinem
902 4386 1051 4455 causator,
1075 4379 1239 4461 porrigitur
1260 4378 1290 4440 in
1307 4375 1389 4440 Solis
1412 4397 1529 4460 corpus,

191 4477 285 4539 Terra
306 4475 337 4536 In
360 4468 453 4532 limite
485 4477 653 4543 versante·
671 4468 721 4549 qni
744 4475 793 4541 eet
818 4487 872 4548 per
895 4468 951 4530 boc
974 4487 1040 4549 cap.
1064 4468 1210 4532 DIVIII.
1233 4469 1263 4530 in
1286 4465 1402 4530 Ariete.
1447 4467 1528 4546 Ergo

191 4583 243 4646 per
267 4565 346 4627 idem
369 4577 434 4638 cup.
452 4557 568 4619 LXIII.
593 4565 717 4638 utraque
740 4555 836 4618 'virtue
850 4565 954 4638 potest
976 4557 1053 4620 effici
1072 4557 1110 4619 ab
1125 4557 1230 4618 eadem
1253 4555 1387 4636 corporis
1400 4555 1528 4618 Telluris

190 4653 347 4716 diametro.
393 4647 472 4709 Hine
497 4645 571 4708 licet
599 4643 771 4708 ratiocinari
799 4643 1011 4724 probabiliter,
1040 4646 1069 4706 in
1093 4640 1175 4725 5¹l2⁰
1197 4659 1229 4710 ee
1253 4652 1285 4706 et
1305 4649 1340 4722 ᾖ
1363 4643 1528 4708 coincidere
1595 4704 1606 4723 ‚

192 4743 334 4807 cuculum
356 4739 434 4802 hunc
457 4750 578 4798 caecum
600 4754 653 4795 eeu
675 4733 845 4814 eclipticam
867 4736 995 4796 mediam
1017 4754 1083 4796 cum
1106 4753 1179 4796 vera
1201 4733 1286 4796 uobis
1309 4743 1390 4794 nota.

279 4825 397 4904 Quodsi
420 4821 548 4887 omniurn
565 4825 752 4906 planetarum
767 4821 886 4904 aphelia
905 4823 1110 4887 ordinarentur
1134 4822 1162 4883 in
1187 4841 1243 4884 uno
1263 4821 1372 4886 circulo
1386 4823 1527 4903 maximo,
