3552 5562
523 221 553 278 a
572 181 760 280 commeasse
777 223 810 280 e
827 231 897 278 moa
913 222 1003 284 seua
1020 224 1116 286 uae·
1134 238 1140 260 ·
1302 303 1306 324 Ι
1448 217 1490 290 ιι

215 399 289 486 Hoc
312 398 343 464 in
364 421 439 466 uam
469 422 559 468 unnm
589 402 647 466 fuit
675 402 842 468 dicendum.
887 402 951 468 Sed
974 404 1045 487 quia
1071 405 1137 486 jam
1168 412 1268 468 sumta
1298 402 1412 484 pagine
1432 411 1491 482 est,

130 489 305 572 impleatur.
344 422 474 574 iycho
498 509 618 556 suarum
641 493 884 574 observationum
906 512 1016 574 percus
1032 502 1081 558 est
1094 495 1261 570 admodum.
1299 494 1378 559 Mihi
1392 501 1493 558 tamen

132 599 235 644 earnm
259 581 363 662 copia
368 581 565 663 quotidiana:
587 583 675 648 modo
694 581 891 663 descriptioni
913 585 1087 648 sufficerem.
1120 584 1277 648 Electione
1292 583 1384 664 igitur
1407 602 1491 665 opos.

133 672 176 734 Tn
191 668 311 746 scribe,
327 689 406 752 qnae
426 670 617 755 potissimum
636 673 771 736 notanda
791 680 823 734 ct
840 674 1028 756 excerpenda
1047 672 1103 738 tibi
1121 673 1287 738 videantur.
1316 675 1383 738 Hoc
1401 690 1492 738 unum

134 761 210 824 banc
233 759 430 840 Pragensem
452 779 567 826 moram
589 761 714 826 solatur.

221 849 391 913 Lunaris
413 850 655 932 hypothesis,
683 841 773 933 qnam
796 859 1019 927 assumserunt,
1043 857 1116 933 puto
1138 851 1223 914 brevi
1246 852 1343 916 lucem
1366 849 1491 916 videbit.

134 940 179 1002 lia
187 938 319 1018 exiguo
342 939 475 1004 aberrat.
512 941 730 1017 Fundamenta,
749 941 807 1004 boc
827 947 877 1006 est
892 941 1131 1016 observationes,
1153 960 1213 1004 ιιι
1231 948 1301 1004 sunt
1322 960 1377 1020 pro
1399 940 1492 1004 insti-
1496 943 1499 950 '

135 1037 204 1092 tuta
233 1027 442 1092 subtilitate
434 1049 465 1092 m
492 1029 550 1092 boc
580 1030 689 1094 sidere.
734 1031 814 1094 Nam
845 1039 1003 1098 assumunt
1036 1031 1167 1112 eclipses
1189 1031 1344 1107 Lunares;
1375 1030 1492 1111 siquis

135 1118 280 1180 adstaret
302 1118 501 1194 observaturi,
525 1120 720 1200 quimedium
743 1119 891 1201 eclipseos
914 1119 1039 1196 diceret,
1061 1121 1230 1224 probarem.
1276 1119 1338 1183 Sed
1362 1119 1492 1184 medium

136 1207 290 1288 colligunt
312 1226 351 1269 ex
372 1206 460 1270 initio
484 1215 515 1274 et
536 1209 604 1285 fine,
628 1229 684 1272 nec
706 1228 743 1270 eo
767 1229 885 1290 semper
907 1210 952 1272 ita
970 1209 1156 1290 conspicuo.
1180 1208 1328 1290 coepisse
1351 1208 1491 1286 cernitur,

137 1316 197 1360 non
221 1295 367 1386 incipere,
391 1303 423 1358 et
444 1296 583 1373 desiisse,
607 1319 666 1362 non
689 1299 837 1363 desinere.
882 1300 965 1362 Ante
989 1306 1020 1360 et
1041 1306 1112 1380 post
1135 1298 1377 1379 semiquadrante
1399 1298 1492 1363 horae

136 1387 173 1448 de
206 1385 295 1448 initio
319 1377 352 1447 et
378 1387 451 1451 line
469 1385 632 1457 dubitatur.
679 1389 713 1450 In
746 1388 855 1450 ceteris
884 1389 988 1452 Lunae
1018 1387 1278 1453 observationibus
1310 1405 1493 1467 proposuere

136 1474 197 1538 sibi
221 1473 402 1536 orientalem
424 1475 474 1538 vel
496 1475 714 1540 occidentalem
737 1477 872 1552 limbum,
894 1476 1080 1558 superiorem
1102 1476 1196 1540 velun
1198 1476 1338 1540 teriorem
1360 1476 1493 1551 limbum,

136 1571 168 1628 ιι
190 1563 312 1626 addunt
333 1563 384 1628 vel
407 1564 587 1630 subtrahunt
616 1567 715 1630 visam
747 1567 1012 1631 semidiametmm.
1058 1568 1106 1630 At
1126 1565 1231 1628 eodem
1261 1573 1412 1635 momento
1439 1584 1494 1646 per

136 1652 281 1715 diversos
304 1651 519 1718 observatores
543 1657 581 1718 ad
603 1657 803 1721 instrumente
826 1656 947 1718 diversa
970 1656 1136 1720 collocatos
1159 1643 1212 1730 31',
1229 1652 1282 1730 32,
1299 1649 1351 1727 33,
1371 1649 1423 1729 34,
1440 1649 1493 1729 35,
1580 1655 1586 1674 “

136 1737 192 1817 36,
217 1739 262 1806 37
286 1742 493 1845 scrupulorum
524 1745 670 1808 diameter
699 1745 909 1827 pronunciata
924 1745 981 1808 fuit
1001 1765 1055 1848 pro
1085 1744 1300 1808 constitutione
1330 1743 1492 1810 oculmum.

109 1830 343 1896 ,Humentibus
366 1831 445 1894 enim
468 1833 563 1898 oculis
586 1835 682 1915 major
704 1842 840 1916 apparet
885 1835 1023 1919 ltaqne'
1015 1855 1047 1898 m
1070 1834 1331 1898 observationibus
1349 1829 1495 1896 umnec

135 1920 187 1983 vel
212 1918 232 1983 3
257 1921 465 2000 scrupulorum
493 1922 635 2004 frequens
664 1943 748 1988 error
778 1933 835 2016 est
879 1925 924 1988 Et
944 1933 1046 1988 tamen
1072 1923 1117 1985 ite
1145 1923 1286 2004 pertinax
1309 1929 1372 1986 est
1380 1921 1495 2004 Tycho,

135 2018 172 2072 ιι
196 2009 361 2092 hypothesi
384 2029 457 2074 suae
481 2031 570 2092 aegre
593 2013 743 2078 tantulum
766 2031 898 2078 errorem
921 2013 1090 2076 condonare
1113 2012 1196 2074 velit.

228 2098 313 2164 Mira
333 2117 406 2160 vero
430 2099 506 2162 haec
528 2101 621 2166 habet
642 2103 697 2166 illa
718 2103 927 2186 hypothesium
944 2103 1041 2183 primo
1064 2102 1095 2164 in
1122 2102 1203 2164 veris
1235 2099 1494 2182 conjunctionibus

135 2195 169 2250 et
194 2187 438 2272 oppositionibus
461 2189 688 2272 simplicissima
718 2199 841 2258 utuntur
869 2191 1048 2273 aequatione
1081 2191 1185 2273 (quam
1207 2190 1238 2252 ιι
1261 2191 1349 2254 Luna
1369 2188 1494 2270 perinde

134 2275 219 2340 ex?
245 2276 378 2340 circellis
401 2279 570 2356 conficiunt,
593 2289 628 2344 ιι
645 2280 831 2364 Cepernicus
854 2281 884 2344 in
903 2279 923 2346 3
947 2280 1162 2362 superioribus,
1185 2280 1315 2348 horest
1337 2287 1370 2340 ut
1387 2277 1494 2360 Ptole-¹

134 2385 245 2432 maens
266 2385 324 2446 per
344 2365 525 2447 positionem
546 2371 651 2451 puncti
677 2369 838 2434 eecentrici
861 2379 893 2433 et
920 2369 1227 2452 puncti-aequastis:
1250 2387 1338 2450 qnae
1362 2367 1440 2430 ratio
1463 2365 1494 2428 in

134 2453 277 2538 physicis
299 2455 467 2530 fundatur).
515 2457 753 2522 circettosvero
776 2459 955 2522 variationis
977 2458 1103 2523 alterins
1127 2458 1273 2538 incipidnt
1296 2456 1409 2518 everis
1432 2454 1495 2517 illis

137 2542 404 2626 conjunctionibus
419 2552 451 2606 et
468 2545 720 2628 oppositionibus,
738 2568 797 2630 quo
810 2550 853 2625 fit,
868 2557 902 2612 ut
916 2547 1083 2630 inaequalis
1099 2549 1152 2610 fiet
1170 2547 1360 2610 circellorum
1375 2545 1494 2608 illorum

137 2637 251 2698 motus.
297 2633 333 2694 Id
356 2641 512 2700 autemut
535 2637 760 2721 doletTychc,
793 2638 838 2700 ita
858 2657 922 2718 ego
954 2639 1060 2700 laetor.
1105 2637 1215 2699 Adhuc
1243 2635 1322 2698 enim
1353 2632 1495 2697 vincoin

140 2743 189 2798 eo,
211 2723 244 2786 in
268 2741 328 2802 quo
361 2723 522 2805 aliquande
545 2727 584 2794 ad
606 2747 653 2790 mc
678 2727 819 2792 Gratiam
851 2727 987 2792 scribens
1017 2725 1137 2788 modum
1160 2745 1208 2788 me
1233 2743 1345 2807 ponere
1374 2722 1495 2806 jussisti

136 2813 247 2876 haram
270 2811 527 2892 speculationum,
556 2835 594 2878 ne
617 2817 718 2882 omnia
739 2819 814 2880 bant
835 2817 1001 2886 inserted,
1021 2820 1092 2886 ιιι).
1136 2814 1361 2881 Contendebam
1384 2820 1494 2888 autem,

140 2901 262 2964 rstione
285 2900 414 2982 physica
437 2905 662 2986 aequationes
654 2927 686 2968 m
707 2905 899 2988 quadraturis
923 2905 1036 2986 augeri.
1565 2963 1573 2985 .,

198 2990 390 3066 Secundo,
421 3011 596 3076 quocunque
620 3015 653 3058 se
683 3002 822 3068 vertant,
853 2989 1039 3058 commodius
1067 2984 1110 3055 nil
1142 2993 1313 3066 inveniunt,
1345 3007 1436 3072 qnam
1463 2959 1497 3051 ιιι

139 3079 302 3142 omittatur
324 3080 423 3142 altera
445 3102 538 3146 causa
560 3085 748 3166 aequationis
771 3084 926 3166 temperis,
950 3083 1114 3152 retineatur
1137 3082 1204 3144 sola
1226 3081 1289 3153 illa,
1313 3097 1402 3160 quam
1419 3081 1493 3141 Asc.

141 3177 247 3232 rectae
271 3169 475 3250 suppeditant
514 3171 659 3238 Statuunt
673 3174 775 3254 itaque
790 3180 907 3236 aestate
927 3167 1010 3236 360⁰
1027 3169 1091 3246 57¹,
1111 3170 1208 3234 hieme
1224 3165 1354 3234 361⁰3
1377 3167 1496 3270 aequali
1618 3229 1625 3240 ,
1669 3159 1673 3171 '

139 3267 279 3339 tempore
304 3254 348 3321 24
369 3259 511 3324 horarum
535 3261 624 3324 volvi.
670 3263 706 3324 Id
729 3262 805 3326 nihil
836 3263 920 3324 aliud
945 3269 994 3325 est
1025 3218 1140 3340 dicire,
1173 3279 1263 3342 quam
1286 3264 1339 3319 aut
1366 3257 1496 3336 primum

137 3346 253 3410 mobile
285 3346 484 3429 inaequaliter
515 3350 673 3426 incedere,
705 3352 786 3433 quod
805 3351 968 3416 maximum
998 3357 1164 3413 monstrum
1187 3356 1237 3412 est
1266 3355 1420 3423 statuere,
1444 3353 1497 3410 aut

136 3436 294 3523 primum
295 3445 410 3514 motum
432 3439 584 3505 volutione
608 3441 720 3504 Terrae
743 3441 817 3516 fieri,
840 3460 916 3523 quae
940 3438 1079 3502 celeriter
1108 3438 1248 3502 volvatur
1270 3436 1385 3512 hieme,
1396 3436 1496 3506 tarde

137 3533 274 3592 aestate.
327 3509 395 3588 Hoc
426 3528 515 3592 modo
548 3529 705 3594 institutus
737 3529 871 3594 calculus
904 3529 944 3592 ed
975 3549 1080 3592 omnes
1112 3527 1340 3628 observationes
1372 3525 1496 3606 pulchre

135 3613 319 3697 respondet,
343 3623 376 3678 ιι
399 3633 467 3680 raro
490 3615 523 3682 4
545 3625 600 3682 aut
622 3615 655 3682 5
678 3619 828 3682 aberratio
855 3617 1020 3699 continget.

234 3703 400 3768 Circellnm
415 3725 505 3772 unum
518 3708 663 3772 inducunt
679 3716 803 3790 propter
818 3699 880 3772 45⁰
901 3707 1065 3772 distantiae
1081 3707 1107 3779 b
1126 3707 1198 3781 a00,
1216 3707 1246 3782 A
1268 3710 1338 3766 ante
1353 3708 1385 3764 et
1402 3709 1494 3764 retro.

15 3797 16 3856 3
135 3795 222 3856 Nam
247 3791 291 3854 ibi
313 3793 541 3874 deprehendunt
563 3797 744 3884 anomaliam
766 3798 870 3873 talem,
893 3805 927 3860 ut
949 3796 1008 3860 etsi
1030 3798 1056 3868 b
1078 3794 1172 3857 sitm
1190 3812 1325 3875 apogaeo
1347 3791 1397 3854 vel
1411 3791 1495 3871 peri

135 3902 240 3964 gaso,
272 3881 467 3948 nihilominus
497 3905 590 3969 aeque
615 3893 704 3968 atque
727 3887 827 3950 alias
824 3885 948 3966 longius
966 3887 1050 3968 justo
1074 3885 1154 3960 ed,
1177 3884 1332 3956 8distet.
1378 3881 1494 3943 Lunam

136 3971 246 4054 itaque
269 3971 383 4034 nullius
404 3976 570 4039 excentrici
592 3983 732 4057 respectu
755 3976 982 4057 deprehendunt
1004 3971 1163 4036 celerem
1154 3993 1185 4034 ιι
1204 3975 1244 4050 ό
1267 3975 1304 4048 00,
1322 3968 1471 4056 tardam'
1463 3989 1494 4036 ιιι

136 4053 182 4126 [l
233 4061 303 4124 Hoc
334 4061 443 4126 iterum
473 4065 617 4148 physicas
653 4084 738 4128 meas
767 4065 902 4128 rationes
933 4065 1098 4128 confirmat.
1151 4061 1249 4141 Vigor
1277 4077 1383 4140 nempe
1415 4048 1497 4120 inest

135 4151 241 4214 lineae
265 4149 449 4217 fflametrnli.

229 4241 339 4304 Motus
361 4239 409 4303 illi
431 4241 517 4304 venit
539 4261 578 4304 ex
599 4240 682 4318 Sole,
705 4243 761 4306 sed
783 4243 915 4306 mediate
933 4260 987 4323 per
1002 4244 1155 4316 Terram,
1150 4259 1250 4321 quam
1272 4234 1494 4312 circumcurrit3

139 4331 182 4394 sic
200 4331 273 4394 sons
294 4328 419 4393 virtutis
437 4330 585 4408 metricis,
609 4331 703 4413 quiin
721 4332 791 4395 aliis
809 4333 940 4413 planetis
956 4338 1004 4394 est
1020 4339 1172 4410 punctmn,
1195 4328 1327 4391 inLuna
1341 4332 1389 4386 est
1403 4324 1493 4386 linea

227 4419 371 4486 Alterum
406 4419 561 4484 circellum
594 4421 767 4488 describunt
796 4421 858 4496 ita,
889 4431 924 4485 nt
951 4427 1090 4493 transeat
1119 4437 1172 4500 per
1205 4424 1339 4480 centrum
1371 4415 1493 4490 Terrae,

142 4509 298 4594 dentque
321 4515 467 4574 centrum
491 4509 670 4572 couceutrici
693 4512 808 4585 Lunae,
832 4511 881 4592 qni
905 4509 925 4574 2
949 4508 1101 4591 cpicyqlos
1128 4505 1325 4581 (admodum
1346 4503 1433 4566 nnius
1456 4521 1495 4564 ex

144 4595 162 4662 ³
181 4599 407 4686 superioribus)
434 4596 530 4672 vehit,
552 4611 724 4678 percurrere
747 4600 832 4664 illum
854 4599 902 4662 bis
925 4599 956 4662 in
974 4617 1094 4674 mense,
1124 4614 1195 4657 vero
1219 4595 1250 4656 in
1272 4592 1491 4656 antecedentis.

213 4694 394 4764 mercatus
428 4692 465 4748 ct
492 4685 637 4750 mirabilis
668 4687 793 4752 efficitur
824 4679 946 4765 molus,
974 4686 1103 4750 difficilis
1135 4703 1207 4746 vero
1239 4681 1382 4746 calculus.
1433 4681 1494 4748 Diu

129 4789 310 4874 multumque
337 4772 494 4846 laboravi
524 4776 737 4840 haustormare
765 4777 849 4840 illum
871 4797 925 4859 per
956 4773 1229 4858 aequipollentiam.
1276 4771 1419 4836 Tandem·
1432 4770 1494 4834 vidi
