3606 5562
625 331 766 420 sumes
785 343 924 408 saeua
1378 317 1448 426 aaa
1502 289 1504 298 Ι

4 599 7 614 ‚
103 529 133 592 in
159 527 244 594 anuis
258 527 464 594 Nabonassuri
487 520 554 604 (ssu
576 531 666 594 homo
685 532 748 614 jam
769 532 805 608 is,
829 551 881 594 seu
897 532 1000 594 sabula
1018 525 1131 606 luerit),
1153 532 1182 595 in
1207 533 1312 614 quibus
1335 542 1366 596 et
1388 553 1442 598 noa

4 665 5 676 ,
103 619 194 682 hodie
223 619 420 682 certissimum
452 619 547 682 locum
581 621 745 682 invenimus
775 623 869 684 nostri
897 622 1041 702 temporis
1065 622 1260 702 assignatum.
1302 625 1444 704 ¹Amplius

101 719 232 790 utraque
255 709 366 770 sociam
390 708 481 771 habet
496 717 595 770 aetate
610 710 826 772 Timocharidis
842 711 1175 791 conscriptam;·quare
1198 719 1260 774 tam
1278 719 1363 773 certa
1385 721 1443 787 est,

4 847 5 884 3
102 816 194 878 quam
211 817 266 860 sua
280 799 370 858 socia.
402 799 538 880 Denique
558 807 681 879 utraque
700 817 754 879 per
768 801 871 860 Lunae
886 800 1086 879 praesentiam
1109 800 1154 861 ita
1177 809 1259 863 certa
1282 809 1330 862 est
1353 801 1443 874 lacta,

4 935 5 958 ,
102 895 137 948 ut
162 905 219 948 uon
243 887 340 966 possit
360 886 478 948 certior.
523 887 572 949 Ito
595 888 673 948 enim
696 897 727 948 et
750 889 829 950 intra
854 883 913 950 10⁰
934 889 982 950 vel
1006 884 1063 951 12⁰
1084 888 1269 952 vicinitatem
1287 891 1390 952 Lunae
1413 899 1446 952 et

4 967 5 976 ’
101 974 234 1037 Veneris
263 985 314 1036 aut
335 976 438 1038 Lunae
467 983 497 1037 st
518 975 658 1038 Mercurii
687 977 923 1060 conjunctionem
953 978 1065 1049 talem,
1097 997 1171 1058 quae
1204 980 1243 1041 ad
1270 995 1444 1057 expressum

100 1064 183 1126 diem
202 1064 313 1126 mensis
327 1065 469 1146 Aegyptii
485 1066 618 1146 expressi
642 1066 777 1146 quadret,
801 1067 881 1128 intra
904 1085 961 1129 non
984 1067 1059 1128 duos
1083 1066 1225 1142 veltres,
1249 1069 1302 1128 sed
1326 1068 1445 1130 omnino

3 1189 4 1204 ι
100 1153 247 1236 plurimos
270 1171 364 1215 annos
388 1153 518 1216 invenito
542 1155 641 1227 aliam,
666 1173 753 1234 quam
774 1163 822 1217 est
840 1175 877 1216 ea
891 1173 978 1236 quam
994 1155 1184 1218 Ptolemaeus
1203 1157 1369 1220 annomrit.
1398 1159 1446 1220 De

102 1243 193 1304 Luna
215 1241 284 1322 qnid
307 1241 408 1304 verbis
437 1259 512 1323 opus
536 1243 607 1305 est?
653 1243 780 1316 Quando
813 1245 890 1305 cuim
913 1261 1024 1326 quaeso
1046 1244 1103 1306 hoc
1126 1245 1363 1309 animadversum
1387 1254 1444 1319 ast,

3 1397 5 1420 4
101 1333 221 1394 Lunam
244 1339 350 1406 exacto
380 1349 458 1392 anno
484 1332 532 1393 vel
555 1332 677 1396 Juliano
703 1333 751 1393 vel
773 1332 926 1416 Aegyptio
959 1349 1074 1396 mrsum
1107 1333 1211 1396 eodem
1240 1335 1287 1396 dle
1315 1341 1348 1396 et
1373 1333 1447 1396 hora

103 1420 183 1495 diei,
217 1437 275 1481 non
299 1419 397 1482 dicam
420 1421 449 1482 in
473 1421 578 1484 eodem
601 1421 694 1501 gradu
718 1421 766 1483 rel
791 1421 874 1502 signi
902 1423 1033 1498 decano,
1066 1424 1118 1484 sed
1147 1423 1265 1486 omniuo
1289 1422 1318 1484 in
1342 1423 1447 1486 eodem

2 1570 4 1573 ,
104 1511 271 1590 quadrante
303 1509 417 1571 zodiaci
450 1510 560 1584 fuisse,
594 1527 650 1590 quo
680 1519 744 1572 erat
772 1509 800 1572 iu
829 1519 970 1592 suscepto
999 1512 1141 1593 temporis
1163 1511 1334 1594 principio?
1377 1511 1447 1575 Non

1 1596 5 1667 ζ
103 1606 209 1680 potest
231 1597 340 1678 itaque,
366 1617 509 1680 expressa
531 1600 606 1662 hora
629 1599 770 1683 diuidis
795 1599 905 1662 mensis
921 1601 996 1663 certi
1016 1609 1047 1664 et
1070 1596 1135 1664 loco
1149 1603 1246 1677 Luna,
1268 1600 1446 1683 praesertim

2 1688 5 1697 '
102 1687 313 1767 conjunctione
336 1707 401 1749 cnm
432 1688 505 1763 lixa,
536 1688 630 1752 errari
657 1707 714 1750 uno
737 1687 785 1750 vel
809 1689 923 1750 duobus
948 1688 1042 1752 anuis.
1088 1690 1290 1753 Noveudecim
1311 1691 1447 1769 integros

102 1777 289 1838 intercedere
305 1795 429 1838 necesse
452 1787 509 1852 est,
533 1777 582 1840 vel
605 1784 686 1838 certe
710 1787 786 1839 octo.
823 1780 870 1840 De
894 1779 1054 1858 eclipsibus
1078 1799 1126 1840 res
1149 1787 1197 1842 est
1218 1786 1304 1842 tanto
1328 1778 1447 1852 certior,

102 1879 218 1946 quanto
240 1866 326 1948 plura
348 1873 526 1929 concurrunt
548 1865 701 1946 requisita,
726 1884 802 1948 qnae
819 1883 874 1928 non
895 1885 1067 1948 quocunque
1091 1885 1193 1931 mense
1214 1876 1343 1950 possunt
1364 1865 1447 1930 acci·

103 1955 191 2028 dere,
222 1956 275 2016 sed
306 1973 342 2016 ue
370 1954 435 2017 die'a
459 1953 577 2036 quidem
601 1955 704 2016 unicus
727 1956 833 2018 deesse
856 1964 959 2036 potest
981 1957 1184 2019 observationi
1206 1959 1319 2028 Lunae.
1348 1957 1448 2019 ·Dato

103 2045 185 2105 enim
209 2062 287 2106 auno
311 2053 342 2105 et
365 2051 466 2106 mense
490 2063 556 2106 cum
581 2045 645 2105 loco
669 2043 772 2105 Lunae
796 2047 883 2106 datur
906 2045 981 2121 dies,
1006 2057 1037 2108 et
1059 2046 1191 2108 vicissim
1214 2047 1262 2108 die
1286 2046 1359 2107 data
1382 2063 1448 2108 cum

102 2131 216 2194 cetarh
239 2133 328 2195 datur
349 2151 453 2194 annus.
501 2133 549 2196 Ita
577 2133 745 2207 coniicitur,
773 2139 807 2195 ut
834 2133 891 2195 etsi
920 2134 1079 2196 concedam
1103 2133 1308 2198 Ptolemaeum
1330 2133 1464 2197 amasse*

103 2223 135 2284 iu
165 2221 252 2284 annis
276 2222 511 2302 Imperatorum,
544 2231 645 2284 tamen
674 2221 900 2286 observationes
927 2231 1070 2286 maneant
1097 2223 1222 2287 insuia
1255 2223 1361 2300 aunis,
1393 2239 1449 2286 uec

1 2379 6 2397 ⁸
104 2311 224 2376 ratione
247 2329 389 2374 annorum
414 2311 545 2374 incertae
568 2313 651 2374 fiant.

194 2399 313 2474 Restat,
338 2393 372 2462 nt
393 2401 430 2462 de
449 2399 584 2462 historiis
597 2417 696 2482 pauca
709 2398 816 2472 dicam,
838 2419 893 2462 uec
916 2399 994 2462 enim
1017 2408 1065 2464 est
1087 2420 1155 2464 maa
1176 2402 1325 2482 professio
1347 2401 1378 2464 iu
1401 2403 1449 2465 bis

104 2489 214 2552 literis.
251 2489 298 2551 Ac
313 2489 417 2570 Magn.
434 2491 517 2552 lirae
534 2489 681 2569 judicium
695 2488 847 2551 libentius
869 2487 997 2564 audiam,
1021 2490 1049 2551 si
1070 2491 1261 2556 Ptolemaeus
1282 2489 1369 2554 nobis
1393 2491 1449 2553 cb-

105 2577 296 2642 servationes
313 2578 470 2658 depromit,
494 2597 617 2660 quarum
641 2599 660 2640 a
683 2577 769 2640 nobis
792 2585 874 2640 retro
897 2578 1074 2640 distantiam
1097 2579 1242 2644 habemns
1265 2587 1387 2655 certam,
1411 2579 1450 2642 iis

1 2723 2 2730 ,
104 2687 178 2730 vero
202 2667 278 2730 alios
293 2665 622 2748 Imperatorum'annos
642 2663 789 2737 attribuit,
812 2686 900 2748 quarn
924 2667 975 2729 alii
998 2667 1133 2730 historici
1157 2671 1320 2733 attribuere
1342 2669 1451 2731 viden-

1 2824 2 2834 ,
104 2767 156 2820 tur
179 2755 303 2830 (iterum
326 2755 558 2820 indistantiaa
581 2756 667 2818 nobis
690 2757 796 2829 retro),
819 2764 918 2818 utrum
942 2756 1108 2820 laciendum
1131 2757 1191 2820 sit:
1221 2759 1450 2822 Ptolemaeusne

104 2846 219 2910 erroris
242 2847 412 2926 arguendus
436 2847 516 2908 circa
539 2846 641 2907 stilum
665 2843 710 2906 sui
735 2845 847 2920 seculi,
874 2863 912 2905 an
936 2844 1069 2909 historici
1094 2864 1128 2908 eo
1152 2848 1358 2926 posteriores?
1402 2848 1450 2909 De

104 2953 180 2998 aera
202 2935 280 2997 enim
304 2936 409 2998 mortis
423 2935 591 2999 Alexandri
611 2953 703 2996 causa
726 2931 755 2994 in
777 2933 914 2995 confesso
938 2941 995 3007 est,
1018 2934 1077 2995 sita
1100 2953 1204 3015 nempe
1228 2936 1257 2998 in
1280 2937 1450 3016 ignorantia

104 3023 329 3104 chronologiae.
376 3025 451 3088 Mihi
481 3023 644 3086 astronomi
671 3021 816 3086 certiores
849 3030 1014 3103 temporum
1046 3022 1235 3086 characteres
1261 3025 1291 3085 iu
1320 3025 1451 3087 siderum

105 3113 261 3196 aequabili
283 3122 364 3176 motu
388 3114 461 3187 (nisi
479 3115 556 3176 hunc
572 3111 755 3190 negaveris),
779 3129 868 3192 quam
891 3110 1023 3172 historici
1046 3111 1075 3172 in
1099 3111 1162 3172 suis
1185 3113 1339 3174 consulum
1363 3121 1449 3175 cata-

105 3203 187 3283 logis
206 3203 316 3265 habere
331 3202 477 3266 videntur.
515 3202 618 3274 Quare
641 3197 719 3262 mali>
742 3207 865 3280 propter
884 3198 1085 3274 astronomiae
1099 3201 1307 3267 certitudinem
1331 3199 1450 3281 obloqui

107 3291 219 3368 lactis,
252 3311 339 3374 quam
370 3300 491 3372 propter
518 3290 788 3370 turbatissimorum
816 3289 960 3351 sactorum
991 3288 1171 3369 (quicunque
1194 3297 1450 3372 quantumcunque

107 3380 272 3444 mendiceti
296 3382 370 3455 sint)
394 3381 549 3455 fiduciam,
582 3375 781 3443 astronomiae
804 3375 884 3440 iilum
904 3377 1088 3440 Daedaleam
1111 3397 1128 3439 e
1151 3380 1285 3442 manibus
1309 3379 1449 3459 abiicere.

106 3472 178 3534 Non
203 3471 268 3533 ciat
291 3470 392 3552 itaque
414 3470 609 3542 inferendum,
634 3485 737 3530 omues
755 3466 982 3530 observationes
998 3467 1162 3529 Ptolemaei
1182 3487 1259 3530 anno
1280 3487 1338 3530 uno
1361 3467 1451 3530 citius

107 3559 286 3640 contigisse,
309 3577 397 3642 qnam
414 3559 451 3620 ab
476 3553 596 3621 anatole
619 3555 829 3632 inscribantur,
854 3556 908 3618 sed
923 3557 979 3618 hcc
997 3556 1108 3636 potius,
1133 3575 1236 3619 omnes
1251 3557 1451 3638 Imperatores

1 3637 3 3674 i
108 3667 169 3711 nuo
192 3666 269 3710 anuo
293 3647 408 3710 tardius
429 3649 574 3728 coepisse,
598 3665 686 3726 qnam
710 3645 900 3708 Ptolemaeus
928 3645 1102 3708 tradiderit:
1133 3646 1277 3728 siquidem
1299 3645 1451 3710 historicis

107 3737 209 3801 credis
236 3747 268 3800 et
295 3737 471 3819 antiquariis
499 3744 604 3800 contra
633 3735 836 3809 Ptolemaeum
868 3733 1029 3813 «ironam,
1058 3753 1116 3796 nou
1145 3734 1223 3797 enim
1250 3737 1451 3817 Imperatores

107 3844 250 3890 mansura
273 3835 344 3889 sunt
365 3833 496 3888 motuum
519 3822 782 3908 coelestiumsed
803 3824 835 3886 hi
858 3825 1075 3905 Imperatorum
1098 3831 1130 3886 et
1151 3823 1353 3905 Imperiorum.

200 3915 281 3988 Quid
303 3915 470 3995 Bnntingus
493 3915 523 3976 in
546 3912 733 3976 ordinatione
755 3913 910 3975 consulum
931 3913 1133 3991 praestiterit,
1161 3914 1324 3978 astronomi
1346 3931 1451 3995 parum

108 4008 259 4069 interesse
272 4003 362 4085 'puto
391 4011 425 4066 ut
455 4003 550 4078 sciat,
582 4002 640 4064 nisi
668 4009 814 4083 quatenus
838 4001 965 4082 eclipses
990 4001 1106 4082 aliquae
1130 4009 1352 4079 monstrantur,
1376 4023 1451 4084 quae

107 4104 230 4177 postes,
253 4095 325 4156 dato
348 4111 490 4156 annorum
514 4091 653 4166 confinio,
677 4097 856 4172 quaemutur
878 4091 917 4152 ab
940 4097 1128 4166 asuonomo,
1153 4099 1300 4173 utcunque
1322 4091 1451 4154 habente

92 4183 307 4246 annotatione
329 4201 383 4262 per
406 4182 553 4244 consules.
599 4179 634 4244 Si
656 4177 866 4260 intempestive
895 4177 996 4241 omisit
1022 4178 1092 4242 illos
1115 4182 1252 4242 consules
1275 4199 1352 4242 anno
1379 4175 1450 4255 132,

109 4271 192 4355 quod
205 4273 248 4336 Μ.
264 4271 345 4334 Tuae
365 4281 402 4332 ex
417 4269 585 4332 auctoribus
599 4269 688 4330 fidem
703 4267 824 4330 facienti
839 4267 936 4340 credo,
962 4267 1170 4331 continuentur
1192 4287 1280 4348 ergo,
1297 4276 1330 4330 et
1350 4285 1451 4332 eorum

109 4363 178 4424 vice
203 4359 358 4424 omittatur
381 4359 461 4422 aliud
483 4378 538 4440 per
553 4357 660 4420 abhinc
676 4375 768 4438 usque
785 4356 824 4418 ad
840 4355 1030 4420 Constantini
1047 4366 1192 4436 tempora
1224 4359 1303 4420 Nam
1323 4357 1451 4437 eclipses

110 4451 195 4514 clare
218 4457 382 4524 uruntur,
412 4448 611 4510 Mercatorem
639 4445 789 4508 abundare
814 4465 871 4507 nno
895 4464 971 4508 auno
996 4445 1073 4508 iuter
1096 4443 1147 4524 59.
1172 4453 1203 4508 et
1226 4442 1301 4510 360.
1326 4445 1450 4510 Christi.

110 4539 179 4602 Nec
193 4539 308 4612 mirum,
326 4539 388 4600 hoc
409 4535 544 4599 accidere
563 4535 592 4596 in
609 4535 779 4598 consulibus
793 4533 848 4596 sub
862 4534 1113 4616 Imperatoribus:
1137 4554 1204 4596 oum
1218 4534 1297 4597 Dion
1312 4542 1448 4608 testetur,

111 4627 224 4691 multos
247 4627 414 4689 nominatos
442 4624 579 4688 consules
601 4623 819 4706 magistratum¹
834 4622 872 4685 ob
894 4624 1026 4705 inopiam
1049 4640 1106 4685 non
1129 4623 1275 4704 gessisse,
1290 4623 1358 4697 ,sed
1380 4642 1450 4686 ces-

112 4717 193 4780 sisse
217 4715 297 4779 aliis.
341 4715 441 4778 Facile
469 4712 518 4775 hic
546 4727 628 4774 error
654 4713 767 4792 irrepit.
815 4709 876 4774 Sed
898 4719 932 4774 tn
955 4713 1085 4774 fumasse
1109 4730 1201 4774 anuos
1226 4712 1449 4792 lmpemtcmm,

112 4806 169 4870 sub
197 4805 305 4888 quibus
336 4804 434 4867 saeue
465 4799 710 4873 observationes,
742 4799 942 4864 indissolubili
970 4819 1048 4863 nexu
1077 4819 1143 4863 cum
1169 4799 1253 4862 hisce
1280 4801 1451 4864 consulibus

112 4895 196 4958 circa
218 4911 327 4956 anuum
351 4892 421 4956 (ihr.
449 4889 509 4955 132
532 4890 695 4970 conjungIs.
742 4889 844 4969 Dicis,
866 4909 933 4954 nou
962 4889 1037 4952 adeo
1064 4889 1247 4966 mirandum,
1279 4891 1357 4973 qnod
1384 4892 1451 4973 plus
1539 4963 1544 4974 ¹
