3606 5562
348 299 412 370 itt
840 305 1000 371 croesus
1019 306 1204 376 ausaque

348 482 490 562 trianguli
503 481 663 562 sphaerici,
682 484 765 564 cujus
781 485 907 548 alterum
923 485 1003 550 latus
1018 496 1066 550 est
1079 484 1139 553 390
1153 485 1216 563 050,
1231 487 1358 551 alterum
1371 482 1433 552 to·
1443 483 1499 550 22¹
1513 491 1548 548 st
1563 485 1691 566 angulus

347 571 577 654 comprehensus
591 567 702 646 00100,
721 572 799 636 latus
812 555 936 636 'tertium
950 585 998 636 est
1013 571 1059 651 60,
1074 577 1180 660 itaque
1190 575 1328 640 milliaria
1342 575 1394 642 90.
1419 578 1524 657 Itaque
1538 575 1691 677 rogandus

347 679 380 724 es
403 661 605 723 astronomiae
628 681 729 733 causa,
752 679 840 744 quam
863 681 952 744 agere
975 673 1005 726 te
1029 667 1108 728 serio
1130 665 1230 741 video,
1252 673 1286 728 ut
1307 667 1378 729 mihi
1402 673 1483 728 mam
1507 662 1690 727 seutentiam

346 749 525 830 patefacias,
549 769 587 811 an
611 749 775 826 existimes,
800 752 877 815 huuc
898 771 1027 816 errorem
1045 755 1150 833 Belgis
1174 764 1205 816 st
1226 755 1327 817 nautis
1346 753 1437 817 tribui
1456 773 1548 834 posse
1573 753 1643 816 ab'
1635 771 1691 814 rm·

347 839 450 918 pedite
474 839 541 901 loce
563 840 659 920 aquis,
683 859 721 902 au
745 858 815 904 vero
838 840 950 904 existet
973 843 1081 926 aliquis
1099 851 1277 924 prospectus
1294 863 1332 907 ex
1345 841 1523 924 Antuerpia
1544 843 1577 906 iu
1594 842 1691 904 alter-

346 936 444 990 utram
465 927 611 1006 Frisium,
635 947 672 990 ex
694 948 752 1010 quo
776 930 812 992 de
835 931 927 1013 plaga
948 931 1064 996 Frisiae
1083 932 1229 1012 judicium
1253 934 1322 996 terri
1344 932 1467 1015 possit?
1489 938 1538 1001 (all
1560 937 1691 1005 eosdm-l

353 1348 358 1360 ¹
434 1357 600 1423 Propoueutes
617 1357 747 1408 lectoribus
765 1358 907 1423 opusculum
923 1359 988 1425 quod
1005 1361 1140 1424 praemiata
1152 1361 1294 1425 respiciunt.
1311 1359 1359 1410 hec
1375 1365 1474 1410 tautam
1491 1363 1620 1414 ιιοιιιιιιι,
1637 1371 1692 1422 per-

347 1442 421 1496 quam
438 1443 492 1478 raro
510 1428 571 1478 illud
588 1443 713 1479 occurrere
731 1429 757 1478 iu
775 1429 934 1480 bibliothecis.
971 1429 1076 1482 Unicum
1094 1433 1159 1498 quod
1177 1431 1246 1483 uobis
1267 1433 1293 1480 iu
1314 1444 1401 1482 manua
1419 1432 1486 1481 veuit
1505 1427 1633 1494 exemplar
1650 1441 1690 1477 ae·

347 1501 455 1564 capimur
473 1499 589 1550 benevole
607 1500 760 1550 concedente
777 1503 826 1550 atro
846 1501 984 1552 doctissime
1004 1501 1090 1552 Otto
1116 1504 1155 1554 de
1174 1501 1304 1553 Strurs
1330 1517 1360 1552 ex
1377 1501 1527 1553 bibliotheca
1544 1497 1691 1552 Palkareusi

346 1571 419 1634 paula
437 1578 563 1638 postam
584 1572 697 1622 retunsa
714 1571 748 1620 11.
770 1578 869 1623 umtras
892 1573 1006 1624 editionis
1030 1575 1093 1639 typis
1118 1575 1269 1639 smerlptum
1296 1581 1368 1631 erat.
1396 1572 1502 1637 illudque
1532 1570 1566 1620 ad
1594 1571 1691 1620 ιιιιιιιι

345 1644 425 1694 assati
442 1643 597 1709 aqamdbus
615 1643 679 1692 loliis
696 1643 860 1694 recudendum
879 1647 1023 1696 curavimus.

602 1803 682 1876 ao
724 1803 958 1878 RERUM
999 1741 1434 1880 comesurum

689 2027 696 2040 ,
723 1935 994 2020 onerosas
1022 1945 1313 2029 curvemus,

347 2086 510 2166 Hispaniae
533 2079 719 2164 potissimum
744 2086 890 2148 citerioris
914 2096 944 2149 et
964 2087 1083 2150 Galliae
1107 2088 1272 2163 ulterioris,
1297 2089 1523 2168 insularumque
1546 2085 1692 2168 Corsicae

859 2185 890 2238 et
912 2177 1034 2241 Siciliae
1057 2177 1176 2239 Incolae
1237 2239 1240 2244 ,

390 2243 393 2252 ’
489 2293 1542 2410 ιιιοιιιιιιιιιιι

545 2459 646 2522 ouon
667 2459 740 2513 uoc
761 2461 862 2516 sano
886 2459 959 2518 reos
981 2461 1104 2516 annes
1126 2461 1280 2518 occoear
1299 2461 1484 2524 concrum,

896 2571 1134 2648 EPISTOLA

733 2716 993 2790 scaurus
1029 2717 1298 2791 nactast

830 2841 858 2897 a.
869 2821 909 2898 'o
929 2837 987 2897 ut·
1006 2841 1204 2896 accressere.

943 2971 1086 3024 PRAGAE.

693 3079 696 3086 ’
805 3063 826 3114 E
845 3061 1014 3128 Typegrapbio
1034 3047 1223 3110 Hchumaniauo.

968 3175 1069 3184 ‚0-——n-

349 3239 350 3246 ¹
434 3245 536 3312 Causa
558 3249 629 3312 milri
652 3268 724 3322 roe,
754 3251 862 3312 oViri
890 3271 987 3314 rerum
1010 3248 1178 3329 cognitione
1206 3247 1337 3320 nobiles,
1367 3243 1571 3307 florentissimi
1597 3244 1692 3306 seculi

346 3340 462 3400 loetura
484 3337 647 3414 uberrima,
677 3339 849 3420 alloquendi
871 3357 943 3402 voce
971 3339 1106 3441 publica,
1138 3355 1233 3418 neque
1255 3335 1364 3398 frivola
1387 3340 1436 3395 est
1456 3351 1553 3415 neque
1577 3333 1691 3414 imper-

344 3426 462 3489 tineus.
487 3427 648 3509 deliquium
662 3427 753 3503 Solis,
778 3429 856 3510 quod
875 3429 961 3509 hujus
980 3419 1059 3497 anui.
1083 3445 1169 3508 quem
1189 3425 1322 3508 quintum
1344 3439 1535 3484 numeramus
1556 3421 1589 3483 in
1614 3441 1691 3483 noro

346 3514 465 3588 secolo,
494 3533 597 3578 menes
621 3516 747 3581 Octobri
770 3518 906 3596 contigit
953 3515 1023 3590 Qus
1046 3517 1082 3578 de
1105 3515 1233 3577 materia
1256 3513 1282 3596 si
1309 3530 1396 3594 quem
1423 3520 1578 3583 vestmm‚
1611 3511 1692 3591 quod

346 3602 518 3682 abominor,
549 3607 666 3706 pigeret
692 3614 811 3668 mutuas
838 3606 956 3668 haurire
980 3615 1013 3669 et
1034 3606 1174 3667 reddere
1180 3623 1289 3678 voces,
1320 3607 1354 3663 at
1379 3619 1426 3662 mc
1455 3619 1513 3662 non
1544 3609 1691 3682 quaerere

345 3675 475 3777 pudeat,
509 3694 558 3773 qui
590 3715 608 3755 a
640 3714 754 3758 summo
783 3693 947 3758 Christiani
981 3695 1061 3757 orbis
1090 3692 1228 3774 Principe
1260 3692 1290 3752 in
1322 3697 1439 3770 partem
1470 3689 1691 3751 restaurandae

345 3781 546 3844 aetrommiae
566 3802 631 3845 sum
647 3784 801 3860 adscitus3
824 3803 883 3846 uon
903 3785 1056 3866 quaesisse
1075 3783 1242 3862 poeniteat
1247 3777 1402 3862 perpetim,
1426 3779 1542 3860 quaudo
1565 3797 1690 3839 auream

344 3873 422 3934 hauc
446 3870 651 3946 occasionem,
681 3872 749 3954 ipsa
776 3873 936 3937 solitudine
965 3872 1113 3946 nobilem,
1146 3889 1248 3932 amens
1276 3869 1446 3950 neglexero.
1493 3866 1631 3946 Legistis
1655 3865 1690 3926 dc

343 3961 526 4040 Hipparcho,
550 3961 599 4042 qui
622 3961 678 4024 sub
691 3962 875 4024 Ptolemaeis
889 3961 1023 4044 Aegypti
1045 3961 1158 4042 primus
1181 3960 1243 4022 iere
1263 3957 1419 4021 scientiam
1437 3955 1517 4018 Solis
1537 3962 1570 4017 et
1584 3955 1690 4017 Lunae

344 4056 476 4113 motuum
500 4049 667 4126 constituit,
698 4052 876 4114 referentem
904 4053 965 4114 ista
992 4050 1186 4121 Thoonem,
1216 4049 1265 4129 qui
1288 4047 1343 4109 sub
1365 4044 1554 4107 Diocletiano
1579 4043 1689 4118 floruit,

346 4137 567 4202 Commentario
600 4159 689 4220 super
721 4141 855 4220 quintum
883 4140 994 4220 Magni
1024 4137 1133 4220 Operis
1161 4136 1346 4200 Ptolemaei:
1393 4136 1431 4198 ls
1466 4132 1691 4214 (Hipparchus)

344 4227 470 4292 lihroI.
494 4227 535 4290 de
552 4227 829 4310 Magnitudiue'bus
850 4238 880 4294 et
901 4227 1084 4294 Intervallis
1105 4228 1238 4290 coacuit
1257 4223 1468 4309 spectaculum
1489 4221 1691 4310 bajumaodi:

345 4316 520 4400 deliquium
545 4315 647 4391 Solis,
676 4338 735 4399 quo
759 4317 934 4400 deliquio
920 4340 955 4381 ιιι
976 4317 1056 4382 locis
1079 4318 1165 4380 ιίνιι
1186 4313 1426 4398 Hellespontum
1446 4319 1530 4376 totus
1552 4311 1612 4374 Sol
1635 4330 1691 4375 ac-

345 4415 453 4471 curate
475 4413 572 4470 umes
591 4409 700 4483 suerit,
723 4415 758 4470 ut
779 4405 1225 4481 solemmacensis
1242 4401 1447 4466 Alexandria
1466 4421 1538 4464 uero
1551 4399 1692 4484 Aegypti

345 4497 386 4558 de
413 4497 549 4579 quicque
571 4497 720 4578 partilem
748 4496 898 4559 dicmetn
925 4505 1061 4604 quatem
1089 4515 1242 4560 ιιιιιιιιιιι
1269 4493 1447 4573 defecerint
1493 4492 1609 4574 Itaque
1631 4509 1692 4573 pe·

346 4587 423 4648 hoec
444 4587 610 4668 supposito
632 4585 861 4649 demonstrct'
846 4607 881 4648 m
897 4589 1005 4668 peiore
1023 4585 1114 4660 libro,
1138 4584 1222 4665 paod
1239 4582 1416 4664 cotosmor·
1431 4581 1578 4663 partium
1594 4580 1690 4642 uoti-

346 4675 499 4738 de‘cmcter
523 4671 664 4737 Telluris
683 4676 823 4755 possidet
844 4695 954 4746 uuum,
981 4683 1142 4738 tenturum
1166 4670 1204 4734 71
1225 4673 1289 4734 ast
1316 4672 1351 4734 e're
1372 4671 1552 4734 ὸιιιίιιίιιιι
1575 4669 1691 4732 [auae

347 4771 377 4825 et
408 4759 548 4826 Telluris
578 4761 761 4838 iuteucllo,
794 4765 830 4829 in
854 4763 1035 4848 lorege'saimo
1062 4783 1134 4827 cero
1166 4757 1223 4825 83.
1274 4761 1428 4822 Hactenus
1458 4757 1581 4832 Theon,
1614 4775 1694 4838 quae.

349 4851 410 4914 fere
435 4851 538 4912 eadem
561 4860 593 4912 et
616 4849 804 4946 Cleomedee.
1212 4913 1214 4920 .
