3674 5532
821 295 861 350 De
878 295 985 350 Motibus
1007 295 1100 350 Stellae
1117 295 1206 352 Martie

1157 475 1323 539 eccentrico
1336 475 1457 539 circulo.
1478 475 1529 541 Sit
1538 473 1602 557 ejus
1612 496 1688 541 cen·
1800 555 1801 560 ἵ

1155 577 1234 629 trum
1267 567 1358 630 abA
1386 585 1493 629 versus
1523 575 1626 648 partes
1649 569 1688 632 Β.
1747 624 1751 638 ,

1155 656 1205 719 Sit
1234 664 1334 718 autem
1363 655 1421 717 AL
1456 657 1562 736 regula
1588 657 1690 718 lineae

1155 745 1292 826 apsidum
1310 744 1433 820 Martis,
1456 753 1491 806 nt
1506 745 1585 808 linea
1600 745 1689 826 apsi-

1156 835 1225 896 dum
1245 833 1439 896 circulatione
1460 841 1492 895 et
1512 834 1690 915 transposi-

1156 923 1237 985 tione
1276 923 1321 985 sui
1363 923 1523 990 eccentrici
1569 942 1691 1005 semper

1155 1021 1278 1075 maneat
1316 1012 1482 1093 parallelos
1523 1012 1583 1094 ipsi
1619 1015 1689 1076 AL.

1156 1102 1226 1165 Sint
1247 1109 1347 1164 autem
1366 1100 1464 1163 lineae
1479 1101 1570 1164 medii
1586 1110 1690 1166 motus

1155 1191 1237 1254 Solis
1262 1192 1301 1253 ad
1330 1197 1436 1253 nostra
1468 1198 1596 1272 quatuor
1618 1212 1689 1255 mo-

1113 1299 1118 1320 ·
1154 1287 1256 1342 menta
1278 1281 1348 1355 AH,
1371 1280 1438 1352 AT,
1462 1282 1528 1356 ΑΕ,
1551 1281 1625 1344 AS:
1656 1289 1690 1344 et

1155 1390 1192 1447 err
1208 1369 1236 1432 A
1250 1370 1409 1452 ejiciantur
1422 1369 1520 1431 lineae
1536 1370 1689 1434 visionum

1155 1460 1276 1536 Martis,
1298 1465 1389 1541 prout
1408 1479 1499 1539 supra
1514 1459 1690 1541 descriptae

1156 1555 1235 1624 sunt,
1259 1550 1290 1612 in
1304 1549 1382 1610 hunc
1397 1548 1445 1610 vel
1468 1548 1553 1612 illum
1568 1549 1689 1612 zodiaci

1154 1638 1279 1718 gradum
1330 1654 1465 1716 vergere.
1533 1639 1576 1701 Et
1617 1640 1690 1720 quia

1152 1727 1274 1809 ponitur
1288 1728 1375 1789 Mars
1400 1726 1537 1790 omnibus
1559 1734 1689 1809 quatuor

1153 1817 1270 1879 vicibus
1294 1815 1400 1877 eodem
1421 1815 1488 1878 loco
1508 1817 1688 1880 eccentrici:

1154 1923 1245 1987 quare
1268 1903 1433 1967 distantiae
1453 1903 1518 1984 ejus
1532 1927 1551 1967 a
1564 1907 1689 1988 punctis

1154 1994 1245 2057 medii
1263 1994 1323 2056 loci
1337 1993 1419 2056 Solis
1438 1997 1579 2075 aequales
1598 2003 1690 2058 erunt

1155 2103 1258 2146 omnes
1281 2091 1313 2146 et
1334 2083 1483 2164 paralleli.
1522 2084 1592 2148 Sint
1615 2085 1686 2162 GH,

1152 2175 1213 2249 FT,
1238 2174 1291 2248 lE,
1314 2173 1369 2242 Ks
1393 2191 1496 2235 omues
1530 2175 1687 2258 aequales,

335 2278 366 2332 et
388 2267 491 2348 auguli
514 2265 616 2340 LHG,
640 2265 733 2338 LTF,
757 2263 844 2336 LEI,
868 2261 950 2324 LSK
980 2265 1122 2346 aequales
1149 2264 1243 2345 priori
1264 2265 1357 2328 ΛΑΚ
1377 2267 1443 2338 OElg·
1462 2268 1517 2332 77.)
1539 2263 1588 2326 vel
1621 2267 1688 2326 iar

332 2365 399 2432 (rig.
420 2361 475 2424 78).
500 2357 544 2418 sic
566 2363 600 2416 ut
622 2355 707 2415 Mars
731 2353 770 2412 ad
793 2358 898 2413 nostra
920 2361 1072 2415 momenta
1094 2353 1136 2416 sit
1158 2353 1188 2415 iu
1211 2353 1250 2428 G,
1273 2355 1309 2425 F,
1335 2353 1359 2427 Ι,
1383 2353 1422 2416 Κ.
1468 2353 1511 2415 Et
1532 2360 1566 2415 ut
1589 2353 1687 2417 obiter

219 2467 222 2474 ’
333 2465 483 2518 moneam,
506 2445 582 2506 haec
597 2450 724 2524 quatuor
741 2448 853 2521 puncta
872 2441 910 2514 G,
934 2444 969 2517 F,
993 2445 1016 2517 I,
1040 2443 1071 2504 K
1093 2443 1205 2504 facient
1220 2443 1250 2504 iu
1268 2443 1312 2504 rei
1335 2441 1464 2504 veritate
1479 2462 1580 2506 arcum
1595 2444 1686 2524 plane

241 2586 244 2601 .
335 2535 492 2617 aequalem
516 2540 547 2594 et
570 2530 736 2611 aequaliter
760 2529 851 2592 situm
874 2549 940 2591 cum
962 2531 1054 2613 priori
1078 2553 1149 2594 arcu
1174 2533 1287 2595 ΘΗΕΖ
1309 2531 1340 2593 in
1363 2532 1460 2592 forma
1477 2531 1685 2594 Ptolemaica:

269 2687 275 2699 ,
336 2624 407 2704 quia
429 2622 513 2686 nulla
529 2621 658 2704 amplius
673 2627 722 2680 est
736 2619 916 2694 differentia,
939 2640 1028 2701 quam
1047 2621 1126 2702 quod
1144 2621 1337 2684 Ptolemaeus
1361 2621 1526 2702 epicyclum
1548 2622 1686 2684 theoriae

332 2713 414 2776 Solis
438 2710 596 2791 aequalem
618 2710 649 2772 in
672 2708 839 2770 eccentrico
859 2707 1039 2784 circumfert,
1063 2711 1165 2792 Tycho
1185 2711 1382 2772 eccentricum
1406 2711 1435 2772 iu
1458 2710 1577 2773 theoria
1591 2711 1705 2789 Solis,

333 2822 385 2864 seu
410 2802 441 2863 in
465 2800 583 2881 aequali
607 2799 718 2860 circulo
742 2797 800 2878 ipsi
824 2798 957 2880 epicyolo
976 2799 1170 2862 Ptolemaico.

419 2891 552 2954 Rursum
580 2887 672 2968 igitur
698 2887 888 2949 manentibus
917 2887 1025 2950 iisdem
1055 2889 1173 2969 angulis
1202 2897 1233 2950 et
1263 2887 1395 2948 numeris
1418 2887 1685 2967 demonstrabitur,

332 2979 410 3062 quod
433 2979 531 3040 lineae
554 2977 631 3052 ΛΗ,
654 2977 728 3052 ΔΤ,
751 2976 824 3050 ΑΕ,
849 2975 903 3038 AS
925 2985 1047 3057 praeter
1070 2979 1238 3059 opinionem
1262 2977 1324 3040 sint
1346 2977 1530 3068 inaequales.
1577 2981 1684 3061 Itaque

331 3076 472 3150 punctum
496 3068 571 3130 illud
585 3065 754 3142 eccentrici,
777 3067 855 3127 unde
870 3066 1025 3146 consurgit
1047 3067 1158 3130 Martis
1173 3075 1204 3130 et
1219 3067 1346 3129 omnium
1365 3066 1554 3149 planetarum
1574 3085 1684 3132 eccen-

331 3159 451 3221 tricitas
482 3157 576 3238 (quod
601 3157 665 3236 jam
692 3155 812 3235 ponitur
839 3155 870 3216 iu
897 3154 978 3216 linea
1006 3156 1097 3218 medii
1123 3165 1222 3220 motus
1251 3156 1334 3220 Solis
1364 3157 1526 3220 secundum
1554 3167 1686 3222 mentem

334 3248 481 3332 artificum
503 3245 661 3327 priorum),
684 3264 742 3307 nou
769 3243 905 3306 circumit
925 3245 956 3305 iu
980 3245 1033 3307 illo
1057 3246 1168 3309 circulo
1190 3245 1262 3321 DC,
1286 3247 1366 3308 circa
1389 3247 1474 3327 cujus
1498 3255 1632 3311 centrum
1655 3251 1686 3312 A

335 3337 477 3417 aequales
500 3335 575 3398 lacit
604 3334 731 3414 angulos
755 3332 931 3414 aequalibus
953 3336 1138 3416 temporibus
1146 3356 1155 3411 ;
1186 3335 1292 3397 sedin
1316 3335 1429 3399 circulo
1451 3337 1574 3414 HTES,
1600 3339 1687 3418 cujus

333 3433 466 3486 centrum
492 3445 510 3506 a
531 3426 557 3487 B
583 3430 684 3485 centro
701 3422 861 3485 eccentrici
883 3421 966 3485 Solis
989 3424 1088 3504 vergit
1110 3425 1140 3486 in
1162 3432 1266 3506 partes
1281 3426 1457 3500 contrarias,
1483 3435 1517 3488 ut
1538 3427 1687 3491 hactenus

335 3533 441 3576 crassa
462 3513 600 3576 Minerva
622 3531 660 3575 ex
682 3511 757 3593 ipsis
780 3511 869 3574 lineis
892 3511 1041 3593 apparuit.

919 3744 1104 3754 —.—--...

877 3919 997 4019 Caput
1022 3919 1145 3996 XXV.

339 4084 395 4150 Ea
424 4085 525 4148 tribaca
553 4083 716 4146 distantiis
738 4079 826 4144 Solia
848 4103 869 4144 o
891 4087 996 4168 ceramo
1026 4081 1154 4155 mrmdi,
1188 4085 1319 4166 coyrritie
1347 4081 1426 4149 locia
1456 4087 1513 4150 aab
1542 4087 1686 4167 zodiaco,

503 4175 662 4256 inquirere
685 4190 861 4254 upoqaerurr
883 4179 913 4236 er
933 4172 1189 4236 ecccratricr'tatem
1212 4173 1299 4238 Solia
1320 4171 1368 4236 cel
1391 4174 1520 4238 Terrae.

428 4313 638 4386 Quantitatem
661 4319 760 4376 autem
783 4315 1016 4378 eccentricitatis
1039 4322 1071 4376 et
1094 4315 1184 4378 situm
1207 4315 1333 4397 apogaei
1356 4315 1489 4395 probabo
1507 4317 1572 4398 jam
1595 4337 1685 4400 porro

319 4407 372 4492 ⁸in
394 4403 482 4466 unico
506 4401 617 4465 circulo
641 4401 775 4465 omnibus
798 4405 894 4467 tribus
918 4403 1022 4467 lormis
1046 4412 1127 4486 apto.
1163 4405 1265 4468 Facile
1288 4405 1368 4467 euim
1390 4415 1525 4487 apparet,
1549 4411 1685 4474 rationes

342 4513 409 4556 esse
431 4491 636 4556 tantummodo
653 4493 825 4572 oppositas:
849 4503 884 4556 ut
905 4495 935 4556 in
960 4495 1055 4556 forma
1070 4494 1277 4575 Goperuicana
1298 4496 1378 4558 linea
1393 4495 1571 4576 longissima
1586 4500 1687 4580 vergit

342 4583 373 4662 in
389 4581 543 4658 Geminos,
566 4582 597 4643 iu
619 4581 743 4663 reliquis
766 4583 870 4644 formis
893 4583 991 4664 vergit
1013 4583 1043 4644 in
1060 4584 1270 4664 Sagittarium:
1294 4591 1453 4666 propterea
1467 4588 1547 4666 qnod
1566 4588 1685 4670 Goper-

342 4671 427 4735 nicus
449 4671 546 4734 visum
567 4690 674 4733 versus
697 4679 829 4734 ceutmm
852 4672 964 4752 dirigit,
988 4673 1094 4755 reliqui
1117 4695 1136 4735 a
1158 4684 1270 4736 centro.
1318 4673 1419 4746 Quare
1449 4675 1541 4738 etiam
1566 4678 1684 4761 Coper.

345 4762 428 4824 uicus
451 4768 536 4824 trans
560 4767 693 4823 centrum
715 4759 746 4822 in
768 4767 871 4842 partes
893 4762 1009 4823 zodiaci
1033 4765 1153 4825 easdem
1176 4764 1272 4826 visum
1295 4763 1398 4844 dirigit
1420 4781 1487 4826 cum
1510 4769 1629 4830 ceteris.

436 4847 613 4935 Exponatur
635 4851 762 4914 circulus
776 4847 869 4929 θηιζ
890 4857 955 4928 (lig.
976 4857 1021 4922 ⁷⁰)
1044 4861 1147 4916 centro
1162 4854 1191 4932 β,
1215 4853 1244 4916 in
1264 4873 1321 4936 quo
1340 4871 1359 4916 a
1377 4861 1518 4935 suscepto
1540 4866 1651 4941 puncto
1666 4885 1687 4926 α
