3674 5532
341 279 406 350 310
747 345 751 354 ,
827 283 869 338 De
887 284 994 338 hictibus
1012 283 1105 336 Stellae
1122 282 1211 338 num

339 463 382 527 sit
404 460 576 544 superficies
591 459 850 544 hemisphaerica}
873 483 943 528 nam
962 483 1057 544 aeque
1073 461 1280 544 multiplicium
1294 461 1400 524 eadem
1422 468 1469 523 est
1483 461 1523 523 ad
1537 479 1570 523 se
1585 466 1690 523 mutuo

336 551 503 634 proportio.
536 549 710 633 ¹sphaerica
723 570 794 614 vero
809 554 981 634 superficies
997 554 1035 615 ab
1054 552 1277 616 Archimede
1302 552 1509 613 demonstrata
1523 558 1572 614 est
1590 549 1691 632 quad-

340 644 427 723 rupla
458 661 525 705 esse
557 642 596 704 ad
625 641 745 722 planum
768 642 870 706 circuli
893 643 1013 705 maximi
1046 643 1075 704 iu
1108 641 1238 722 sphaera
1268 641 1381 722 scripti.
1428 636 1556 702 Omnino
1587 639 1690 720 itaque

340 750 448 812 corpus
479 726 568 811 duplo
599 730 715 792 distans
747 730 865 812 longius
894 733 924 793 iu
950 755 967 812 y
996 749 1084 812 quarn
1112 731 1141 791 iu
1175 731 1210 806 β,
1233 730 1354 792 uidetur
1383 730 1501 808 octuplo
1533 727 1690 792 obscurius

339 822 439 884 lucere
470 820 609 883 debuisse
640 819 669 880 in
691 843 707 900 y
729 839 817 900 quarn
849 822 878 884 in
901 823 931 900 β,
963 841 1022 898 non
1055 820 1261 882 tantummodo
1295 819 1394 900 duplo.
1439 817 1559 881 Etenim
1589 837 1627 880 ex
1655 834 1691 878 eo

340 909 406 992 ipse
429 909 548 974 videtur
570 907 685 970 intendi
713 908 821 972 debere
846 912 970 974 claritas
1000 909 1166 984 radiorum,
1201 907 1279 988 quod
1307 927 1432 990 corpora
1460 905 1498 969 e'x
1525 905 1690 990 appropin-

342 998 483 1082 quatione
511 999 649 1060 videntur
679 999 867 1080 amplificari,
902 1008 934 1063 ut
957 999 1062 1062 Venus
1094 998 1123 1060 in
1158 998 1298 1080 perigaee
1329 998 1452 1080 epicycli
1476 996 1692 1061 evidentiorem

342 1088 517 1171 corporibus
539 1087 675 1150 umbram
698 1087 915 1172 circumscribit
939 1109 1027 1170 quam
1050 1088 1080 1150 in
1104 1107 1249 1171 apogaeo.
1287 1085 1403 1150 Eadem
1426 1087 1528 1167 igitur,
1552 1087 1582 1148 vi
1605 1105 1691 1148 corn-

342 1177 509 1262 paratiouis
533 1197 552 1238 a
574 1175 660 1238 nobis
683 1175 841 1240 institutae
865 1179 944 1242 inter
967 1179 1063 1242 lucem
1086 1187 1117 1241 et
1144 1178 1204 1240 vim
1235 1177 1405 1252 matricem,
1439 1177 1577 1246 videntur
1599 1183 1632 1238 et
1654 1175 1691 1236 de

338 1267 369 1330 vi
392 1267 516 1331 metrice
535 1263 651 1346 concipi
676 1265 795 1329 dehere.

427 1357 478 1420 Ad
500 1356 578 1418 hanc
593 1355 792 1434 objectionem
811 1355 906 1418 solide
929 1354 1106 1435 respondeo,
1130 1354 1159 1417 in
1183 1355 1281 1436 prima
1293 1355 1395 1435 puncti
1414 1354 1564 1436 positione
1582 1353 1689 1416 falsum

342 1445 465 1510 assumi.
512 1445 591 1508 Nam
615 1443 673 1505 etsi
697 1443 741 1507 sic
764 1463 820 1526 ego
851 1445 881 1507 in
905 1443 1024 1524 Opticis
1048 1464 1163 1526 qunque
1186 1446 1305 1508 locutus
1328 1463 1411 1520 sum,
1434 1452 1468 1506 at
1492 1463 1559 1507 cum
1581 1443 1690 1526 opticis

339 1555 386 1598 me
410 1537 540 1599 locutum
554 1531 881 1616 memineris„qu0rnm
896 1542 1009 1615 puncta
1032 1543 1064 1596 et
1086 1535 1181 1596 lineae
1196 1553 1255 1596 uon
1279 1543 1349 1597 sunt
1371 1531 1459 1614 plane
1479 1533 1688 1596 indivisibiles.

339 1625 459 1688 Etenim
476 1623 556 1706 quod
576 1630 719 1704 punctum
743 1622 864 1693 attinet,
889 1643 954 1685 cum
978 1623 1008 1685 id
1033 1624 1144 1686 nullam
1164 1623 1301 1686 obtineat
1323 1623 1533 1702 quantitatem,
1557 1622 1689 1703 amplifi-

326 1720 445 1778 ¹centur
459 1731 530 1776 vero
545 1711 730 1776 radiatiunes
750 1732 815 1774 cum
831 1712 1050 1794 quantitatibus
1066 1731 1236 1794 corporum:
1257 1713 1399 1795 sequitur,
1422 1711 1527 1792 puncti
1541 1711 1691 1775 radiatio-

337 1822 407 1867 nem
427 1821 482 1885 per
505 1821 539 1864 se
568 1801 680 1863 nullam
705 1821 788 1878 esse,
822 1821 913 1883 quare
941 1801 1050 1879 nullius
1078 1801 1253 1865 radiationis
1286 1801 1368 1864 nulla
1388 1801 1489 1862 etiam
1517 1801 1615 1880 major
1641 1800 1691 1862 vel

338 1893 435 1958 minor
459 1889 606 1955 densitas.
652 1891 759 1972 Itaque
783 1891 938 1972 usurpatio
961 1891 1056 1970 prima
1079 1891 1280 1972 proportionis
1303 1889 1516 1952 distantiarum
1536 1892 1581 1969 αβ
1595 1881 1635 1952 ad
1650 1912 1692 1970 ay

338 1984 397 2045 hec
419 1989 510 2066 pacto
534 1979 697 2043 intercidit.
745 1979 825 2052 Quin
849 1979 949 2061 potius
978 1981 1015 2042 ob
1042 1979 1073 2042 id
1103 1981 1198 2060 ipsum
1227 1979 1366 2052 dicimus,
1397 1987 1537 2061 punctum
1568 1979 1690 2060 aliquod

338 2071 445 2136 fortius
460 2069 509 2132 vel
532 2069 710 2132 imbecillius
733 2070 844 2145 lucere,
869 2068 1028 2151 quiaillud
1050 2069 1290 2149 punctumnobis
1313 2070 1457 2152 majorem
1480 2071 1527 2132 vel
1546 2070 1691 2132 minorem

338 2161 541 2245 quantitatem
564 2157 715 2238 designat.

425 2251 462 2316 In
491 2248 623 2312 secunda
652 2246 754 2310 circuli
783 2253 814 2308 et
843 2245 936 2309 tertia
959 2245 1033 2308 disci
1063 2246 1211 2327 positione
1235 2247 1292 2309 duo
1321 2247 1400 2310 falsa
1430 2245 1542 2309 insunt.
1588 2245 1690 2308 Primo

339 2341 420 2423 quod
443 2337 571 2401 circulus
593 2335 834 2411 mathematicus,
860 2353 966 2398 carens
989 2335 1163 2412 latitudine,
1196 2337 1318 2416 fingitur
1341 2338 1453 2398 lucere:
1486 2355 1553 2398 cum
1575 2334 1611 2396 is·
1626 2341 1692 2398 tam

337 2447 396 2490 uon
411 2427 512 2490 luceat
534 2444 567 2486 se
582 2423 658 2504 ipso,
684 2443 772 2504 quarn
795 2442 852 2486 non
877 2431 980 2505 potest
998 2424 1096 2488 lucere
1120 2421 1272 2506 puuctum,
1297 2443 1335 2486 ex
1349 2424 1434 2504 cujus
1449 2425 1539 2488 ductu
1560 2423 1691 2488 circulus

338 2515 421 2598 gigni
449 2511 638 2593 intelligitur.
686 2512 767 2575 Saue
795 2513 888 2576 nihilo
915 2513 1012 2594 magis
1040 2515 1223 2596 promoveris
1252 2515 1292 2578 ad
1319 2513 1520 2596 superficiem,
1553 2521 1692 2578 assumta

339 2606 420 2668 linea
442 2602 533 2666 trium
557 2601 723 2664 stadiorum
746 2621 834 2684 quam
857 2601 946 2664 trium
969 2603 1087 2683 pedum.

425 2691 563 2756 Secundo
587 2691 709 2772 lingitur
732 2691 924 2772 amplificatio
944 2693 1044 2772 optica
1067 2692 1206 2756 diametri
1224 2693 1272 2756 vel
1292 2693 1368 2756 disci
1384 2693 1494 2756 addere
1519 2691 1689 2756 fortitudini
1797 2717 1802 2726 ·

337 2783 498 2858 radiorum,
529 2799 596 2842 cum
620 2782 661 2842 ait
682 2787 800 2842 tanturn
833 2779 970 2861 deceptio
998 2779 1129 2863 visoriae
1161 2781 1319 2846 facultatis
1342 2791 1434 2844 etex
1456 2800 1566 2862 genere
1590 2782 1689 2846 ratio-

336 2872 449 2936 nalium
472 2869 601 2945 entium,
634 2869 740 2952 quibus
769 2869 854 2932 nulla
877 2877 926 2932 est
954 2870 1124 2934 efficientia.
1173 2872 1276 2954 ltaque
1306 2869 1385 2933 idern
1407 2891 1440 2932 re
1468 2871 1536 2954 ipsa
1558 2871 1689 2936 circulus

337 2967 391 3038 ds,
423 2959 527 3023 eadem
558 2957 730 3039 superficies
754 2964 819 3022 tas
843 2957 887 3034 (in
910 2960 1033 3040 negotio
1056 2961 1158 3035 lucis),
1190 2961 1269 3024 idem
1299 2979 1406 3042 corpus
1430 2965 1468 3024 ts
1492 2960 1539 3036 (in
1566 2961 1689 3044 negotio

324 3051 473 3125 uirtutis)
487 3067 623 3124 manens,
647 3048 711 3110 sive
728 3067 794 3129 exy
815 3047 1011 3129 adspiciatur,
1036 3050 1099 3114 sive
1117 3069 1155 3112 ex
1170 3050 1199 3128 β,
1223 3051 1303 3113 idem
1321 3051 1413 3113 etiam
1435 3057 1581 3132 perpetuo
1596 3069 1687 3131 prae-

336 3141 432 3206 stabit
449 3146 481 3202 et
495 3137 614 3214 efficiet,
640 3144 671 3199 et
686 3137 863 3200 tantundem
888 3147 1012 3219 sparget
1034 3139 1154 3202 virtutis
1170 3140 1220 3202 vel
1243 3138 1319 3202 lucis
1343 3139 1373 3202 in
1387 3139 1519 3218 orbemy
1539 3139 1687 3204 laxiorem

336 3237 479 3315 quantum
501 3227 575 3305 inp
605 3227 827 3306 augustiorem:
861 3227 937 3289 nihil
967 3226 1045 3289 euim
1075 3229 1155 3308 perit
1186 3227 1217 3289 in
1245 3217 1370 3304 itinere3
1399 3229 1537 3310 pervenit
1569 3229 1688 3310 species

244 3362 247 3373 .
335 3322 454 3401 integra
485 3335 574 3400 quam
608 3316 691 3378 lubet
726 3315 947 3392 remotissime,
983 3317 1190 3380 tantummodo
1227 3319 1423 3400 sphaerarum
1459 3318 1688 3382 extensionibus

336 3415 519 3482 attenuatur,
543 3413 577 3467 ut
599 3405 629 3466 iu
644 3404 765 3485 punctis
789 3405 982 3485 sphaerarum
1006 3406 1143 3487 siugulis,
1166 3413 1240 3486 puta
1257 3408 1288 3470 in
1301 3430 1316 3486 y
1331 3401 1362 3471 'et
1375 3409 1405 3486 β,
1430 3407 1471 3470 sit
1493 3407 1556 3470 illic
1579 3409 1687 3484 rarior,

335 3497 385 3560 hic
408 3493 529 3559 densior
552 3494 583 3556 in
605 3494 797 3574 proportione
825 3511 971 3556 conversa
998 3495 1210 3564 distantiarum
1233 3497 1277 3574 αβ
1300 3497 1340 3558 ad
1362 3520 1409 3576 ay.
1455 3495 1498 3558 Et
1520 3496 1597 3559 haec
1621 3498 1688 3561 sola

337 3606 429 3648 causa
444 3591 492 3646 est
505 3581 733 3654 debilitationis,
756 3601 814 3644 nou
835 3585 1048 3646 evanescentia
1062 3583 1155 3646 fontis
1175 3589 1222 3659 ts,
1246 3605 1321 3668 quae
1345 3605 1377 3648 re
1396 3604 1470 3648 vera
1487 3605 1546 3648 uon
1566 3586 1687 3662 accidit,

338 3676 392 3738 sed
414 3693 468 3756 per
490 3671 574 3733 visus
592 3671 806 3752 deceptionem.
845 3671 909 3735 Imo
929 3671 954 3734 si
970 3672 1019 3736 hic
1042 3674 1151 3737 liberet
1171 3693 1209 3736 ex
1223 3675 1395 3739 Euclidis
1419 3673 1569 3756 Opticis
1593 3695 1686 3756 argu-

336 3764 407 3841 tari,
428 3762 526 3825 minus
551 3759 626 3826 locis
650 3760 878 3842 adpropinqua
900 3761 1027 3838 presit
1054 3783 1142 3844 quarn
1165 3764 1204 3828 ad
1227 3772 1357 3834 remota,
1386 3784 1420 3826 eo
1444 3763 1578 3839 nemine,
1606 3765 1687 3848 quod

336 3853 368 3916 in
390 3855 410 3932 β
431 3852 527 3914 minor
550 3849 679 3913 circulus
703 3849 848 3912 terminat
869 3848 967 3912 visum
990 3851 1261 3933 hemisphaericum
1283 3853 1413 3918 lucentis
1436 3859 1473 3914 ds
1497 3873 1585 3936 quam
1608 3854 1640 3916 in
1662 3879 1686 3936 y.

337 3945 446 4024 Itaque
477 3959 536 4002 non
568 3946 656 4019 tanta
687 3938 837 4022 particula
865 3939 903 4000 de
933 3939 1064 4002 Solate
1094 3942 1190 4004 videri
1219 3952 1323 4024 potest
1354 3945 1436 4022 exp
1465 3951 1578 4026 quauta
1601 3963 1640 4006 ex
1661 3967 1684 4026 y.

337 4031 401 4097 Sed
421 4031 484 4096 hoc
503 4027 677 4100 insensibile
701 4037 749 4091 est
771 4026 860 4107 plane
884 4035 915 4090 et
936 4029 988 4091 vix
1011 4029 1141 4092 numeris
1164 4031 1342 4096 immanibus
1366 4031 1541 4113 expressile.

425 4120 492 4201 Ego
516 4137 589 4180 sane
611 4125 772 4198 postquam
795 4117 842 4180 hic
864 4116 935 4180 mihi
959 4117 1017 4198 ipsi
1038 4119 1192 4202 respondi,
1226 4122 1309 4184 rideo
1331 4121 1458 4186 miseras
1480 4141 1565 4186 meas
1588 4121 1685 4207 trepi-

337 4211 475 4275 dationes
499 4225 537 4269 ex
559 4207 615 4270 hac
639 4206 766 4286 caligine
789 4213 881 4270 ortas.

426 4297 489 4362 Sed
518 4294 662 4358 revibrari
693 4302 796 4375 potest
819 4295 947 4378 objectio
979 4295 1009 4358 in
1040 4291 1158 4377 partem
1185 4299 1381 4378 contrariam,
1414 4300 1458 4362 sic
1488 4318 1603 4383 nempe.
1651 4300 1686 4365 Si

336 4389 514 4454 tantundem
538 4383 612 4448 lucis
636 4391 684 4446 est
706 4382 738 4445 iu
761 4386 861 4464 ampla
883 4385 1014 4466 sphaera
1037 4389 1176 4467 sparsim,
1200 4397 1340 4471 quantum
1365 4391 1395 4452 in
1419 4398 1548 4470 angusta
1571 4391 1684 4454 collec-

337 4478 407 4557 tim,
430 4496 490 4542 non
504 4473 563 4539 erit
585 4473 763 4536 tantundem
785 4472 905 4535 virtutis
929 4473 1101 4558 utrobique,
1124 4469 1162 4538 'eo
1178 4479 1257 4560 quod
1278 4479 1374 4544 virtus
1398 4479 1603 4544 consideratur
1625 4499 1686 4544 non

338 4568 370 4632 iu
394 4567 524 4648 sphaera
546 4561 768 4638 orbiculariter,
797 4567 832 4623 ut
853 4561 919 4632 lux.
943 4563 1050 4628 sedin
1074 4564 1125 4627 illo
1149 4566 1258 4631 circulo
1282 4568 1311 4632 in
1335 4587 1392 4650 quo
1416 4569 1528 4632 incedit
1549 4570 1683 4652 planeta

319 4657 420 4723 rtem
438 4663 476 4736 et¹
491 4655 645 4718 illamenta
666 4649 837 4734 magnetica
854 4649 934 4716 Solis
958 4671 1050 4734 supra
1071 4655 1259 4734 ponebantur
1281 4655 1312 4722 in
1333 4658 1454 4740 lengum
1478 4659 1685 4726 tautummodo

339 4745 463 4826 porrigi,
487 4762 547 4818 nup
564 4741 662 4820 etiam
683 4760 788 4805 versus
811 4738 897 4820 polos
920 4739 1146 4809 auratiorem.

429 4831 657 4914 Respondetnr,
681 4847 802 4896 causam
825 4827 899 4892 lucia
923 4838 956 4893 et
976 4829 1097 4896 virtutis
1120 4834 1254 4904 metricis
1276 4853 1344 4900 erse
1365 4833 1456 4917 plane
1480 4835 1620 4917 eandem,
1653 4846 1686 4902 et
