3678 5532
328 321 394 390 362
812 323 853 376 Da
871 323 979 376 Motibus
996 321 1090 376 Stellae
1107 318 1196 375 Martis

328 503 423 584 (qnod
444 509 493 564 est
515 503 763 582 complementum
783 504 821 564 ad
848 501 929 566 1420
953 500 1005 567 160
1028 503 1228 576 emendatam,
1252 507 1446 604 perauctam
1466 498 1683 564 eccentricita·

320 596 404 664 tem)
442 592 619 654 tantundem
655 591 771 654 itineris
809 593 966 668 absolvet,
1004 593 1148 673 quabtum
1184 591 1214 652 in
1242 591 1359 653 vicaria
1386 597 1521 671 tempore
1545 590 1683 669 longiore

327 677 389 746 370
411 677 475 758 510,
500 682 578 763 quod
603 689 651 742 est
674 681 924 760 complemontum
947 683 987 744 ad
1011 678 1151 756 142090,
1168 679 1285 743 scilicet
1299 681 1435 760 utrinque
1455 679 1594 742 conficiet
1611 674 1683 753 450,

327 771 577 852 complementum
601 789 707 850 nempe
731 773 770 832 ad
797 768 885 834 1350.

415 860 539 922 Interim
562 879 666 939 parurn
690 861 785 935 abest,
811 860 879 940 quin
903 861 978 923 haec
1003 860 1082 922 salsa
1104 859 1282 941 hypothesis
1306 876 1408 930 verum
1432 857 1517 920 nobis
1543 857 1685 919 effectum

325 951 456 1030 prodat:
488 950 658 1012 differentia
688 950 825 1030 utrinque
857 958 928 1028 post
956 949 1172 1011 correctionem
1197 968 1254 1010 non
1279 948 1393 1028 majore
1417 967 1517 1029 quam
1521 943 1561 1010 8‘
1585 954 1618 1007 et
1642 942 1684 1006 70.
1795 959 1799 968 ’

326 1039 432 1120 Itaque
466 1040 564 1114 vides,
603 1058 660 1101 non
691 1059 758 1101 esse
791 1039 940 1100 fidendum
973 1038 1089 1101 effect'
1049 1046 1102 1100 t.ur
1157 1038 1199 1100 Bt
1231 1037 1351 1100 notabis
1380 1056 1514 1110 rursum,
1533 1035 1629 1116 quod
1653 1041 1687 1094 ct

327 1147 393 1208 cap.
417 1128 551 1204 XLVII,
576 1129 736 1191 ueritatem
760 1129 838 1190 inter
861 1128 916 1190 hos
941 1125 1015 1189 duos
1039 1129 1143 1190 modos
1168 1129 1306 1209 (quorum
1330 1126 1378 1189 hic
1401 1127 1567 1206 perfectum
1584 1123 1685 1187 circu-

267 1227 272 1239 “
327 1217 402 1289 Ιιιιιι,
425 1219 475 1280 ille
500 1218 617 1280 ovalem
641 1237 678 1279 ex
702 1218 839 1298 opinione
871 1236 935 1297 cap.
959 1205 1058 1280 XLV.
1089 1217 1248 1290 describit)
1281 1235 1349 1278 esse
1378 1217 1444 1278 loco
1468 1215 1581 1278 medio:
1604 1211 1686 1275 unde

327 1309 407 1371 rel
397 1327 458 1389 Jam
480 1317 514 1367 ut
537 1318 569 1369 et
592 1326 682 1388 snpra
704 1327 771 1388 cap.
794 1305 927 1369 XLVII.
953 1307 1093 1384 colligere
1117 1315 1215 1409 potes,
1239 1306 1358 1369 lunulas
1382 1305 1523 1372 dimidiae
1546 1311 1687 1366 tantum-

268 1395 273 1406 '
327 1398 414 1458 modo
438 1395 608 1459 latitudinis
632 1399 705 1477 ejus,
732 1415 807 1478 quae
832 1397 968 1476 seqnitur
991 1414 1029 1457 ex
1053 1396 1189 1478 opinione
1213 1414 1279 1475 cap.
1304 1393 1404 1472 XLV,
1428 1416 1448 1456 a
1465 1394 1612 1475 perfecto
1626 1392 1688 1456 cir-

327 1487 394 1548 culo
419 1485 611 1550 resecandas.
1502 1537 1505 1544 .
1532 1548 1536 1580 Ι

717 1645 849 1708 Modus
880 1645 1018 1708 tertius
1050 1653 1086 1707 et
1118 1651 1285 1726 quartus.

419 1753 494 1818 Cum
524 1753 625 1834 itaque
656 1771 710 1815 nec
740 1752 816 1814 baec
841 1771 907 1814 cum
930 1752 1047 1814 ratione
1071 1760 1169 1814 staret
1192 1752 1365 1826 methodus,
1405 1759 1437 1814 et
1459 1752 1489 1813 in
1513 1751 1567 1814 illa
1589 1751 1690 1813 altera

332 1842 516 1916 didicissem,
540 1842 739 1924 exquirendas
765 1843 927 1904 distantias
950 1839 1168 1925 respondentes
1187 1841 1312 1922 integris
1328 1841 1471 1922 gradibus
1487 1838 1570 1904 CBD
1586 1838 1692 1920 anguli

330 1951 384 1996 seu
406 1933 582 2014 aequalibus
607 1934 734 1994 arcubus
758 1932 889 1994 eccentri
915 1930 985 1994 CD:
1012 1932 1128 1994 accessi
1151 1932 1247 1994 et'ad
1269 1931 1350 1993 illas.

418 2020 532 2094 Quinto
565 2023 656 2102 igitur
680 2021 856 2094 (adnumero
880 2021 936 2082 tibi
960 2030 1077 2084 tantum
1100 2019 1169 2084 illas
1193 2016 1404 2101 operationes,
1443 2038 1519 2102 quae
1549 2017 1688 2100 singulae

322 2110 396 2176 Ι180
419 2113 534 2188 vicibus
557 2111 763 2192 perficiuntur)
789 2111 952 2174 distantias
975 2110 1058 2192 prius
1082 2110 1220 2173 inventas
1245 2110 1283 2172 ab
1299 2109 1457 2173 anonraliis
1476 2109 1584 2172 mediis
1600 2127 1688 2172 scru-

329 2201 495 2284 pulariis*)
526 2221 579 2261 seu
607 2201 815 2281 inaequalibus
847 2199 946 2270 CBD,
977 2202 1016 2262 ad
1045 2200 1212 2263 anomaliae
1240 2200 1357 2262 medias
1388 2199 1531 2279 aequales
1563 2217 1617 2260 seu
1640 2197 1689 2260 in-

330 2300 483 2373 tegrorum
506 2291 651 2369 graduum
676 2289 778 2360 reduxi
801 2289 1075 2369 proportionaliter.
1122 2289 1185 2352 Sed
1204 2289 1271 2368 jam
1294 2309 1353 2352 non
1377 2288 1523 2368 amplius,
1548 2297 1582 2350 ut
1605 2287 1689 2368 prius

330 2381 419 2444 modo
442 2381 557 2460 primo,
595 2377 677 2441 CBD
701 2379 813 2440 mansit
836 2379 986 2440 anomalia
994 2398 1003 2454 ;
1033 2379 1088 2440 sed
1119 2380 1202 2441 lacta
1224 2387 1274 2440 est
1295 2399 1349 2460 per
1372 2379 1450 2442 h'anc
1474 2376 1690 2441 distantiarum

330 2469 536 2532 reductionem
558 2467 708 2530 anomalia
731 2467 879 2529 eccentri:
905 2475 938 2529 ut
961 2477 993 2529 et
1016 2469 1105 2529 modo
1120 2469 1261 2533 secundo.

420 2556 515 2621 Serto
547 2556 654 2618 iisdem
687 2555 841 2618 distantiis
873 2563 908 2617 nt
938 2557 1021 2637 prius
1052 2558 1186 2639 quaesivi
1219 2577 1290 2620 snas
1321 2555 1576 2638 proportionales,
1612 2573 1690 2636 quae

333 2647 451 2710 scilicet
483 2647 526 2708 sic
555 2665 587 2708 se
620 2645 768 2709 haberent
800 2646 838 2707 ad
872 2645 1048 2720 distantias,
1079 2655 1113 2709 ut
1145 2645 1308 2710 distantiae
1342 2647 1381 2708 ad
1405 2646 1521 2708 radium
1547 2641 1688 2709 100000.

332 2735 394 2800 Sed
418 2755 477 2798 non
501 2744 568 2797 erat
590 2755 726 2799 necesse.
772 2733 865 2798 Volui
888 2743 989 2798 tamen
1013 2737 1043 2798 in
1067 2745 1209 2799 eventum
1232 2755 1349 2799 omnem
1374 2755 1442 2797 esse
1465 2735 1643 2800 instructus.

420 2825 558 2906 Septimo
582 2833 614 2887 et
643 2833 751 2887 octavo
781 2843 899 2887 rursum
928 2824 1031 2887 addidi
1063 2826 1212 2906 singulas,
1245 2834 1309 2888 tam
1337 2823 1500 2886 distantias
1524 2823 1594 2900 AD,
1618 2821 1688 2898 AO,

332 2935 420 3000 quarn
458 2935 559 2978 earum
593 2915 834 2996 proportionales
863 2913 945 2990 AG,
977 2917 1050 2991 AF,
1088 2915 1285 2997 prodibatque
1322 2933 1438 2977 summa
1475 2913 1690 2996 distantiarum

331 3007 465 3087 ipsarum
497 3001 682 3069 36075562.
731 3005 861 3068 Causam
898 3004 992 3067 habes
1025 3025 1090 3086 cap.
1114 3005 1189 3081 XL,
1228 3024 1280 3067 cur
1310 3005 1378 3086 plus
1416 3003 1562 3084 prodierit
1598 3022 1690 3086 quam

333 3093 518 3160 36000000.
565 3094 839 3175 Propontionalium
863 3113 934 3156 vero
959 3113 1074 3156 summa
1089 3094 1209 3174 ’prodiit
1232 3089 1419 3158 36384621.

420 3185 491 3246 Jam
514 3183 607 3264 igitur
629 3184 659 3245 in
675 3184 828 3246 schemate
851 3185 950 3262 priore
974 3183 1210 3246 demonstrative
1234 3185 1354 3264 quidem
1376 3181 1611 3265 progrediemur,
1634 3199 1690 3262 per

333 3282 529 3357 coaequatam
554 3272 639 3337 CAD
664 3273 819 3335 elicientes
848 3273 1029 3335 anomaliam
1059 3273 1191 3342 eccentri
1215 3273 1314 3347 CBD,
1338 3291 1393 3352 per
1415 3273 1494 3335 hanc
1516 3290 1587 3333 vero
1612 3289 1690 3332 ano-

332 3365 456 3427 maliam
480 3364 610 3425 eccentri
633 3362 950 3427 CBDdistantiamm
974 3382 1120 3424 summam
1138 3362 1168 3423 in
1186 3359 1241 3425 CD
1256 3381 1327 3424 arcu
1350 3363 1557 3435 inventarumr
1581 3367 1613 3421 et
1635 3377 1690 3440 per
1760 3411 1766 3424 .

333 3455 411 3516 banc
435 3472 580 3514 summam
603 3451 815 3514 distantiarum
839 3452 1030 3514 addiscemus
1054 3471 1168 3514 moram
1188 3451 1217 3513 in
1242 3470 1314 3514 arcu
1338 3450 1404 3528 CD,
1428 3471 1481 3514 seu
1505 3448 1688 3512 anomaliam

334 3539 547 3616 mediam:**)
572 3543 620 3604 vel
644 3561 790 3604 conversa
805 3541 922 3603 ratione
947 3541 1169 3603 commoditatis
1187 3559 1290 3616 causa,
1315 3541 1342 3602 si
1357 3542 1468 3621 angulo
1488 3539 1571 3606 CBD
1585 3540 1689 3617 integ-

290 3640 292 3648 ‘
334 3651 432 3694 rorum
469 3632 615 3716 graduum
648 3632 696 3704 (ut
726 3626 803 3704 450)
836 3639 996 3710 quaeratur
1029 3629 1112 3694 CAB
1152 3637 1184 3692 et
1216 3641 1414 3712 excerpantur
1447 3626 1490 3694 45
1522 3628 1689 3690 distantiae

330 3721 452 3802 justae;
484 3721 578 3798 haec,
612 3722 751 3803 inquam,
783 3719 1019 3781 demonstrative
1053 3720 1172 3801 quidem
1202 3722 1293 3797 liunt,
1324 3728 1358 3782 at
1380 3739 1513 3793 rursum,
1548 3725 1582 3779 ut
1604 3717 1688 3797 prins

334 3811 422 3872 modo
446 3811 588 3886 secundo,
612 3812 669 3872 hoc
693 3814 782 3889 pacto
798 3805 883 3871 CAD
906 3809 941 3870 fit
964 3810 1116 3871 anomalia
1132 3828 1201 3870 vere
1225 3819 1372 3891 aequata:
1397 3827 1490 3890 quaro
1506 3805 1563 3872 CA
1586 3813 1690 3868 manet

335 3921 388 3964 suo
412 3902 478 3963 loco
502 3908 534 3961 et
556 3898 612 3963 DC
636 3898 749 3962 orbita¹
766 3898 824 3960 erit
854 3898 1007 3979 perfectus
1039 3899 1187 3974 circulus;
1219 3900 1297 3979 quod
1327 3919 1393 3960 cum
1424 3898 1535 3959 salsum
1563 3896 1623 3968 sit,
1654 3903 1688 3957 ut

334 3999 488 4053 ostensum
511 4009 577 4070 cap
601 3989 718 4064 XLIV,
744 4005 868 4050 necesse
892 3997 941 4048 est
963 4006 1049 4067 ergo,
1078 3987 1240 4050 distantias
1264 3989 1294 4050 in
1317 3987 1554 4068 longitudinibus
1577 3983 1687 4048 mediis

331 4082 382 4144 bic
405 4079 543 4160 usurpari
565 4079 653 4141 nimis
677 4078 795 4157 longas,
819 4095 919 4140 moras
935 4075 1036 4160 itaque
1055 4077 1119 4139 fieri
1138 4076 1317 4158 prolixiores
1337 4079 1421 4158 Justo
1441 4083 1472 4138 et
1485 4077 1517 4138 in
1532 4074 1688 4155 apsidibus

334 4170 614 4322 breViAlrtesomnino
648 4273 736 4336 quam
767 4255 901 4335 proxime
935 4254 1149 4337 aequipollebit
1136 4257 1291 4323 tmodus
1323 4255 1381 4318 iste
1413 4254 1505 4336 priori
1537 4273 1592 4336 per
1613 4271 1688 4334 1)ῐο-

289 4372 291 4381 ’
333 4350 529 4432 portionales.
586 4346 740 4418 Quantum
776 4345 854 4407 enim
886 4345 947 4408 illic
977 4345 1217 4426 proportionales
1246 4345 1390 4422 totidem,
1423 4353 1495 4426 quot
1526 4351 1614 4406 erant
1638 4343 1687 4406 di-

421 4567 451 4645 0)
470 4571 644 4630 anomaliam
673 4568 732 4622 dico
761 4569 976 4640 scmpulariam,
1007 4585 1078 4640 quae
1108 4587 1164 4625 non
1199 4570 1370 4644 integrorum
1403 4569 1540 4640 graduum
1574 4585 1687 4626 numero

271 4691 272 4694 =
334 4653 504 4726 exprimitur,
526 4654 575 4720 sed
596 4651 728 4722 emuncta
747 4651 836 4705 habet
856 4651 994 4721 scrupula.

421 4731 465 4806 *0)
485 4737 517 4790 In
538 4735 620 4789 tertio
642 4738 742 4787 conatu
770 4748 878 4786 rursum
898 4737 958 4796 ast,
989 4735 1022 4784 ut
1041 4729 1070 4785 in
1090 4733 1217 4786 secundo.
1260 4731 1333 4785 cab
1354 4735 1399 4782 ast
1424 4730 1564 4784 monialis
1589 4731 1684 4794 tertia,

334 4818 407 4873 CBD
427 4817 473 4869 rel
494 4817 542 4869 CD
564 4815 690 4877 secunda,
711 4817 742 4866 et
761 4813 823 4876 AD,
843 4812 890 4866 AC
911 4812 1003 4866 lineae
1023 4811 1218 4878 confertiores,
1241 4827 1290 4866 seu
1314 4810 1427 4880 planum
1451 4812 1569 4865 metiens
1590 4827 1687 4868 aarum

336 4911 474 4964 summam,
496 4897 602 4950 scilicet
620 4895 733 4965 planum
754 4893 835 4960 CAD,
858 4899 902 4946 est
923 4891 1062 4946 anomalia
1082 4891 1178 4962 prima,
1201 4909 1272 4964 quae
1294 4889 1347 4945 dici
1367 4890 1440 4947 solet
1459 4889 1557 4949 media
