3680 5538
348 241 412 313 402
624 315 628 329 Ι
826 245 867 300 De
884 245 993 300 Motibus
1011 245 1103 300 Stellas
1120 245 1209 300 ueras

433 425 609 488 Proiectum
637 426 718 488 euim
746 431 791 487 est
819 445 919 508 supra
950 447 1018 510 cup.
1047 427 1116 489 XL
1124 427 1221 500 VIII,
1251 424 1424 509 loupiorem
1454 447 1520 490 esse
1552 427 1690 491 cis-mem·

271 541 276 552 ¹
344 517 480 594 ferentia
503 535 558 588 ea,
598 515 687 600 cujus
723 514 875 578 diameter
897 523 941 578 est
971 517 1109 578 medinm
1137 515 1378 599 proportionale
1405 519 1488 600 iuter
1519 517 1693 581 diametros

345 603 499 687 ellipseos,
521 611 557 666 ut
579 601 668 684 cuim
690 601 803 666 circuli
825 623 903 665 area
921 601 1033 686 (Arois.
1050 603 1184 688 Sphaer.
1208 599 1302 684 VII.)
1327 613 1442 687 aequat
1464 625 1574 670 arsam
1596 605 1690 690 ellip-

330 714 423 780 ¹secu.
477 691 542 754 Sed
574 700 602 756 et
631 692 769 754 medium
806 694 1036 756 arithmeticum
1065 702 1111 756 est
1146 692 1271 776 larspius
1310 696 1415 759 medio
1445 693 1690 778 propordonali.

344 781 499 846 Prosime
522 801 594 862 erpo
617 779 767 860 aequalia
788 789 861 844 meret
882 784 954 846 ista.

433 871 488 932 Vl.
535 869 757 942 Quadratomm
770 870 1033 950 proportionaliter
1047 870 1210 932 divisorum
1234 889 1398 950 gnomones
1422 872 1546 934 suntad
1561 872 1690 952 invicem

345 968 378 1022 ut
401 959 556 1041 quadrata.

433 1047 509 1112 Sint
536 1049 599 1111 duo
627 1046 786 1128 quadrata
809 1048 861 1110 PL
884 1055 912 1110 et
936 1045 998 1110 ΞΗ.
1045 1047 1172 1110 Horum
1198 1045 1301 1112 latera
1324 1034 1389 1122 ΚΕ,
1412 1049 1470 1110 ΕΗ
1497 1049 1602 1112 diuisa
1628 1051 1694 1112 siut

248 1205 255 1220 ,
341 1135 625 1222 proportionaliter
656 1138 692 1200 irs
719 1139 852 1219 mutatis.
868 1137 910 1210 M,
934 1137 971 1198 Β.
1019 1136 1208 1200 Sceibmstur
1235 1157 1405 1219 pnomorres
1433 1136 1524 1208 KOQ
1545 1147 1575 1200 et
1598 1137 1691 1202 ORE.

344 1227 433 1309 Erpa
457 1228 532 1308 quia
555 1226 617 1288 ML
640 1225 684 1287 ad
707 1225 763 1286 LK
789 1229 836 1289 eie
863 1233 963 1288 estut
986 1227 1041 1287 BH
1064 1226 1109 1288 ad
1130 1225 1203 1299 HE3
1232 1229 1293 1288 erit
1318 1229 1415 1290 etiam
1437 1226 1493 1290 OL
1516 1229 1559 1290 ad
1582 1228 1636 1288 LP
1657 1235 1694 1291 ut

345 1315 404 1378 RH
427 1317 472 1378 ad
492 1313 555 1377 HS.
601 1313 668 1376 Sed
687 1333 855 1396 praemones
883 1323 955 1378 sunt
983 1316 1212 1396 quadratorum
1238 1315 1441 1397 differentiae.
1487 1317 1575 1400 Erpa
1598 1317 1694 1379 mam

346 1412 383 1468 ut
399 1405 457 1465 ¹LP
479 1404 523 1468 od
545 1423 636 1466 suum
656 1423 855 1485 gnomonem,
879 1406 926 1468 sic
947 1404 1001 1468 HS
1024 1405 1068 1466 ad
1090 1425 1200 1467 mum:
1226 1413 1256 1468 et
1274 1407 1492 1486 permutatim,
1517 1414 1552 1469 ut
1575 1405 1626 1466 PL
1649 1406 1694 1468 ad

347 1492 401 1555 HS
423 1494 471 1554 sio
490 1510 625 1576 promen
647 1489 738 1562 KOQ
761 1496 805 1559 ad
826 1513 1007 1576 gnomonem
1030 1492 1123 1556 CRE.

435 1583 506 1645 Vll.
554 1582 588 1645 Si
611 1601 630 1642 a
651 1582 779 1644 termino
815 1581 1028 1644 semidiametri
1060 1582 1207 1644 brevioris
1239 1581 1269 1643 in
1300 1581 1539 1644 circumferentia
1576 1583 1694 1664 ellipsis

351 1671 529 1732 extendatur
551 1671 632 1732 linea
655 1669 790 1752 aequalis
814 1671 1034 1734 semidiametro
1058 1669 1200 1750 longiori,
1233 1670 1277 1732 sic
1306 1677 1340 1734 ut
1368 1673 1545 1734 terminetur
1574 1672 1604 1733 in
1627 1673 1695 1753 ipsa

352 1759 574 1822 semidiametro
597 1759 750 1840 longiore:
776 1779 850 1843 quae
868 1761 946 1822 inter
967 1767 1108 1840 punctum
1130 1760 1188 1822 hoc
1212 1770 1242 1821 et
1270 1759 1348 1822 iuter
1370 1770 1503 1823 centrum
1526 1761 1694 1841 interjacet,

349 1856 452 1930 potest
475 1867 660 1930 gnomonem,
684 1867 770 1930 quem
785 1850 962 1930 quadratum
985 1849 1198 1911 semidiametri
1221 1849 1365 1928 longioris
1387 1850 1584 1930 circumponit
1598 1851 1696 1932 quad-

351 1947 419 2000 rato
443 1937 657 2001 semidiametri
678 1937 836 2002 brevioris.

433 2026 465 2090 A
479 2029 631 2091 ermom
651 2027 882 2102 semidiametri
895 2027 950 2088 ΗΒ
965 2029 1096 2090 termino
1110 2026 1135 2088 B
1155 2017 1526 2100 emmerammum
1551 2025 1695 2108 aequalis

348 2117 580 2180 semidiametro
610 2115 747 2198 loupiori
778 2119 845 2180 ΑΗ.
892 2117 980 2179 Dico
1003 2117 1060 2180 HN
1090 2135 1183 2198 posse
1211 2135 1394 2196 promouem
1420 2113 1521 2190 ERO,
1553 2118 1611 2178 lac
1639 2115 1716 2190 eet,⁸

350 2226 416 2268 esse
428 2205 567 2268 medium
585 2203 822 2288 proportionale
844 2206 925 2268 iuter
941 2205 993 2268 ΕΒ
1009 2213 1038 2267 et
1050 2205 1215 2269 residuum
1237 2205 1386 2266 diametri
1400 2203 1522 2267 airardi.
1546 2206 1694 2268 Dureau-

348 2301 481 2357 stratum
503 2301 549 2356 est
579 2315 679 2375 supra
702 2315 770 2378 cop.
796 2296 866 2358 XL
874 2296 930 2360 VI.
979 2292 1045 2355 Sed
1066 2295 1118 2358 Ilio
1139 2291 1278 2375 sucidae
1300 2301 1329 2355 et
1357 2294 1537 2376 eapeditius
1566 2295 1694 2357 daucu-

349 2390 469 2446 stratur
490 2383 525 2444 in
542 2403 626 2466 puro
651 2404 735 2447 cocu.
785 2385 929 2448 Θηωηοη
955 2384 1038 2445 caim
1060 2390 1105 2444 est
1132 2381 1310 2464 differentia
1337 2382 1566 2463 quadratorum
1587 2384 1645 2444 BH
1667 2391 1696 2445 et

348 2473 405 2533 ΠΕ
428 2470 475 2534 uel
496 2471 565 2546 HA,
588 2492 646 2553 per
674 2472 730 2536 VI.
756 2475 875 2536 luorum
924 2472 1042 2535 Sedet
1064 2473 1208 2553 potentia
1233 2471 1336 2553 ipsius
1358 2471 1415 2533 HN
1444 2481 1489 2535 est
1516 2472 1696 2554 differentia

349 2560 577 2641 quadratorum
606 2562 664 2622 ΒΗ
693 2569 722 2624 et
753 2563 828 2636 BN,
865 2561 922 2623 isco
951 2569 996 2623 ost
1027 2560 1083 2621 ΗΕ
1115 2561 1178 2622 siue
1207 2560 1267 2621 AH
1297 2556 1406 2641 (Επεὶ.
1430 2561 1459 2635 Ι,
1483 2555 1559 2640 46).
1605 2560 1695 2643 Erpa

349 2647 483 2729 aequale
513 2656 559 2710 est
582 2650 774 2730 quadratam
796 2651 854 2712 HN
877 2650 1023 2729 momoui
1045 2647 1138 2712 ERC.
1187 2649 1282 2728 Quod
1309 2657 1378 2712 erat
1406 2650 1694 2714 daemonstrandum.

438 2738 525 2800 VIII.
579 2737 613 2802 Si
646 2739 774 2802 circulus
806 2739 957 2800 dividatur
987 2737 1026 2800 in.
1051 2747 1236 2818 quotcunque
1265 2757 1319 2800 seu
1351 2737 1482 2802 infinitas
1513 2747 1630 2819 partes,
1665 2749 1696 2800 et

351 2834 463 2907 puncta
486 2825 665 2888 divisionum
689 2835 902 2890 connectantur
925 2835 1123 2907 cumpuncta
1156 2826 1255 2907 aliquo
1292 2835 1411 2907 praeter
1434 2835 1583 2900 centrum,
1616 2827 1697 2890 intra

354 2915 540 2996 complexum
563 2915 678 2991 circuli,
712 2923 925 2978 connectantur
954 2917 1026 2978 item
1050 2935 1115 2978 cum
1138 2924 1254 2978 centro:
1288 2933 1403 2978 summa
1425 2935 1536 2992 earum,
1560 2935 1636 2997 quae
1660 2937 1697 2978 ex

355 3012 468 3076 centro,
491 3003 588 3067 minor
612 3005 671 3067 erit
694 3025 808 3069 summa
831 3024 942 3078 carum,
967 3024 1042 3086 quae
1065 3024 1103 3066 ex
1126 3004 1185 3066 alio
1207 3011 1327 3085 punctu.

442 3095 484 3155 Et
497 3093 584 3154 binae
609 3094 716 3170 lineae,
739 3095 895 3175 proximae
919 3095 1016 3155 lineae
1032 3094 1178 3174 apsidum,
1203 3094 1309 3155 ductae
1326 3093 1356 3156 in
1375 3093 1516 3174 opposita
1534 3111 1571 3154 ex
1585 3102 1697 3174 puncto

352 3183 535 3256 ecccntrico,
567 3183 701 3264 proxime
726 3191 814 3246 erunt
840 3184 981 3264 aequales
1004 3183 1120 3245 duabus
1152 3202 1189 3244 ex
1216 3191 1318 3244 centro
1350 3181 1380 3244 in
1411 3181 1550 3263 opposita
1578 3183 1696 3258 ductis;

354 3272 441 3334 binae
471 3290 542 3332 vero
575 3273 604 3334 in
637 3273 721 3355 locis
742 3272 929 3336 intermediis
960 3272 1053 3334 multo
1085 3271 1213 3352 majores
1236 3279 1323 3333 crunt
1353 3273 1403 3347 iis,
1434 3291 1510 3354 qnae
1533 3291 1570 3334 ex
1593 3281 1697 3334 centro

242 3431 245 3439 ¹
353 3361 517 3422 educuntur
541 3361 654 3444 codem.

439 3449 702 3514 Demonstratum
723 3459 769 3518 set
782 3471 850 3533 cap.
867 3449 945 3512 XL.
982 3449 1096 3530 Itaque
1118 3468 1262 3510 secessus
1283 3451 1342 3512 iste
1359 3470 1422 3514 non
1443 3449 1555 3514 messit
1575 3469 1697 3531 aequo-
1763 3457 1767 3468 '

349 3535 421 3600 liter
455 3557 526 3600 oum
554 3559 682 3602 numero
705 3539 876 3606 linearum,
906 3537 1003 3602 multo
1034 3540 1139 3602 udum
1171 3557 1240 3600 cum
1268 3539 1405 3600 mulus.
1456 3541 1584 3602 Horum
1614 3541 1698 3602 enim

351 3625 547 3706 deffermtiae
573 3629 609 3690 iu
632 3629 698 3710 fine
728 3632 932 3701 eooaescurst,·
959 3647 1141 3691 excessuum
1167 3647 1236 3690 cero
1264 3627 1421 3690 dictorum
1448 3627 1641 3709 differentiae
1663 3630 1698 3690 iu

345 3716 413 3797 flue
434 3722 507 3778 mut
527 3719 695 3780 maaimae.
740 3722 788 3781 Ac
811 3739 881 3782 oum
904 3736 981 3780 area
994 3714 1117 3779 'cirutli
1139 3715 1228 3778 ΚΝΑ
1250 3723 1368 3779 mercat
1394 3713 1585 3799 asperaliter,
1604 3727 1698 3799 paru

355 3802 481 3885 quidem
503 3803 593 3868 KHA
617 3827 687 3869 oum
708 3827 836 3870 numero
864 3806 1035 3880 linearum,
1066 3825 1106 3868 ere
1128 3807 1370 3878 constructione,
1396 3813 1492 3888 parte
1513 3823 1584 3868 uero
1607 3805 1698 3866 KNH

355 3912 426 3956 oum
447 3893 577 3956 daubus
613 3915 757 3971 arcitum,
795 3896 839 3957 ad
866 3915 942 3976 quoa
968 3903 1039 3958 aaut
1074 3892 1193 3969 lineae,
1216 3895 1251 3956 in
1273 3893 1331 3956 HN
1368 3893 1604 3977 multiplicatis,
1639 3914 1699 3976 per

354 4001 422 4062 cap.
437 3980 529 4044 XL:
552 4002 629 4046 area
650 3985 750 4066 ipitur
772 3983 884 4048 siracti
896 4003 961 4048 aaa
978 3991 1023 4048 est
1044 3991 1122 4064 apta
1143 3983 1189 4047 acl
1209 4003 1389 4048 numeram
1410 4003 1550 4050 summae
1570 3983 1697 4048 distan-

355 4072 475 4135 tiarum
497 4089 574 4134 suae
596 4074 877 4155 circumferentiae.

442 4157 498 4220 IX.
544 4160 579 4223 Si
602 4169 701 4223 autem
724 4182 778 4243 pro
802 4163 889 4225 lineis
917 4181 955 4226 ex
976 4167 1086 4242 puncto
1116 4163 1282 4224 eccentri'co
1305 4169 1459 4224 sumantur
1487 4159 1585 4237 lineae
1615 4161 1697 4239 illas,

357 4267 433 4330 quae
463 4248 700 4332 determinantur
731 4272 750 4312 a
779 4251 1073 4332 perpendicularibus
1105 4270 1143 4312 ex
1173 4252 1225 4314 illo
1253 4259 1362 4332 puncto
1397 4251 1428 4313 in
1456 4269 1508 4313 sas
1539 4269 1615 4332 quae
1644 4270 1698 4332 per

356 4345 489 4400 centrum
523 4346 594 4400 eunt
616 4339 771 4416 demissis;
803 4341 859 4402 hoc
890 4350 953 4414 est,
988 4339 1014 4402 si
1047 4349 1202 4404 sumantur
1229 4339 1389 4402 distantiae
1418 4339 1611 4402 diametralcs
1642 4359 1698 4421 pru

355 4427 691 4504 circumferentialibns,
724 4436 759 4490 ut
789 4449 853 4509 cap.
887 4429 1038 4492 XXXIX.
1072 4436 1103 4490 et
1134 4430 1232 4492 LVII.
1266 4429 1473 4490 denominatae
1506 4436 1592 4491 sunt:
1626 4437 1698 4494 tunc

356 4535 472 4577 summa
495 4524 605 4596 aequat
627 4537 772 4580 summam
796 4537 905 4593 earum,
931 4537 1006 4599 quac
1030 4537 1067 4580 ex
1090 4526 1192 4580 centro
1215 4519 1369 4580 ducuntur.

263 4597 269 4612 “
445 4603 598 4686 Elipatur
615 4609 699 4670 euim
714 4607 916 4688 quodcunque
932 4617 1084 4690 punctum
1102 4609 1371 4691 circumferentiae
1385 4605 1506 4681 circuli,
1528 4607 1613 4687 quod
1632 4608 1700 4692 iture

353 4695 394 4756 sit
413 4691 457 4767 K,
483 4701 512 4758 a
535 4715 574 4756 ec
591 4695 620 4756 K
639 4697 741 4778 per
763 4703 850 4759 recta
871 4697 1009 4759 ducatur
1030 4698 1065 4759 in
1083 4703 1207 4778 partun
1229 4696 1500 4776 circumserustiae
1522 4697 1698 4778 oppositum

356 4781 381 4861 Ι,
407 4802 447 4853 ea
469 4782 495 4843 N
519 4803 590 4854 vera
613 4787 710 4857 cudat
730 4784 1006 4876 perpendiculum
1027 4786 1062 4852 iu
1082 4785 1139 4864 tl,
1168 4806 1249 4872 quoe
1270 4787 1313 4850 sit
1332 4781 1397 4850 NT.
1445 4784 1536 4852 que
1557 4783 1627 4862 KH,
1653 4786 1698 4850 HI
