3606 5562
753 347 793 410 tra
814 349 895 413 tuna
1433 353 1498 436 379

78 605 84 614 ,
241 527 330 590 Haec
348 527 454 592 ultima
476 551 543 596 mea
572 534 742 598 emendatio
767 538 834 616 (pro
858 555 934 600 nunc
968 539 1101 620 quidem)
1131 564 1188 608 non
1223 544 1321 626 potnit
1351 545 1498 610 hacteuus

70 693 75 706 ι
149 615 227 690 iieri,
250 619 421 700 priusquam
443 620 583 684 haberem
608 637 734 705 quatuor
765 625 920 706 eclipainm
955 628 1182 697 observationes
1206 653 1264 696 uno
1288 635 1353 696 loco
1376 635 1498 698 habitae

149 712 185 766 et
208 707 466 770 observationibus
489 710 614 773 aliorum
639 713 778 787 locorum,
802 715 920 778 scilicet
939 717 1092 800 Tubingae
1108 724 1270 786 etRomae
1295 725 1497 790 confirmatae.

148 791 210 856 Hia
232 796 436 876 parallaxibus
473 801 617 862 assumtis
640 811 672 863 et
694 799 814 866 horario
847 806 955 877 (etiarn
983 809 1131 890 aptiori)
1164 811 1297 875 nonnihil
1328 813 1497 890 emendato,

147 891 363 946 retentavero
387 888 496 966 angulo
520 889 687 953 latitudinis
718 892 851 972 copulari
875 902 906 955 et
929 895 994 958 loco
1018 899 1105 975 nodi,
1128 909 1162 962 ut
1186 902 1214 962 in
1237 900 1498 981 Ephemeridibua,

149 973 376 1036 eccentricitate
406 993 478 1038 vero
510 977 614 1041 Lunae
646 981 718 1042 reali
750 981 877 1063 simplici
910 993 941 1045 et
973 984 1119 1051 diametro
1152 992 1177 1062 J)
1211 989 1241 1052 in
1273 1009 1410 1072 apogaeo
1434 987 1497 1066 30⁴,
1614 1051 1620 1059 .

149 1062 378 1125 observationes
402 1084 494 1145 eupra
516 1078 588 1130 vota
611 1077 697 1131 tneor
726 1072 824 1151 quoad
852 1071 1015 1152 digitoa·et
1030 1078 1227 1142 durationem.
1268 1073 1301 1141 Iri
1326 1098 1498 1142 accommo-

149 1150 272 1214 datione
294 1154 438 1234 temporia
461 1156 558 1218 adhuc
581 1157 698 1220 haereo.
1095 1174 1101 1184 “

239 1241 329 1303 Mitto
353 1242 462 1306 salutis
486 1245 552 1308 loco
576 1247 768 1310 Theoriam
793 1247 914 1311 Lunae
939 1262 1123 1318 renovatam.
1162 1255 1192 1318 A
1216 1264 1351 1319 centrum
1375 1257 1497 1330 Terrae,

148 1329 176 1392 Β
201 1343 335 1394 centrum
358 1333 517 1396 eccentrici
539 1335 732 1418 Lunae=lqui
756 1344 857 1400 tamen
881 1339 994 1401 intelli-

148 1426 240 1498 gatur
272 1419 440 1500 ellipticua,
475 1431 509 1485 ut
536 1432 615 1487 aunt·
638 1426 798 1490 eccentrici
830 1435 996 1491 ceteromm
1188 1415 1241 1482 ¹⁸¹8·
1262 1413 1310 1468 ω’

147 1507 365 1588 planetarum),
385 1509 441 1573 DE
455 1511 536 1574 linea
558 1513 705 1594 apaidurn,
729 1513 785 1578 FG
801 1515 881 1579 linea
902 1535 997 1597 copu-

149 1595 255 1672 larum,
278 1597 483 1671 BLMNOPQ
501 1602 639 1666 circellus
662 1613 801 1684 respectu
824 1606 997 1687 copularum
1108 1631 1124 1666 r

147 1704 265 1750 annuns
295 1686 324 1748 in
352 1690 580 1767 antecedentia,
612 1693 665 1754 sed
698 1701 837 1776 respectu
871 1695 996 1758 lixarum
1063 1711 1066 1719 ’

147 1776 325 1838 novennalis
357 1777 419 1840 iere
448 1779 478 1841 in
511 1783 743 1862 consequentia3
774 1783 874 1847 lineae
906 1804 944 1846 ex
966 1787 996 1848 A

148 1863 179 1926 in
203 1866 241 1940 D,
264 1866 299 1942 F,
323 1866 363 1940 Η,
386 1867 422 1939 Ε,
441 1867 464 1944 I,
486 1867 525 1944 G,
544 1871 574 1932 K
598 1871 696 1934 lineae
720 1879 789 1934 suut
813 1872 874 1934 veri
898 1881 996 1937 mutua
1043 1901 1060 1939 r
1096 1932 1106 1941 ,
1234 1894 1246 1939 ι

147 1953 263 2014 Lunae.
295 1955 452 2018 Panaenus
475 1961 649 2022 centrumB
674 1960 702 2021 in
723 1980 780 2023 uno
803 1980 905 2023 menae
929 1982 996 2025 eaae
1245 1962 1281 2001 '³'

146 2041 307 2117 immobile,
333 2045 392 2106 etai
407 2044 437 2107 id
453 2056 591 2110 movetur
604 2068 708 2110 versus
724 2047 754 2120 Q
773 2051 801 2112 in
816 2069 874 2113 nno
894 2069 995 2114 menae

146 2149 202 2212 per
223 2151 312 2194 unum
336 2133 452 2213 signum
472 2136 544 2198 iere.
583 2137 684 2200 Dutta
706 2139 798 2218 igitur
821 2141 899 2201 exB
923 2159 995 2220 per-

146 2219 333 2302 pendiculari
362 2221 390 2284 in
414 2221 470 2286 FG
498 2225 608 2288 lineam
638 2229 824 2308 copularum,
855 2229 997 2310 quaesit

145 2307 219 2383 BG,
251 2309 309 2373 erit
331 2309 355 2373 O
379 2321 521 2392 puuctum
551 2317 739 2396 aequationia
770 2325 940 2381 menstruae
965 2327 996 2382 et

145 2399 172 2461 F
195 2399 289 2462 veluti
312 2417 478 2482 apogaeum
501 2405 661 2486 quoddam,
684 2405 755 2488 quia
776 2408 805 2469 D
828 2425 995 2489 apogaeum

146 2495 196 2550 eat
229 2488 285 2570 ipai
318 2489 445 2554 vicinius
478 2512 566 2573 quam
597 2493 624 2556 E
656 2494 838 2576 perigaeum.
894 2497 937 2558 Et
965 2497 996 2560 in
1019 2495 1104 2560 FHG
1133 2496 1330 2579 aequationea
1354 2500 1495 2564 aubtrac-

145 2577 253 2653 toriae,
279 2577 310 2640 in
333 2577 420 2642 ΘΚΒ*
450 2583 642 2662 adjecteriae.
688 2583 775 2646 Luna
804 2584 894 2664 igitur
926 2586 955 2647 in
984 2586 1038 2648 tali
1070 2603 1172 2648 menae
1196 2587 1225 2647 iu
1248 2587 1277 2648 D
1301 2588 1349 2649 vel
1372 2589 1399 2651 Ε
1421 2609 1492 2653 rer-

146 2675 235 2730 aante
259 2685 329 2730 vero
346 2676 445 2750 motu,
477 2672 563 2745 nulla
585 2681 634 2736 εει
656 2675 795 2754 aequatio
829 2673 947 2737 solutae
976 2673 1211 2758 inaequalitatis.
1257 2675 1303 2738 At
1325 2685 1374 2739 eat
1396 2679 1497 2761 aliqua

145 2748 288 2837 aequatio
311 2767 482 2822 menstruae
505 2761 751 2842 inaequalitatis,
785 2763 868 2842 cuine
891 2763 1092 2846 quantitatem
1120 2763 1235 2827 indicat
1257 2785 1330 2827 area
1352 2766 1497 2848 trianguli

147 2844 246 2921 ODA,
270 2845 370 2922 CBA,
401 2867 477 2928 quae
508 2851 538 2912 in
571 2851 696 2929 gradus,
714 2853 882 2939 anomaliae
912 2852 1028 2914 mediae
1058 2871 1111 2915 aen
1141 2855 1340 2933 temporariae
1371 2857 1501 2940 redacta¹

145 2935 290 3015 adjicitur
312 2938 350 2999 ad
379 2940 518 3018 angulum
542 2939 626 3002 FAD
651 2941 698 3001 vel
722 2938 823 3016 FAE;
853 2941 896 3003 ita
919 2941 1098 3004 conciliatur
1125 2941 1234 3020 angulo
1262 2943 1388 3010 visionis
1410 2945 1495 3011 FAD

145 3026 197 3086 vel
220 3025 303 3087 ΓΑΕ
326 3045 410 3089 auum
438 3027 553 3108 juatum
577 3035 694 3108 tempus
727 3029 977 3092 denominationis
1008 3030 1238 3094 astronomicae.
1286 3031 1431 3096 Viciaaim
1453 3035 1496 3096 ait

143 3115 273 3196 planeta
295 3134 366 3178 vero
390 3125 472 3179 motu
496 3117 559 3191 (vel
581 3135 675 3198 prope
698 3135 783 3192 vero,
814 3119 851 3180 de
875 3119 1042 3180 variatione
1070 3119 1148 3181 enim
1176 3118 1293 3181 dicetur
1320 3121 1439 3196 ultimo)
1463 3122 1493 3185 in

144 3203 244 3266 Fvel
269 3201 298 3266 G
322 3203 387 3268 Soli
420 3206 575 3288 oppositus
608 3208 656 3268 vel
689 3207 874 3288 conjunctus.
914 3208 978 3270 ‘Hic
1011 3207 1081 3289 quia
1113 3209 1209 3270 lineae
1232 3209 1298 3283 AF,
1323 3207 1389 3282 OF,
1422 3211 1495 3273 item

145 3290 219 3368 AG,
243 3291 302 3357 cG
330 3295 514 3371 coincidunt,
545 3304 698 3358 menatma
730 3298 870 3378 aequatio
894 3304 943 3359 εει
967 3297 1061 3370 nulla,
1087 3303 1135 3359 eat
1156 3315 1228 3358 vero
1251 3295 1352 3378 aliqua
1376 3300 1493 3362 solutae

145 3381 383 3462 inaequalitatis,
407 3393 549 3446 constans
573 3385 688 3447 duabus
701 3385 857 3466 -partibua,
882 3386 970 3465 plane
994 3384 1079 3448 utin
1103 3385 1234 3466 planetis
1258 3387 1375 3449 ceteris.
1417 3387 1493 3450 Para

145 3471 226 3533 enim
250 3473 439 3554 aequationia
462 3474 563 3555 optica
585 3482 634 3536 εει
656 3475 739 3536 BFA
763 3475 811 3536 vel
833 3473 923 3538 BGA
946 3475 1083 3554 angulus,
1107 3493 1179 3555 para
1201 3473 1328 3556 physica
1350 3483 1398 3538 eat
1421 3495 1493 3539 area

145 3561 231 3623 Bra
253 3561 301 3624 vel
324 3559 414 3625 BGA
442 3562 472 3625 in
495 3563 607 3642 gradus
637 3563 804 3626 anomaliae
834 3565 951 3627 mediae
979 3581 1144 3626 conversa:
1172 3571 1206 3626 ut
1236 3564 1281 3626 aic
1304 3564 1391 3627 Luna
1414 3565 1444 3628 in
1467 3567 1494 3628 F
1570 3585 1575 3594 ·

144 3649 250 3730 posita
272 3659 425 3731 competat
446 3653 556 3733 angulo
580 3651 663 3714 ΓΑΒ
691 3661 808 3734 tempaa
841 3673 893 3716 seu
923 3651 1074 3716 anomalia
1102 3651 1215 3726 media,
1245 3661 1388 3734 quantam
1410 3655 1493 3717 valet

145 3757 221 3801 area
248 3739 343 3803 AFD.
398 3741 482 3804 Haec
515 3740 593 3804 enim
625 3741 703 3804 ratio
736 3743 947 3823 aequationum
984 3741 1102 3806 ducitur
1131 3761 1168 3804 ex
1199 3741 1362 3822 ipaiaaimia
1391 3745 1492 3807 cauaia

145 3835 281 3892 motuum
307 3829 495 3892 naturalibus
522 3849 578 3912 per
604 3831 878 3894 demonstrationes
911 3831 1096 3894 firmissimas
1125 3838 1156 3894 et
1184 3826 1406 3908 ineluctabiles,
1436 3851 1492 3895 nec

145 3925 197 3980 εει
219 3918 386 3988 arbitraria,
410 3929 464 3982 nec
486 3927 590 3999 pateat
611 3919 675 3981 ulla
696 3919 930 4001 aequipollentia
951 3921 1040 4000 plane
1064 3918 1139 3999 tolli,
1164 3941 1219 3983 nec
1242 3921 1322 3982 cedit
1345 3921 1492 3984 facilitate
1569 3933 1572 3938 “

145 4007 341 4088 computandi
364 4009 509 4090 cuiquam.
556 4009 591 4072 Id
613 4008 669 4070 tibi
692 4009 781 4070 facile
813 4008 871 4071 erit
903 4010 1077 4090 explorare,
1111 4009 1137 4071 ai
1160 4009 1219 4090 ipsi
1241 4009 1298 4072 AB
1322 4011 1491 4072 constituas

145 4097 305 4179 aequalem
320 4095 387 4172 BR,
405 4105 445 4161 'nt
460 4099 501 4161 ait
514 4096 544 4160 R
562 4104 696 4160 centrum
719 4099 887 4179 aequantia,
911 4098 1038 4175 anguina
1062 4097 1180 4179 quidem
1194 4097 1280 4161 RHB
1294 4117 1353 4159 uon
1367 4099 1492 4161 multum

146 4185 269 4249 differet
291 4187 429 4248 avalone
452 4205 541 4250 areae
556 4188 653 4263 ΒΗΑ,
677 4194 711 4248 at
723 4187 812 4267 longe
836 4187 988 4250 difficilius
1011 4187 1239 4268 computabitur,
1265 4205 1319 4248 nec
1342 4187 1491 4250 ullatenus

146 4274 285 4338 intendet
307 4275 434 4356 digitum
455 4275 486 4338 in
509 4295 618 4339 cauaaa
640 4275 796 4357 physicae,
828 4275 929 4338 demto
952 4276 1008 4339 hoc
1034 4276 1130 4351 unico,
1155 4275 1234 4356 quod
1256 4275 1352 4355 primo
1374 4291 1490 4356 ponen-

147 4365 206 4428 dna
229 4373 278 4427 est
308 4383 398 4428 arona
430 4365 588 4428 eccentrici
610 4365 679 4438 DF,
715 4364 822 4426 deinde
853 4383 890 4426 ex
913 4383 972 4428 nna
1000 4375 1087 4446 parte
1119 4365 1333 4444 computandus
1364 4365 1491 4445 angulus

147 4453 235 4517 Dan
257 4453 462 4534 apparentiae,
485 4471 524 4514 ex
545 4455 642 4516 altera
664 4460 750 4532 parte
774 4473 846 4515 area
867 4454 951 4517 FDA
975 4453 1142 4516 anomaliae
1166 4451 1231 4532 ejua
1253 4453 1380 4528 mediae,
1404 4453 1506 4520 unica.

147 4543 396 4625 multiplicatione
421 4543 533 4605 valoris
546 4541 677 4604 maximi
699 4541 840 4622 trianguli
863 4541 894 4604 in
912 4543 1011 4607 einum
1032 4561 1119 4606 arena
1132 4541 1204 4604 FD:
1229 4551 1263 4605 ut
1276 4543 1321 4605 ita
1343 4543 1492 4606 anomalia

147 4631 249 4695 media
271 4632 354 4696 ΕΒΑ
378 4633 462 4707 data,
485 4651 544 4693 non
567 4631 608 4693 ait
630 4630 761 4694 directus
783 4649 942 4711 proceaaua
965 4632 1003 4694 ad
1026 4638 1224 4711 coaequatam
1246 4629 1340 4694 ΕΑΒ.

238 4721 402 4784 Jamvero
426 4719 682 4802 operaepretium
706 4726 754 4781 eat
779 4718 880 4782 videre
908 4721 1102 4803 aequationes
1135 4719 1266 4794 mixtae,
1299 4725 1333 4783 ut
1356 4720 1382 4783 ai
1405 4721 1514 4800 Luna
1622 4703 1626 4710 ¹

149 4810 192 4875 ait
214 4811 243 4872 in
267 4812 307 4886 H,
331 4811 347 4873 Ι
369 4811 418 4872 vel
441 4811 478 4873 K.
523 4809 581 4870 Hic
604 4825 660 4888 ego
681 4806 711 4870 in
734 4807 932 4889 Ephemeride
956 4819 988 4874 et
1002 4812 1148 4873 hactenus
1170 4807 1319 4889 duplicem
1342 4809 1489 4872 eccentri·
1610 4831 1613 4848 ·

149 4901 275 4965 citatem
299 4898 436 4970 adhibui:
461 4898 516 4963 aad
538 4897 719 5000 deprehendi
742 4897 871 4978 eclipses
898 4901 982 4964 illam
1003 4917 1062 4964 non
1085 4899 1173 4962 tarra.
1219 4897 1300 4960 Nam
1323 4897 1353 4961 in
1376 4898 1492 4980 copulis
