3606 5562
705 427 708 431 ·
734 353 775 408 Do
795 351 874 410 Luna
1412 347 1476 417 683

227 531 276 596 Sit
300 531 406 604 deiude
429 533 515 596 Luna
543 531 621 596 inter
653 532 711 595 duo
727 535 880 614 'apogaea
902 531 951 595 vel
981 533 1059 596 inter
1091 533 1149 594 duo
1178 531 1321 612 perigasa
1345 529 1428 592 utin
1451 530 1476 593 Ι.

134 620 195 684 Ηίε
219 621 399 700 triangulum
422 621 537 684 solutae
560 629 608 684 est
622 619 694 684 BAl
717 621 746 684 in
762 621 948 686 semicirculo
971 621 1087 684 solutae
1111 622 1300 695 ascendente,
1325 626 1359 680 at
1382 619 1477 683 triau-

134 711 239 790 gulnm
268 717 438 774 menstruae
470 720 517 774 est
541 709 612 775 cul
635 711 664 774 in
689 711 874 775 semicirculo
905 718 1074 774 menstruae
1107 711 1326 783 descendente3
1359 708 1478 772 valores

134 799 241 882 itaque
264 800 479 878 triangulorum
506 808 576 863 sunt
607 801 685 864 iuter
708 807 741 862 se
764 799 931 863 affectionis
964 799 1151 874 contrariae,
1185 817 1275 880 quara
1299 797 1345 861 hic
1368 798 1478 879 angulo

133 889 215 952 DAI
238 887 401 968 respondet
422 890 572 952 anomalia
593 890 693 956 media
715 897 858 952 constans
881 909 919 951 ex
942 889 1043 951 valore
1068 908 1157 950 areae
1171 888 1288 964 DKIA,
1311 887 1365 949 sed
1388 900 1479 968 aquo

134 976 302 1039 diminutus
325 977 366 1039 sit
385 978 470 1042 valor
492 997 580 1041 areae
595 977 678 1043 cla.
723 979 879 1042 Hactenus
901 977 1076 1045 retinuimus
1096 977 1271 1040 distantiam
1290 977 1376 1039 Dat*
1397 976 1492 1039 Solia

134 1066 269 1148 oppositi
291 1067 330 1128 ab
351 1073 486 1148 apogaeo
503 1067 611 1131 Lunae'
632 1087 720 1130 unam
743 1074 775 1129 et
797 1067 940 1130 eandem:
965 1087 1031 1130 cnm
1053 1074 1155 1129 tamen
1180 1065 1330 1146 separatio
1353 1065 1395 1127 sit
1418 1066 1478 1128 lere

134 1175 246 1218 annua.
292 1155 463 1219 Notandum
488 1176 568 1238 ergo,
594 1158 621 1220 si
644 1175 810 1238 apogaeum
833 1157 927 1219 sitin
952 1159 977 1230 8
1001 1156 1050 1218 vel
1074 1152 1171 1234 ἅΘ,
1194 1155 1251 1218 hoc
1265 1163 1322 1216 est
1345 1155 1370 1216 si
1393 1153 1478 1216 coin-

134 1245 241 1306 cidant
262 1244 322 1306 AD
345 1253 378 1308 et
398 1245 463 1322 AF,
486 1249 601 1310 tuncB
625 1257 757 1309 centrum
783 1245 940 1309 eccentrici
965 1247 1023 1308 erit
1044 1245 1118 1309 iuL
1139 1245 1188 1306 vel
1206 1246 1240 1307 Ρ.
1284 1246 1366 1307 Tunc
1388 1244 1480 1324 igitur

133 1333 239 1414 posita
260 1332 348 1396 Luna
370 1334 398 1395 in
422 1335 451 1395 Η
474 1335 521 1398 vel
536 1335 574 1406 Κ,
599 1335 656 1398 erit
678 1355 748 1416 pars
772 1333 959 1420 aequaticnis
983 1335 1093 1416 optica,
1117 1341 1150 1396 ut
1172 1334 1327 1408 hactenus,
1353 1333 1479 1414 angulus

134 1422 226 1486 [ΗΑ
248 1423 297 1486 rel
319 1423 424 1486 LKA:
449 1432 482 1486 at
503 1425 630 1507 physica
650 1445 722 1506 pars
751 1425 937 1507 aequationis
961 1431 1023 1486 tam
1048 1424 1165 1486 solutae
1190 1441 1279 1504 quam
1309 1431 1502 1486 menstruae

135 1511 333 1576 communiter
357 1522 405 1575 est
427 1514 611 1579 desumenda
634 1533 671 1575 err
694 1515 875 1577 areauna
898 1514 947 1576 vel
968 1514 1056 1577 ΒΚΑ
1079 1512 1127 1576 bis
1151 1519 1260 1576 sumta.
1307 1510 1387 1584 Quia
1409 1531 1479 1593 per-

134 1598 339 1683 pendicularis
362 1598 415 1666 BG
446 1608 517 1665 tunc
549 1610 597 1665 est
628 1591 736 1678 nulla,
765 1604 873 1694 qnippe
906 1603 1046 1665 absumta
1075 1603 1106 1664 in
1135 1610 1275 1682 punctum
1298 1601 1343 1676 L,
1376 1609 1409 1664 ut
1436 1601 1480 1664 sic

134 1701 294 1772 utrumque
327 1691 505 1772 triangulum
529 1699 592 1754 tam
619 1693 735 1756 solutae
753 1709 853 1774 ·quam
881 1699 1051 1755 menstmae
1073 1693 1206 1753 eandem
1235 1690 1368 1753 habeant
1393 1691 1480 1754 basin

135 1780 206 1843 AL.
245 1779 389 1844 Vicissim
413 1781 439 1842 si
464 1800 629 1861 apogaeum
652 1782 680 1844 D
705 1781 746 1843 sit
768 1781 798 1842 in
812 1781 943 1862 ‘quadris
967 1789 998 1842 et
1020 1781 1146 1862 angulus
1169 1780 1255 1844 DAF
1277 1786 1385 1854 rectus,
1408 1788 1481 1844 tunc

136 1868 394 1950 perpendicularis
408 1868 462 1933 Bc
486 1871 568 1933 cadit
585 1871 615 1934 in
635 1872 664 1933 A
683 1877 817 1933 centmm
833 1872 954 1946 Terrae,
978 1889 1068 1951 quare
1093 1869 1301 1931 eccentricitas
1324 1867 1481 1951 aequantia

129 1955 196 2020 -AG
220 1964 267 2019 cst
290 1959 386 2033 nulla,
409 1958 500 2038 igitur
523 1967 554 2021 et
577 1961 716 2041 aequatio
744 1967 899 2022 menstrua
921 1969 992 2022 tunc
1016 1959 1097 2021 nulla
1118 1965 1182 2020 toto
1206 1957 1321 2022 orbitae
1345 1959 1478 2021 circuitu.
1564 1971 1568 1978 ·

136 2047 187 2110 Ita
211 2046 285 2108 satis
303 2046 420 2112 'clarum
444 2047 584 2124 efficitur,
614 2049 788 2111 tarditatem
812 2048 918 2111 sideris
942 2055 1091 2110 exaucto
1119 2047 1276 2110 intervallo
1301 2067 1368 2110 ease
1391 2048 1480 2130 duplo

134 2135 282 2217 majorem
305 2137 385 2198 circa
409 2155 575 2218 apogaeum
598 2139 627 2199 in
651 2139 766 2218 copulis
789 2157 878 2220 quam
900 2138 949 2200 vel
971 2139 1001 2200 in
1024 2136 1155 2219 planetis
1185 2137 1293 2199 ceteris
1317 2137 1366 2200 vel
1389 2137 1481 2222 etidm

134 2225 166 2286 iu
192 2225 258 2304 ipsa
280 2225 368 2288 Luna
389 2227 469 2289 circa
492 2246 659 2308 apogaeum
681 2229 711 2289 in
734 2228 866 2309 quadris.
912 2228 954 2291 Et
970 2227 1052 2296 ,haec
1075 2226 1282 2308 intelligantur
1305 2226 1341 2290 de
1365 2246 1480 2310 aequa-

134 2313 268 2376 tionibus
291 2335 328 2378 ex
352 2316 472 2396 antiquo
496 2317 635 2396 cognitis,
660 2325 777 2390 remota
795 2317 860 2398 jam
883 2317 1050 2380 variatione
1067 2316 1252 2399 Tychonica,
1282 2317 1318 2380 da
1342 2337 1401 2400 qna
1422 2317 1481 2379 huc

135 2421 230 2484 usque
254 2404 327 2466 nibil
350 2399 487 2468 dictum'
516 2404 577 2468 Sed
600 2408 733 2469 notanda
756 2416 804 2469 est
826 2407 901 2469 haec
923 2407 1003 2473 ratio
1026 2406 1120 2487 dupli,
1144 2406 1214 2488 quia
1237 2407 1339 2470 oculos
1361 2405 1481 2469 videtur

134 2492 252 2574 aperire
282 2493 361 2555 circa
393 2513 502 2556 causas
515 2523 520 2536 ·
534 2503 664 2557 motuum
696 2495 839 2578 physicas
868 2495 1066 2576 indagandas
1118 2495 1274 2558 Hactenus
1303 2495 1480 2578 hypothesis

134 2592 293 2646 renovata.
339 2583 374 2646 In
396 2582 594 2664 Ephemeride
617 2591 649 2645 et
669 2603 731 2665 per»
745 2585 801 2646 hos
825 2605 919 2648 annos
942 2583 1137 2648 intermedius
1161 2584 1308 2665 duplicem
1331 2584 1481 2648 eccentri-

134 2669 261 2734 citatem
284 2671 395 2734 stetui:
429 2681 471 2748 ut,
495 2671 573 2735 sicut
595 2673 625 2734 in
650 2676 750 2736 soluta
776 2674 1064 2756 prosthaphaereses
1092 2680 1233 2737 causatur
1261 2667 1481 2747 eccentricitas,

133 2761 248 2841 partim
271 2762 368 2840 optice
392 2762 500 2842 partim
524 2761 656 2844 physice,
679 2762 723 2824 sic
747 2765 838 2825 etiam
862 2765 891 2826 in
907 2771 1062 2826 menstrua
1084 2762 1375 2850 prosthaphaereses
1399 2763 1493 2826 ‹tivi-¹

134 2852 278 2912 derantur
299 2851 377 2912 inter
399 2850 555 2934 physicam
578 2860 609 2912 et
632 2851 772 2930 opticam,
797 2859 829 2914 et
852 2861 886 2914 ut
906 2852 1033 2933 physica
1054 2851 1221 2916 retardatio
1250 2853 1372 2916 solitam
1396 2869 1481 2915 suam

134 2957 258 3002 causam
291 2939 434 3015 haberet,
465 2939 661 3002 mutationem
692 2941 808 3002 scilicet
837 2941 990 3002 intervalli
1011 2941 1115 3004 Lunae
1143 2949 1175 3004 et
1198 2941 1319 3004 Terrae.
1366 2943 1480 3012 Verum

134 3029 180 3092 sic
204 3029 412 3092 eccantricitas
445 3030 615 3109 copularum
646 3029 716 3090 mibi
744 3038 818 3092 nata
845 3029 902 3092 fuit
931 3025 1031 3102 6543,
1064 3030 1192 3110 simplex
1219 3048 1272 3091 eeu
1302 3031 1480 3112 quadrarum

133 3113 233 3182 4362.
275 3117 427 3198 Atqui'ex
441 3117 578 3198 diligenti
600 3118 782 3180 tractatione
806 3119 962 3201 eclipsium
983 3118 1177 3204 deprehendi,
1201 3118 1390 3182 retinendam
1412 3139 1479 3182 esse

135 3207 228 3269 etiam
243 3207 273 3268 in
287 3206 400 3289 copulis
424 3207 588 3289 simplicem
608 3207 863 3279 accentricitatem
882 3202 979 3282 4362,
1005 3216 1038 3269 ut
1056 3207 1119 3270 sint
1136 3207 1300 3294 iulcopulis
1316 3208 1478 3270 distantiae

135 3297 174 3358 ad
195 3315 322 3376 unguem
337 3297 459 3359 eaedem
474 3318 492 3359 a
506 3299 609 3372 Terra,
629 3316 703 3378 quas
718 3297 829 3378 reperit
842 3298 979 3360 Brahaus
992 3297 1024 3359 in
1039 3295 1172 3376 quadris,
1190 3296 1478 3361 semidiametrorum

133 3387 246 3448 Terrae
279 3406 298 3446 a
327 3383 370 3450 59
399 3386 427 3447 in
456 3380 508 3450 54.
554 3386 620 3448 Ηοε
653 3385 754 3467 itaque
783 3393 873 3468 pacto
904 3395 1058 3449 menstrua
1088 3386 1369 3467 prosthaphaeresis
1401 3407 1477 3450 nnnc

134 3476 228 3536 habet
251 3475 374 3538 sormam
395 3493 476 3537 mere
498 3475 671 3557 physicam.
704 3495 763 3538 non
786 3495 856 3538 vero
879 3485 914 3538 ut
936 3475 991 3537 illa
1015 3475 1159 3556 priores
1183 3475 1306 3538 dimidio
1336 3477 1476 3559 opticam.

132 3565 175 3627 Et
198 3571 299 3626 tamen
322 3563 395 3626 haec
418 3564 543 3646 physica
575 3565 740 3627 retardatio
770 3584 894 3628 causam
913 3557 1014 3628 'habet
1046 3563 1240 3629 consimilem.
1289 3565 1376 3630 Sicut
1398 3567 1479 3630 enim

133 3653 163 3715 iu
194 3653 294 3715 soluta
325 3653 535 3715 eccentricitas
564 3651 639 3727 AB,
674 3672 788 3734 augens
819 3655 982 3718 distantias
1014 3654 1118 3717 Lunae
1151 3675 1170 3716 a
1199 3655 1282 3722 fonte
1318 3649 1422 3719 motus
1447 3657 1478 3719 A
1511 3719 1515 3724 ,
1574 3665 1581 3688 ’

133 3743 281 3822 superius,
307 3752 397 3822 auget
419 3742 511 3805 etiam
534 3741 674 3826 physicos
706 3753 822 3806 motus:
852 3743 895 3806 sic
917 3761 994 3805 nunc
1018 3743 1047 3805 in
1070 3752 1234 3820 menstrua,
1259 3745 1328 3827 quia
1351 3746 1477 3809 circulus

132 3831 361 3894 illuminationis
385 3849 501 3912 semper
522 3831 776 3912 perpendicularis
800 3832 858 3914 ipsi
872 3830 929 3896 FG
952 3832 1098 3894 rationem
1122 3833 1213 3895 fontis
1237 3833 1348 3912 habet,
1373 3834 1478 3898 eadem

132 3921 342 3984 ecceutricitae
356 3917 412 3984 AB
432 3921 523 3983 habet
541 3941 625 3984 suam
646 3931 761 3984 certam
784 3918 973 3984 altitudinem
987 3939 1077 4004 super
1093 3921 1215 4001 planum
1237 3923 1475 3995 illuminationis,

133 4029 210 4092 quae
233 4009 433 4074 altitudo·est
456 4009 527 4086 Ac,
552 4019 584 4072 at
606 4018 746 4091 operatur
772 4009 901 4072 elevatio
924 4007 981 4073 Ac
1004 4009 1158 4092 physicam
1189 4012 1422 4076 retardationem
1446 4013 1475 4076 in

131 4107 287 4162 menstrua
317 4099 478 4162 maximam
508 4099 588 4162 circa
610 4101 653 4175 F,
678 4117 736 4160 uon
769 4100 865 4162 minus
896 4118 984 4181 quam
1014 4100 1169 4162 insoluta
1197 4100 1265 4181 ipsa
1296 4101 1473 4164 elevatioB
1548 4117 1551 4126 ·
1669 4101 1675 4110 ’

132 4181 229 4270 snper'
255 4189 285 4251 A
323 4196 463 4268 operatur
498 4189 731 4252 retardationem
767 4187 928 4250 maximam
965 4180 1044 4251 circa
1079 4188 1118 4251 D.
1182 4189 1286 4271 ltaque
1323 4189 1475 4270 triangula

133 4277 222 4342 CHA
253 4279 306 4342 bc.
339 4297 415 4359 quae
448 4297 513 4340 cum
543 4277 620 4340 areis
649 4278 712 4340 suis
745 4277 913 4358 significant
943 4277 1178 4340 retardationem
1209 4278 1383 4362 physicam,
1416 4299 1474 4341 non

132 4374 238 4429 carent
261 4386 316 4429 sua
338 4367 430 4428 etiam
461 4386 571 4441 cansa,
604 4367 682 4448 quod
714 4366 859 4429 hactenus
887 4378 933 4428 me
957 4375 1089 4429 torserat
1121 4367 1217 4448 adque
1250 4368 1475 4450 contingendam

131 4455 313 4537 peculiarem
337 4454 589 4518 eccentricitatem
617 4457 771 4535 adegerat.
819 4453 963 4520 Omnibus
986 4456 1097 4532 modis,
1112 4451 1282 4527 ‚Maestlide
1312 4465 1473 4538 praestan-

132 4545 264 4621 tissime,
296 4545 380 4608 diues
405 4551 507 4607 estet
530 4543 667 4625 sibiipsi
695 4544 948 4608 sufficientissima
978 4545 1104 4628 physica
1136 4545 1301 4626 speculatio
1332 4556 1472 4610 motuum.

132 4634 276 4716 Sequitur
298 4634 389 4715 igitur
412 4633 554 4696 calculus.
591 4633 627 4698 In
652 4653 686 4696 eo
705 4632 762 4696 boc
785 4653 873 4697 unum
887 4635 982 4710 deest,
1007 4635 1083 4716 quod
1106 4634 1180 4696 data
1203 4635 1353 4698 anomalia
1375 4636 1473 4698 media

132 4743 191 4786 non
215 4725 304 4786 aliter
326 4723 475 4786 invenitur
496 4721 646 4784 anomalia
670 4731 844 4804 coaequata,
869 4724 926 4786 nisi
939 4743 991 4804 per
1016 4723 1085 4786 falsi
1110 4723 1253 4803 regulam,
1276 4734 1311 4786 ut
1333 4725 1362 4786 in
1379 4723 1474 4787 Com-

132 4813 288 4876 mentariis
310 4811 420 4876 Martis
452 4811 616 4874 luculenter
646 4812 774 4874 ostendi.
820 4811 870 4875 Ad
892 4812 1024 4876 Tabulas
1055 4831 1126 4875 vero
1156 4814 1371 4877 construendas
1399 4812 1473 4876 nibil

133 4923 188 4967 nos
210 4901 335 4986 impedit
357 4903 486 4984 incipere
510 4899 551 4982 ab·
572 4901 723 4966 anomalia
744 4899 888 4978 eccsntri,
912 4921 987 4984 quae
1015 4903 1088 4966 mihi
1110 4911 1158 4966 est
1181 4902 1349 4984 quantitate
1372 4903 1473 4968 media
