3606 5562
621 297 762 365 nKeplsrc
781 301 920 352 emendata
1374 299 1436 366 707
1491 259 1496 270 ’

30 483 32 524 l
103 474 245 556 agitando
275 483 395 540 tantum
424 478 551 560 paginae
580 478 708 560 spatium
740 497 898 565 occupem,
931 484 1074 562 qnantum
1103 484 1135 541 tn
1165 477 1329 560 occupasti.
1376 477 1439 542 Sed

102 564 201 628 mitior
224 583 285 640 ero,
311 585 365 630 nec
389 568 546 650 quicquam
568 567 624 631 tibi
647 567 687 630 ad
708 575 756 630 tot
779 569 916 632 convicia
934 587 1050 648 rogero,
1072 566 1129 629 nisi
1151 573 1186 628 ut
1209 567 1326 647 relegas
1350 569 1437 630 sche-

102 655 166 716 dam
189 673 298 726 meam,
323 675 421 736 eaque,
438 658 518 739 lecta
541 658 620 739 quod
642 657 801 738 ingenuum
823 659 918 720 rirnm
942 657 1029 718 decet
1047 656 1205 718 erubescas
1229 665 1316 738 teque
1339 657 1384 718 ira
1407 665 1439 717 et

102 743 178 804 falsa
201 743 413 824 imaginatione
437 747 591 808 literarum
614 747 783 808 absentium
805 747 1035 827 praecipitatum
1059 745 1171 806 doleas.
1211 749 1262 816 (Au
1280 755 1354 804 verba
1371 753 1437 804 Lon-

100 841 240 908 gomontmt
258 854 334 906 supra
351 841 429 892 auen
441 843 572 908 emeripsit
582 843 722 908 chlercs:
740 835 935 898 Debacchare
950 836 980 896 in
995 835 1108 896 larvam
1125 841 1188 896 ate
1204 834 1437 908 concinnatam.)

184 918 273 991 Quod
297 941 368 983 vero
390 943 427 1000 ne
450 924 580 986 monitus
603 923 721 1005 quidem
745 943 873 987 onorem
892 922 1099 1003 deprehendis,
1123 942 1157 984 eo
1181 930 1211 984 te
1234 931 1319 986 tanto
1343 925 1438 1003 magis

30 1025 32 1064 l
101 1010 189 1072 errori
213 1007 388 1090 obstringis.
434 1012 495 1076 Sed
520 1009 652 1074 facescat
674 1013 779 1076 odiosa
801 1013 1010 1094 exprobratio,
1044 1019 1111 1074 orta
1142 1031 1179 1073 ex
1207 1012 1345 1092 coumgio
1377 1021 1439 1074 tam

30 1115 31 1152 1
101 1100 213 1161 vicinae
238 1101 415 1164 calumniae.
461 1101 569 1165 Dicam
590 1101 735 1181 ingenua,
768 1103 913 1173 candide,
943 1101 1153 1180 astrqnomice.
1199 1103 1245 1164 Tu
1267 1101 1438 1181 parallares

30 1203 31 1242 l
100 1191 198 1251 Lunae
223 1188 390 1270 explorasti
412 1191 548 1264 seorsim,
573 1190 751 1252 diametrum
775 1187 815 1268 Θ
841 1191 979 1262 seorsim,
1004 1191 1183 1252 diametrum
1205 1192 1326 1253 umbrae
1351 1209 1438 1252 seor-

30 1293 31 1330 ἑ
100 1278 159 1340 sinu
203 1277 255 1356 Ex
279 1278 324 1341 his
348 1279 429 1341 nosti
452 1279 657 1341 Ptolemaeum
679 1280 829 1360 inquirere
853 1280 1042 1354 altitudinem
1067 1277 1106 1356 Θ
1131 1299 1168 1340 ex
1191 1289 1293 1342 centro
1317 1281 1438 1349 Terrae,

30 1383 31 1422 1
102 1387 134 1428 ex
155 1387 192 1427 ea
214 1367 385 1447 parallaxin
410 1365 461 1446 Θ.
507 1369 573 1430 Hoc
597 1376 629 1430 tu
656 1369 819 1449 neglexisti
847 1370 1041 1442 existimans,
1072 1369 1206 1430 sufficere
1229 1376 1263 1432 ut
1285 1389 1304 1430 a
1325 1371 1439 1430 reteri-

30 1473 31 1510 l
100 1456 148 1518 bus
171 1462 202 1516 et
218 1456 360 1538 Tychone
383 1457 488 1519 itidem
512 1457 637 1519 seorsim
659 1459 824 1539 perallaxis
849 1456 889 1537 Θ
915 1460 955 1521 sit
978 1465 1125 1520 assumta.
1160 1457 1207 1519 At
1229 1459 1256 1518 si
1278 1466 1311 1519 tu
1334 1457 1437 1520 Ptole-

30 1563 31 1600 :
101 1563 209 1607 meeum
232 1545 371 1608 imitatus
395 1547 459 1621 (vel
476 1565 534 1608 non
551 1547 643 1608 multo
659 1547 748 1608 aliam
768 1547 949 1623 methodum,
974 1546 1118 1608 assumtis
1141 1546 1208 1608 aliis
1231 1565 1318 1627 quam
1332 1547 1438 1610 Ptole·

30 1651 31 1688 l
100 1633 214 1708 mainis)
239 1653 278 1703 er
300 1635 451 1714 parallaxi
468 1635 572 1697 Lunae
591 1635 620 1697 in
640 1637 769 1698 transitu
788 1637 908 1700 umbrae
928 1646 960 1699 et
980 1636 1137 1698 latitudine
1153 1636 1285 1708 umbrae,
1308 1635 1438 1715 itemque

100 1741 133 1782 er
159 1732 323 1802 apparente
352 1721 392 1801 Θ
422 1724 587 1800 diametro,
620 1727 739 1805 qualem
770 1725 959 1800 assumsisti,
994 1725 1198 1806 quaesivisses
1228 1733 1368 1804 tanquam
1402 1745 1440 1787 ex

30 1829 32 1870 r
100 1812 229 1890 genuinis
253 1811 408 1892 principiis
432 1813 653 1890 elongationem
677 1822 708 1876 et
729 1815 898 1895 parallaxiu
923 1813 1018 1888 Solis,
1050 1832 1108 1876 non
1137 1823 1253 1876 motum
1280 1833 1338 1876 non
1363 1813 1440 1876 hanc

100 1900 264 1980 parallaxin
289 1897 328 1978 Θ
354 1901 541 1971 invenisses,
566 1921 652 1984 quam
677 1905 778 1985 'lycho
802 1923 839 1966 ex
862 1904 1013 1966 veteribus
1036 1903 1168 1978 retinuit,
1194 1903 1253 1970 sed,
1271 1902 1439 1982 deprehens-

100 1991 199 2065 disses,
224 2008 290 2052 rem
313 1989 367 2054 tibi
390 1989 483 2071 plane‘
504 1993 544 2054 ad
566 1992 753 2072 impossibile
777 1994 884 2057 redire.
924 1992 1014 2055 Certe
1038 2009 1094 2072 ego
1118 2010 1195 2054 nunc
1213 1993 1329 2053 demum
1351 1991 1439 2052 video
1466 2075 1472 2080 .

100 2079 260 2141 Ptolemaei
284 2079 453 2150 consilium,
478 2097 529 2142 cnr
552 2081 604 2144 ille
627 2082 731 2143 Lunae
754 2090 787 2143 et
808 2101 861 2162 per
883 2101 949 2144 eam
963 2081 1045 2146 Solis
1065 2081 1241 2144 diametrum
1263 2081 1293 2142 in
1317 2079 1440 2161 eclipsi-

98 2165 148 2229 bus
170 2185 223 2248 per
248 2177 318 2230 ante
343 2177 445 2230 notem
469 2168 657 2232 latitudinem
680 2178 712 2231 et
733 2170 845 2250 digitos
869 2171 1023 2252 eclipticus
1047 2170 1147 2234 metiri
1168 2169 1321 2244 maluerit,
1352 2189 1441 2249 qnam

100 2256 155 2317 alia
182 2255 321 2320 faciliori
340 2259 456 2320 ratione
490 2276 527 2319 ex
559 2255 634 2339 ipsis
662 2260 924 2324 observationibus
954 2260 1091 2324 deducta.
1137 2260 1217 2322 Nam
1243 2257 1290 2320 me
1319 2259 1439 2321 hercule

102 2345 197 2407 modus
214 2365 277 2434 per
299 2365 332 2408 se
356 2345 503 2408 absurdus
528 2356 584 2410 est.
623 2346 658 2410 Si
682 2349 842 2412 etiamnum
853 2339 1005 2412 'obscurus
1029 2349 1085 2413 tibi
1108 2348 1221 2424 videor,
1245 2348 1284 2409 ad
1307 2347 1439 2410 calculos

30 2441 31 2446 ’
102 2453 165 2507 eas,
197 2433 303 2497 statim
334 2435 437 2497 omnia
463 2435 520 2500 tibi
547 2436 620 2498 fient
646 2436 797 2512 dilucida,
830 2457 885 2501 use
915 2459 961 2500 me
994 2439 1082 2518 plura
1110 2439 1204 2499 verba
1230 2436 1338 2499 facere‘
1354 2455 1437 2516 opus.

84 2523 229 2612 ¹iuvenies
253 2523 402 2586 rationem
426 2525 503 2587 adeo
526 2524 681 2599 lubricam,
703 2533 738 2588 ut
761 2527 842 2588 iutra
865 2525 929 2592 900
949 2537 980 2590 et
994 2525 1082 2591 2000
1105 2525 1343 2589 semidiametros
1366 2525 1441 2588 nihil

102 2611 168 2672 certi
194 2613 330 2675 concludi
357 2631 449 2694 posse
478 2614 618 2677 videatur
647 2616 684 2676 de
712 2615 872 2678 altitudine
895 2617 988 2680 Solis.
1033 2615 1205 2680 Admodum
1236 2615 1340 2676 hilaris
1364 2633 1440 2690 snm,

100 2707 252 2782 postquam
285 2721 323 2764 ex
359 2703 466 2764 lacuna
498 2705 722 2768 contentionum
755 2705 880 2767 eluctari
913 2724 958 2767 me
991 2705 1095 2766 videor
1127 2704 1166 2765 ad
1202 2697 1440 2784 philosophicam
1533 2702 1536 2720 ‘

103 2788 345 2870 disceptationem
368 2799 459 2872 atque
489 2809 557 2854 eam
583 2811 668 2854 meae
694 2793 905 2873 professionis,
935 2794 984 2874 qni
1008 2794 1121 2872 Optica
1147 2792 1265 2872 scripsi.
1311 2791 1440 2855 Videbis

101 2877 184 2957 igitur
205 2881 236 2942 in
259 2899 327 2942 meo
350 2899 440 2962 opere
466 2881 568 2961 aliqua
582 2881 639 2943 tibi
658 2881 819 2961 placentia,
845 2882 946 2962 aliqua
964 2882 1125 2944 contraria.
1163 2882 1243 2943 illud
1259 2882 1440 2944 contrarium

30 2977 31 2982 ’
100 2965 166 3040 tibi,
196 2970 273 3052 quod
305 2969 331 3031 si
360 2971 386 3042 h
414 2989 480 3032 cum
506 2967 545 3046 Θ
571 2969 735 3051 (separatis
759 2971 825 3049 jam
852 2970 1074 3050 parallaxibus)
1103 2989 1162 3031 non
1190 2970 1341 3054 videbitur
1368 2970 1440 3032 alibi

30 3087 32 3120 ι
99 3057 169 3134 plue,
191 3059 263 3121 alibi
285 3077 340 3140 per
363 3059 455 3121 aliam
478 3059 690 3121 refractionem
711 3060 809 3122 minus
832 3077 899 3121 cnm
923 3057 973 3135 Θ,
1000 3059 1071 3139 quia
1093 3059 1234 3120 retractio
1257 3077 1316 3120 non
1339 3067 1441 3137 potest
1562 3066 1593 3120 ⁸.

102 3144 234 3210 divellere
256 3148 335 3210 vieni
360 3148 471 3222 sidera,
495 3167 571 3231 quae
596 3149 673 3210 eitra
696 3148 909 3210 refractionem
931 3148 1107 3210 viderentur
1129 3148 1298 3226 conjuncta

179 3235 248 3286 ilaec
262 3236 394 3301 Keplerus,
413 3238 508 3302 reliqna
521 3237 577 3288 vide
595 3252 670 3302 snpra
681 3251 706 3302 p.
721 3233 755 3286 ³2
772 3253 807 3304 sq.
824 3265 856 3276 -
865 3236 1001 3302 Keplernm
1017 3251 1104 3301 parum
1114 3250 1221 3292 measse,
1235 3241 1264 3286 nt
1272 3235 1337 3300 typis
1349 3237 1439 3286 exseri

102 3303 188 3358 iareim
205 3307 310 3364 libellus,
331 3310 400 3371 cujus
414 3315 510 3374 partam
525 3306 634 3370 (omissis
648 3305 750 3368 munh)
768 3314 898 3374 sequentes
916 3307 1026 3362 referunt
1044 3309 1161 3374 paginae,
1180 3313 1284 3372 apparet
1302 3320 1332 3357 ex
1350 3307 1388 3357 hir
1408 3307 1440 3358 ad

101 3383 257 3439 titanum
276 3402 342 3440 anno
362 3385 431 3438 fers
450 3390 515 3439 dans
533 3391 629 3439 vernn:
660 3383 748 3444 Meas
771 3380 1055 3444 transformationes
1079 3398 1157 3444 anno
1180 3375 1264 3448 1602
1286 3379 1439 3460 perfectas

103 3467 292 3533 stilerwarto
309 3469 480 3551 inscriptas,
507 3468 614 3548 dignas
633 3490 693 3532 non
712 3468 812 3552 judico
829 3489 904 3550 quae
927 3469 1098 3532 inserantur
1122 3473 1445 3542 (Τειὴιιιῑι1001010000),Ι

102 3555 163 3634 quia
189 3558 262 3621 nihil
291 3559 327 3620 de
358 3559 515 3639 principiis
543 3559 722 3640 Tychonicis
755 3566 891 3634 mutaut;
912 3559 1109 3622 ¹solummodo
1143 3557 1338 3640 aequationes
1370 3557 1441 3619 hinc

30 3705 31 3724 ,
102 3641 161 3706 inde
182 3648 317 3727 pauculis
336 3648 490 3729 ,scrupulis
513 3647 633 3711 variant
655 3648 840 3712 necessitate
854 3647 1071 3730 hypotheseon,
1096 3647 1125 3710 in
1146 3667 1220 3730 quas
1239 3646 1442 3730 Tyohouicam

30 3795 31 3806 ,
102 3735 184 3808 sumai
207 3737 491 3800 transformandam.

162 3840 288 3910 Inscripsit
305 3843 429 3908 Kepierne
447 3844 495 3895 hoc
515 3845 675 3910 opusculum:

171 3932 459 4035 Transformotio
488 3937 709 4034 hypotheseos
735 3948 768 4008 et
794 3935 1000 4010 tabularum
1026 3935 1254 4017 1000000000,
1283 3960 1370 4032 quos

203 4067 387 4139 generosus
414 4067 455 4115 ue
482 4043 692 4142 magnificus
718 4041 774 4114 D.
801 4042 857 4114 D.
891 4041 1079 4116 TYOHO
1105 4041 1322 4126 BRAHE,

102 4165 188 4240 eques
210 4147 356 4231 Dones,
385 4149 571 4222 Dominus
598 4151 638 4222 00
658 4147 906 4250 Koudstrupp
935 4163 966 4224 ct
995 4151 1202 4248 Uraniburp
1223 4155 1297 4240 dc,
1328 4149 1442 4221 nostri

102 4253 200 4326 seeuh
229 4255 319 4333 citer
350 4253 604 4354 Hipparchus,
639 4257 724 4330 libro
752 4258 877 4355 primo
910 4257 1276 4358 Progymnosmotum
1315 4253 1440 4339 edidit,

142 4385 145 4394 ’
376 4389 446 4460 quc
473 4363 556 4438 iibri
581 4363 677 4438 iliius
703 4389 785 4436 usus
803 4364 955 4464 fecilior
982 4363 1159 4446 redditur,

580 4471 795 4544 concinnato
819 4471 965 4570 Progne

534 4602 556 4647 o
581 4577 636 4648 M.
674 4576 815 4650 Jouene
848 4578 1005 4677 Kaphero

538 4701 541 4716 ·
599 4681 626 4730 s.
648 4681 674 4732 c.
694 4681 730 4731 re.
749 4681 939 4735 uenenum

184 4771 366 4826 Accesserant
385 4771 481 4838 Lincii,
503 4785 574 4826 anno
595 4772 764 4842 potissimum
788 4771 871 4842 1616,
893 4775 1010 4847 sparsim
1031 4773 1144 4828 tabulas
1165 4771 1272 4844 aliquot
1293 4787 1382 4829 noras
1403 4775 1440 4828 sd

108 4848 220 4902 sumeris
241 4863 350 4907 sensnm
371 4853 479 4924 proprie
501 4855 729 4910 accommodatae.

1169 4942 1230 4996 45*
