3582 5558
322 297 365 364 86
425 281 429 292 ’
745 291 844 346 uene
860 289 963 356 unies
981 287 1130 352 mmm
1146 291 1248 338 uum
1344 267 1349 272 '

324 479 362 530 lte
374 475 558 529 constituendos
571 486 601 524 ex
612 469 667 536 iilis,
685 473 715 522 ut
726 473 815 520 ussto
828 467 985 526 omnniunt,
1003 472 1031 516 et
1041 465 1100 516 inde
1111 477 1190 515 esuss
1206 459 1391 528 insequsiitsh's
1407 455 1555 526 indsguuds
1570 455 1599 506 hs
1615 452 1676 506 sris

323 563 415 602 sunno.
441 547 501 598 Post
512 545 546 597 sd
558 543 767 596 sxsminsiionsru
778 531 815 606 Π
827 545 853 589 et
864 533 901 600 Δ
919 537 1132 605 progrediendum,
1150 541 1179 586 ut
1191 534 1255 586 orbis
1266 531 1431 599 insequelitus
1442 531 1524 598 surgis
1542 531 1675 593 sppsrsst.

413 637 478 699 Quid
496 635 527 686 de
544 635 582 686 his
595 635 688 685 sentius
700 631 772 682 setim
790 631 866 680 iibere
879 629 955 688 diues.
976 632 1091 692 exsperto
1109 625 1235 689 iudicium.
1261 623 1296 674 Ut
1308 629 1378 672 meur
1391 621 1513 686 dupiiuern
1524 616 1675 684 hypothesin

325 710 359 762 sd
375 723 451 760 unsrn
475 707 574 774 rediges
591 719 630 756 res
652 706 708 768 ipss
734 701 859 767 postulet,
888 701 951 750 ullus
969 699 1013 748 lits
1030 697 1161 762 duplicitas
1189 695 1271 762 srguit
1297 694 1422 744 deieoturn
1440 699 1485 743 sut
1502 690 1675 774 luhrnitsten

323 789 421 833 tusruru
438 779 617 844 hypothesium.
654 775 681 826 Si
698 787 757 825 rers
775 779 821 832 est,
840 777 937 836 oportet
953 777 1037 834 psrtes
1055 783 1140 819 omnes
1158 768 1204 817 toti
1223 773 1249 819 et
1265 771 1346 816 totum
1363 765 1473 830 pertibus
1491 773 1631 815 oonrenrrs.

412 869 559 934 Propoultur
575 867 620 917 tihi
645 864 765 929 qusestio,
784 860 891 924 Ksplere
917 859 1073 909 doufissime:
1099 871 1143 906 cur
1165 871 1196 907 ex
1219 854 1480 922 prosthsphsereslhus
1506 863 1619 918 spogseo
1639 844 1675 910 Q

326 943 438 1008 utrinque
457 941 606 1006 propioribus
625 937 697 987 detur
715 933 818 998 simplex
835 931 873 982 vei
891 937 945 981 tete
963 930 1137 981 euosntrleltes
1157 927 1183 989 d
1202 931 1288 992 mutor,
1308 926 1450 992 etquidem
1468 927 1494 976 in
1507 935 1621 992 spogseo
1640 915 1675 981 Q

323 1015 440 1072 murinis.
460 1019 547 1062 oontrs
563 1011 590 1060 iu
601 1005 860 1074 prosthsphseresihus
878 1003 993 1068 perigseo
1008 998 1040 1064 Q
1053 1001 1202 1066 propioribus
1214 1001 1293 1050 minor
1311 995 1505 1058 eooeutrleitssi
1523 993 1678 1046 Differentis

324 1089 450 1150 utriusque
465 1081 542 1142 1800,
561 1082 647 1146 qusies
666 1079 749 1129 rudius
767 1077 844 1128 hehet
863 1071 975 1123 100000.
1000 1073 1123 1136 Maiorem
1141 1073 1207 1122 euim
1224 1071 1306 1121 lnreoi
1325 1085 1356 1121 ex
1373 1071 1494 1120 distantis
1511 1068 1543 1118 eh
1561 1077 1677 1132 spogeeo

326 1153 358 1220 Q
378 1157 537 1220 Tyuhonlsno
556 1160 582 1203 et
593 1149 806 1218 prosthuphseresi
823 1149 849 1196 in
862 1159 974 1212 spogseo
989 1142 1020 1204 Q
1036 1140 1132 1201 20904,
1151 1145 1269 1192 minorem
1288 1138 1392 1200 stow
1411 1141 1494 1191 medis
1505 1139 1564 1190 iude
1576 1132 1675 1188 20020.

324 1227 351 1278 Sl
369 1241 422 1278 uns
440 1235 465 1278 et
484 1227 571 1277 sudem
595 1239 691 1288 semper
712 1227 799 1272 munet
816 1225 842 1270 et
860 1225 899 1267 est
922 1217 1093 1266 sesentiioitss
1112 1213 1153 1275 d,
1173 1214 1239 1265 unde
1256 1213 1320 1264 hsso
1344 1209 1494 1263 disarius?
1522 1211 1577 1260 Etsi
1595 1215 1623 1258 er
1642 1205 1676 1257 sd

323 1301 468 1364 implicitum
484 1305 578 1347 motum
596 1297 721 1359 utriusque
740 1291 931 1342 esusntrieitstis
948 1301 988 1336 ure
1005 1289 1126 1344 renim,
1144 1285 1205 1336 nihil
1217 1293 1302 1336 umen
1320 1284 1431 1342 ethelesr
1450 1283 1558 1334 sunm
1575 1285 1672 1332 munet

325 1371 372 1422 Per
391 1375 470 1436 priore
488 1372 564 1420 etium
582 1368 628 1418 hou
648 1365 812 1429 adstipulatur
830 1377 860 1413 ex
872 1360 979 1425 spogusi
998 1355 1030 1420 Q
1050 1357 1117 1409 iiues
1135 1357 1227 1422 ailquid
1244 1355 1385 1421 simpilolter
1402 1356 1480 1406 motui
1498 1351 1524 1416 ο*
1544 1350 1672 1404 salsedo.

325 1443 398 1494 Licet
416 1443 476 1493 iliud
493 1443 518 1491 in
537 1441 595 1491 orbe
615 1435 648 1501 Q
667 1439 720 1495 ris,
740 1432 944 1501 quemadmodum
961 1437 1061 1494 putem,
1086 1429 1131 1480 sed
1148 1429 1213 1494 quod
1236 1429 1389 1480 eueentrious
1407 1425 1434 1488 0¹
1454 1425 1488 1478 sd
1506 1426 1618 1476 durren
1636 1419 1677 1474 sei

325 1517 450 1566 sinistrum
469 1527 486 1564 s
502 1513 571 1563 lines
589 1511 695 1577 upopsei
714 1505 746 1569 Q
766 1507 861 1572 propior
879 1504 911 1552 sit
931 1499 973 1563 Q.
1563 1533 1565 1544 ι
1601 1569 1607 1582 1

415 1585 513 1648 Quaero
532 1598 627 1650 qunque
645 1595 662 1632 s
679 1587 714 1637 te,
731 1579 833 1630 ubinam
851 1574 934 1638 Tyoho
953 1574 1086 1624 musinium
1104 1571 1312 1622 semidimeimm
1328 1571 1392 1622 orbis
1409 1571 1436 1620 in
1454 1569 1481 1632 d¹
1499 1565 1641 1620 menesii?

943 1643 1036 1706 Quodsi
1057 1643 1099 1694 CB
1126 1644 1201 1694 luerit
1227 1639 1311 1692 11001
1332 1639 1400 1704 (10),
1428 1649 1489 1692 tune
1508 1639 1552 1692 Oh
1569 1639 1676 1690 mo

541 1706 588 1762 ’Ἢν
603 1704 637 1746 ¹⁵·
856 1717 948 1768 Terrse
967 1731 984 1768 s
1001 1723 1086 1767 seutro
1111 1715 1242 1767 eoueutriui
1261 1713 1281 1764 0
1300 1715 1347 1765 erit
1370 1710 1455 1772 0007,
1474 1720 1502 1764 ut
1520 1717 1598 1764 suus
1613 1710 1676 1768 dlxi·

588 1851 594 1859 ι
745 1765 774 1826 (5⁷
857 1795 883 1838 st
899 1794 971 1838 tento
989 1788 1085 1853 propior
1102 1788 1149 1837 erit
1166 1787 1245 1836 Terre
1268 1785 1407 1850 semioyollo
1432 1784 1516 1836 dextro
1535 1791 1561 1835 et
1579 1789 1678 1834 sonu

662 1863 666 1870 '
857 1859 884 1910 Si
902 1873 960 1910 vero
980 1857 1022 1909 OB
1040 1865 1094 1908 tots
1112 1859 1285 1910 sceentrieites
1303 1858 1378 1909 luerit
1392 1853 1470 1916 1855,
1489 1863 1549 1908 tune
1561 1853 1605 1906 00
1623 1853 1680 1905 iere

857 1931 1002 1996 seqnuhitur
1014 1931 1145 1996 sequentis
1158 1931 1346 1992 suentuoitsti,
1364 1935 1391 1980 st
1401 1935 1473 1980 teuto
1485 1928 1563 1978 Terre
1578 1927 1681 1992 propior

859 2009 897 2054 est
915 2017 1027 2068 upopneo
1053 2017 1110 2052 sero
1128 2001 1167 2060 li,
1194 2001 1306 2066 querno
1331 2000 1456 2054 estDet
1481 1999 1538 2052 ideo
1565 1994 1678 2058 1011οό

856 2075 978 2139 dupiioenr
997 2074 1207 2125 eousntriu'tstsrn
1231 2073 1293 2124 isoit
1310 2079 1337 2124 et
1353 2075 1380 2124 ln
1402 2086 1515 2140 spogseo
1532 2077 1643 2122 motus
1662 2081 1681 2118 s
1746 2097 1749 2100 -

527 2162 531 2175 ·
581 2167 585 2176 ,
785 2136 790 2144 '
856 2145 934 2196 Terre
960 2160 1011 2196 non
1034 2145 1068 2196 sd
1084 2147 1208 2211 integrum
1226 2145 1453 2204 eunentsleltsteru.
1472 2144 1517 2195 sed
1535 2142 1569 2195 sd
1588 2136 1679 2192 11013

857 2223 963 2275 tuntum,
983 2216 1068 2267 dente
1085 2218 1131 2266 toti
1150 2217 1292 2282 sequstioui
1303 2222 1374 2280 porte
1387 2216 1479 2280 nilque,
1495 2215 1611 2266 n'delioet
1624 2209 1680 2262 00.

899 2319 902 2328 ‚
946 2287 1018 2339 Esse
1042 2289 1180 2360 prsenrisss
1198 2294 1223 2338 et
1241 2302 1305 2353 ques
1328 2293 1462 2353 sequuntur
1480 2287 1585 2338 Publicii
1602 2283 1683 2335 mis

857 2357 916 2425 quid
933 2360 1042 2422 ruenni,
1062 2373 1137 2426 segre
1149 2359 1180 2411 oh
1192 2360 1237 2410 riri
1253 2359 1338 2410 literus
1352 2371 1427 2424 suprs
1437 2359 1538 2410 modurn
1554 2357 1683 2408 dsiomss

858 2432 967 2483 meruti
978 2446 1061 2482 sunus
1074 2429 1165 2496 (eonp.
1178 2433 1361 2496 responsionem
1368 2430 1471 2496 Kepieri
1483 2436 1510 2481 et
1522 2437 1607 2482 musi.
1622 2423 1682 2490 13).

858 2502 930 2564 Quse
949 2517 979 2553 ex
996 2503 1094 2568 reliquls
1112 2503 1244 2554 enuulesre
1262 2504 1394 2568 potuimus,
1412 2502 1477 2554 hsee
1495 2507 1569 2554 suut:
1589 2498 1684 2566 Cogite

858 2582 886 2626 tu
903 2575 1006 2625 ulterior
1024 2574 1118 2625 dehis.
1144 2574 1178 2624 Et
1194 2589 1250 2624 onnr
1268 2577 1294 2624 in
1312 2573 1526 2639 prosthnphueresi
1545 2573 1685 2624 ustrunornl

859 2646 1004 2696 subsumsnt
1021 2645 1070 2696 KL
1088 2652 1116 2696 ut
1133 2645 1243 2704 redium,
1261 2645 1318 2696 ideo
1343 2647 1419 2698 etism
1438 2645 1488 2696 ΔΚ
1506 2643 1684 2696 senentriuitss

330 2713 398 2766 lstus
416 2717 490 2770 detur
508 2717 578 2781 qussi
595 2715 677 2768 uulnus
695 2729 768 2781 quum
780 2716 871 2776 dehst;
890 2719 926 2768 sio
939 2732 995 2768 uum
1007 2717 1058 2768 ΚΝ
1076 2719 1155 2780 ursy'or
1172 2731 1247 2782 quem
1261 2715 1330 2766 1000
1347 2719 1380 2768 sit
1398 2725 1424 2767 et
1435 2723 1522 2768 tumen
1540 2720 1684 2767 munstur

330 2786 357 2837 iu
374 2787 634 2854 prosthsphseresibus
654 2788 831 2838 nursinensis
849 2795 878 2838 ut
889 2789 982 2846 rudius,
1001 2789 1056 2844 ideo
1075 2803 1105 2840 ex
1122 2789 1210 2839 minori
1227 2787 1295 2839 lines
1313 2789 1389 2840 etism
1407 2787 1487 2840 miuus
1504 2787 1572 2838 letus
1589 2799 1683 2838 euoen-

328 2859 446 2910 tricorum
464 2861 600 2910 obtruditur
618 2859 708 2926 ungulo
726 2859 982 2924 prosthsphsereseos.
1468 2871 1472 2882 ¹

419 2930 481 2981 cunr
498 2945 594 2997 quoqne
611 2939 692 2982 motus
711 2931 821 2998 nequitis
838 2933 926 2983 merito
938 2947 968 2982 ex
980 2931 1002 2982 B
1019 2931 1168 2982 oonsidersri
1186 2931 1295 2993 deberet,
1314 2947 1381 2984 nuno
1398 2946 1456 2984 roro
1467 2937 1566 2998 propter
1578 2929 1684 2982 sanun

332 3001 358 3052 lu
376 3003 408 3062 A,
427 3003 496 3053 reior
512 3002 535 3052 B
553 3003 636 3054 voulut
653 3003 831 3069 quodumrnodo
849 3005 882 3056 sd
900 3003 933 3066 K,
952 3003 1008 3054 ideo
1025 3009 1106 3053 motus
1123 3004 1213 3054 mixtu
1231 3003 1268 3054 fir.
1535 3001 1540 3016 '

421 3073 487 3130 Hine
505 3075 630 3126 Fabricius
650 3075 683 3126 ud
701 3074 752 3126 uiis
768 3077 859 3126 usuris
877 3075 968 3140 (comp.
981 3075 1002 3132 1.
1023 3071 1095 3136 342).
1120 3074 1194 3126 Brevi
1211 3081 1268 3140 post
1291 3071 1391 3140 (lilii.
1411 3071 1489 3142 hup.)
1506 3079 1592 3128 rnonet
1609 3073 1683 3138 Ksp·

332 3146 418 3206 lerum,
437 3153 465 3196 ut
477 3153 565 3198 osutus
583 3147 701 3212 procedet
712 3149 739 3196 iu
751 3147 801 3196 suis
812 3148 887 3212 ipsius
901 3148 968 3197 noris
985 3147 1177 3212 hypothesibus:
1199 3145 1337 3208 „Urshious
1350 3147 1423 3198 srdor
1434 3148 1557 3206 deferbuit
1567 3146 1685 3204 muitum.

333 3220 478 3282 praesertim
496 3219 561 3284 quod
579 3220 659 3269 oieurn
677 3219 855 3284 Keplorlunum
881 3220 974 3270 nulium
1003 3219 1107 3283 emplius
1125 3219 1235 3283 isnpedi
1259 3225 1360 3270 nostrse
1378 3219 1554 3286 suppeditetur.
1591 3217 1686 3276 Audio,

333 3295 360 3340 ts
379 3289 587 3341 Commentariun
599 3293 625 3340 in
637 3289 726 3342 Martis
743 3289 891 3354 hypothesin
903 3290 1033 3342 sdornure.
1064 3289 1163 3350 Quaero
1182 3290 1312 3355 diiigenter
1330 3292 1413 3341 omniu
1430 3298 1514 3342 terum
1532 3289 1685 3342 oonsideres.

334 3358 440 3412 Videtur
457 3365 536 3425 metor
552 3363 629 3413 motui
648 3361 673 3422 ὁ
692 3363 774 3411 inesse
793 3361 925 3424 unoruulin,
945 3375 1019 3427 quum
1037 3362 1090 3427 quis
1112 3361 1231 3426 susploerl
1248 3363 1334 3426 possit.
1370 3363 1424 3428 Ego
1440 3365 1512 3426 juxte
1530 3367 1587 3412 tuus
1603 3360 1685 3426 hypo-

334 3431 417 3482 theses
436 3432 529 3498 aliquot
546 3431 572 3494 0¹
591 3434 648 3485 loos
664 3433 794 3498 indugsri.
823 3433 867 3484 sed
884 3435 985 3484 minine
1003 3431 1071 3484 ooelo
1091 3433 1262 3490 consentiunt,
1290 3434 1337 3484 etsi
1354 3435 1452 3499 propius
1470 3433 1583 3500 quidem.
1608 3445 1688 3498 quem

333 3509 469 3554 oeterornm
486 3504 604 3554 selenus.
1505 3505 1520 3526 ⁴

423 3574 592 3641 Insequuiltes
619 3575 777 3626 istitudinum
805 3575 1007 3640 soouyohlsrum
1033 3573 1079 3624 tihi
1106 3587 1171 3624 nors
1193 3573 1261 3625 heud
1288 3573 1361 3626 duhie
1386 3577 1490 3628 consilis
1516 3580 1636 3642 suggeret
1653 3575 1688 3627 de

335 3645 493 3711 longitudinis
519 3648 660 3698 snonsiise
688 3649 769 3698 usuris
788 3648 899 3699 ettonis.
938 3647 964 3698 Si
982 3648 1045 3697 serio
1073 3647 1181 3697 aninum
1200 3645 1355 3710 spplioueris‚
1381 3648 1475 3699 ridebis
1492 3663 1533 3700 me
1551 3653 1620 3698 reete
1639 3647 1688 3697 sd-

334 3719 466 3769 rnoonisse.
493 3717 626 3770 Anomuils
642 3719 819 3784 meguitudlnis
838 3719 1002 3784 eplcyolornm
1019 3718 1059 3769 sel
1077 3720 1154 3769 sunni
1172 3715 1275 3778 orhlsd'
1297 3723 1323 3769 et
1339 3719 1505 3784 insequulitus
1523 3717 1690 3770 latitudinum

336 3787 539 3853 uorouyehlsrunr
558 3804 623 3841 sune
644 3791 695 3840 sint
717 3791 878 3853 oouoiiiutse,
897 3797 925 3840 tu
943 3790 1038 3840 videris.
1076 3789 1125 3852 Qui
1144 3803 1245 3841 ususum
1271 3789 1418 3852 dirersitstis
1444 3791 1521 3842 unnul
1545 3791 1610 3842 urhis
1627 3803 1690 3842 rere

336 3861 483 3912 intellexerit
500 3868 526 3913 et
544 3863 708 3927 explicaverit,
726 3863 747 3911 is
764 3861 925 3928 longitudinis
943 3861 1093 3915 momeliam
1110 3877 1160 3911 uon
1178 3861 1310 3928 ignorabit

425 3933 555 3998 Duplieeuu
572 3933 717 3998 hypothesin
736 3931 761 3994 0¹
781 3940 809 3984 tu
827 3935 963 3991 constituis,
982 3932 1047 3998 quod
1065 3933 1148 3999 arguit
1164 3933 1359 3984 imbeoiliitetem
1375 3932 1540 3998 hypotheseos
1557 3937 1629 3996 tuse.⁴
1659 3931 1689 3984 si

337 4006 401 4056 rstio
418 4018 478 4056 vers
494 4011 575 4056 motus
593 4003 619 4066 0¹
638 4005 682 4055 tihi
700 4013 831 4070 perspecte
856 4007 943 4064 luerit,
962 4005 996 4056 sd
1013 4017 1089 4056 unum
1107 4003 1218 4072 redigere
1236 4006 1341 4068 poteris.
1364 4006 1413 4055 iuro
1431 4003 1532 4056 debes.¹‘
1569 4003 1690 4069 Denique

337 4079 360 4129 d
381 4076 423 4128 22.
441 4076 504 4128 Dee.
526 4073 602 4126 1003.
620 4082 669 4127 ret.
689 4083 721 4130 rt.
740 4077 840 4128 sorihit:
865 4077 934 4127 rideo
953 4091 1034 4134 nuno,
1057 4077 1083 4125 ln
1101 4075 1184 4126 multis
1201 4090 1242 4126 rne
1264 4077 1367 4126 uimiuur
1385 4090 1401 4128 e
1418 4091 1492 4142 soupo
1511 4077 1640 4128 shorrssse
1661 4081 1691 4126 et

336 4151 397 4201 meis
420 4148 635 4216 inrugiuetionihus
659 4147 726 4198 nulio
753 4148 914 4200 tnndsmento
941 4147 1075 4198 ultenh'hus
1101 4147 1233 4212 dereptum
1260 4147 1344 4198 luisse.
1381 4146 1409 4198 Si
1432 4148 1520 4200 lisdem
1547 4148 1634 4214 quihus
1657 4151 1691 4198 tu

337 4221 504 4273 fondumentis
522 4235 580 4271 usus
599 4220 706 4278 inissem
723 4221 777 4282 turn
796 4220 888 4272 dudum
899 4221 925 4269 ln
937 4226 983 4270 tus
1001 4225 1085 4270 outre
1102 4221 1264 4270 trundlsoen.
1290 4218 1341 4270 Sed
1359 4219 1471 4272 deiectus
1489 4220 1691 4272 neomunsrun

337 4295 533 4346 ohsemtionurn
551 4293 575 4342 ln
594 4303 670 4342 ceusu
688 4292 742 4341 init

425 4365 513 4416 Hsheo
532 4365 598 4414 enirn
616 4361 632 4410 2
651 4364 739 4428 ssitenr
759 4363 791 4413 ed
808 4377 884 4413 unum
908 4364 1039 4414 eoeentrioi
1057 4361 1083 4424 d
1102 4367 1221 4426 punoturn
1244 4361 1441 4422 ohservationes,
1464 4377 1528 4430 quse
1544 4363 1689 4427 pressisse,

337 4439 436 4488 tertium
453 4451 510 4486 vero
528 4437 596 4485 intrs
615 4431 647 4482 12
666 4434 718 4484 diss
737 4435 859 4484 obtinebo.
897 4433 939 4484 Sis
955 4449 1000 4499 per
1018 4431 1033 4482 3
1051 4433 1192 4500 puruiluxes
1211 4431 1237 4494 d
1256 4433 1290 4484 ed
1306 4431 1420 4484 'eundern
1445 4433 1527 4486 iorum
1552 4435 1690 4486 eooentrioi

334 4511 407 4572 luris
432 4515 501 4557 tuurn
528 4506 627 4557 rnodunr
654 4502 775 4570 inquiram
802 4507 962 4556 hlseotiouern
986 4506 1055 4556 illem
1079 4510 1150 4556 tusus
1175 4503 1255 4566 (turn
1282 4501 1394 4571 inquam)
1413 4507 1440 4556 in
1459 4501 1500 4567 Q.
1538 4503 1611 4568 Quor
1628 4519 1691 4556 vero

336 4583 458 4632 ustionem
475 4580 637 4645 inquisitionis
655 4579 761 4634 eminet,
787 4583 846 4628 unte
864 4589 957 4628 sonum
975 4577 1026 4627 tuis
1044 4576 1146 4628 soheurs
1169 4577 1256 4626 misisti
1283 4572 1374 4642 (eomp.
1401 4593 1426 4642 p.
1447 4575 1501 4640 ih).
1538 4575 1617 4635 Diels,
1636 4577 1692 4630 ΔΚ

337 4666 481 4718 quoeunque
498 4652 571 4702 modo
589 4647 787 4716 cognossendsrn
805 4661 860 4700 esse
877 4649 923 4700 suh
940 4647 1055 4711 sodium,
1079 4647 1133 4700 lieri
1150 4654 1235 4700 suteru
1257 4649 1385 4700 eornnode
1402 4649 1450 4701 hoe
1468 4663 1555 4714 posse,
1573 4649 1595 4700 ei
1614 4663 1689 4702 soro-

337 4723 429 4788 uyuhie
446 4724 580 4777 ohserrstto
598 4723 680 4773 luerit
717 4719 839 4770 Gonoedo.

426 4794 456 4845 lu
473 4794 565 4845 ultimis
581 4795 659 4846 literis
678 4789 712 4855 (r.
730 4805 754 4857 p.
773 4785 821 4852 84)
848 4792 946 4850 innuis,
974 4791 1063 4844 hiertls
1081 4805 1098 4842 s
1116 4791 1173 4842 Sole
1200 4792 1345 4844 dtstsntleru
1367 4791 1407 4844 rel
1431 4794 1514 4859 potius
1539 4793 1623 4846 loom
1641 4795 1692 4847 suh

338 4863 392 4916 iris
409 4865 467 4923 ΔΚ.
486 4877 535 4916 nou
552 4871 582 4918 ut
598 4864 824 4932 praesumentum,
843 4863 887 4915 sed
897 4874 936 4916 'ex
953 4865 1041 4917 ueteris
1060 4863 1269 4916 ohserrstionihus
1287 4865 1363 4917 utun
1380 4865 1484 4918 inveniri
1500 4875 1583 4934 pesse.
1612 4863 1692 4931 Quod
