3640 5538
758 267 919 332 moniam
1298 332 1302 342 ,
1422 265 1510 348 ,519

169 447 258 517 nibus
281 453 472 534 geometricis
490 455 727 538 jucundissimis,
751 457 857 539 quibus
881 458 1032 537 quantitas
1055 456 1193 522 diametri
1215 458 1336 522 umbrae
1359 479 1425 524 cnm
1447 479 1505 542 pa-

170 543 335 608 rallaribns
358 545 441 610 Solis
468 555 500 610 et
521 547 624 608 Lunae
647 554 679 609 et
700 545 923 609 semidiametro
946 547 1028 611 Solle
1058 547 1169 611 arctius
1199 547 1400 624 connectitur;
1431 551 1510 631 quod
1596 567 1600 576 “

169 633 315 696 hactenus
339 633 396 696 fuit
418 635 585 716 neglectum
609 635 646 699 ab
669 636 841 698 artificibus.
867 667 908 678 -

258 723 344 774 Finem
364 724 484 774 iacientes
502 724 558 774 hnic
576 725 759 780 introductioni,
778 731 910 790 anteqmm
927 727 1007 789 ipsum
1023 725 1154 776 lectoribus
1166 725 1320 790 proponimus
1338 725 1510 792 fragmentum,

169 794 287 858 prioribus
306 796 472 860 subjungimus
500 805 595 860 partem
618 797 736 861 epletolee
753 796 854 859 Kepleri
878 797 911 845 ad
928 796 995 846 Vin
1006 811 1019 846 c
1029 812 1065 846 en
1076 799 1102 845 tl
1112 811 1160 846 nm
1182 796 1269 846 Blan
1281 795 1395 847 chium
1419 798 1509 857 teliu:

170 865 257 915 Comes
276 867 389 924 Alsrani;
416 882 492 930 comp.
512 867 657 931 Hanscb.p
686 865 748 916 000.
769 864 832 924 003)
860 868 948 930 datae,
965 876 993 917 ut
1010 869 1085 933 ipsius
1102 870 1178 918 verbe
1194 869 1333 918 tesdmcnic
1351 869 1401 918 sint
1419 883 1510 927 eornm,

169 951 233 1002 quae
250 951 325 1002 supra
342 938 444 987 dximm
463 938 494 988 de
511 938 614 1003 Keplsri
631 939 717 989 stadis
736 947 762 988 et
777 939 992 990 lucubrationibus.

259 1007 350 1089 Cujus
373 1015 549 1080 (cunctationis
567 1021 594 1070 in
613 1021 738 1084 operibus,
757 1035 821 1085 quas
839 1021 884 1070 sub
901 1020 1014 1070 manibus
1031 1016 1152 1080 babebat)
1176 1011 1384 1074 exeusationes
1398 1011 1509 1074 multae

170 1105 241 1159 sunt
268 1107 299 1160 et
321 1099 432 1165 variae.
468 1100 597 1163 Primum
621 1102 811 1164 calamitates
833 1102 920 1164 aulae
943 1101 997 1162 sub
1019 1099 1195 1180 Rudolpbo,
1224 1101 1375 1162 turbatum
1399 1109 1510 1163 statum

170 1187 254 1265 regni
272 1197 317 1270 ¹et
339 1190 419 1250 mala
442 1190 620 1265 domestica,
651 1191 756 1270 quibus
785 1209 839 1270 per
866 1190 1097 1270 aliquot-annos
1120 1208 1185 1250 snm
1208 1189 1368 1268 impeditus
1396 1194 1508 1262 (scripsit

168 1282 234 1335 haec
257 1285 379 1350 Keptarns
406 1300 429 1336 a.
455 1283 550 1354 lblll),
573 1299 629 1342 nou
646 1289 749 1342 teneor
766 1291 931 1360 praestare.
970 1277 1102 1348 Quorum
1118 1287 1305 1341 externorum
1317 1279 1510 1361 praecipuum

169 1364 225 1426 hoc
258 1375 306 1426 est
334 1369 427 1446 quod,
461 1388 528 1430 cunr
559 1370 741 1449 adscriptum
769 1369 839 1430 milri
867 1369 909 1429 sit
938 1368 1080 1430 salarium
1103 1387 1176 1429 sane
1200 1387 1287 1449 quam
1311 1367 1466 1430 honestum
1490 1388 1510 1428 a

170 1453 319 1530 Caesare,
348 1457 377 1518 id
410 1468 509 1520 tamen
534 1477 592 1520 uon
616 1459 757 1532 solvitur;
787 1457 845 1519 nisi
867 1479 887 1520 a
909 1457 1120 1520 communitate
1145 1456 1230 1536 hujus
1252 1455 1423 1538 provinciae
1447 1453 1508 1520 Or-

168 1544 268 1605 dinum
291 1547 436 1608 modicum
460 1547 643 1629 acciperem,
669 1567 705 1610 ne
730 1547 848 1615 domum
870 1547 990 1629 quidem
1013 1553 1185 1608 sustentare
1207 1563 1341 1626 possem,
1375 1547 1428 1608 sed
1452 1548 1509 1609 du·

167 1633 237 1694 dum
260 1653 327 1695 cum
350 1636 494 1698 dedecore
517 1636 681 1717 principum
705 1646 877 1699 extraneam
903 1653 988 1716 opem
1010 1635 1228 1715 implorassem.
1265 1635 1313 1697 Ex
1337 1636 1392 1696 lucc
1407 1628 1509 1716 se'qid-

168 1731 227 1797 tur‚
264 1723 342 1804 quod
374 1744 442 1787 raro
476 1743 687 1788 amanuensem
719 1727 768 1788 alo
797 1736 828 1787 et
860 1725 1083 1788 calculatorem.
1129 1723 1188 1786 Est
1210 1724 1281 1786 mibi
1301 1725 1365 1806 jam
1388 1725 1510 1786 sedulus

168 1811 333 1874 calculator
362 1823 393 1876 et
420 1814 513 1876 totius
550 1815 723 1878 matheseos
753 1834 867 1894 capax,
903 1813 999 1876 Janus
1024 1811 1230 1891 Gringailetus
1253 1812 1427 1888 Sabaudus,
1461 1813 1510 1896 qui

168 1921 242 1980 opus
264 1900 494 1982 Ephemeridum
518 1905 547 1965 in
572 1922 665 1966 annos
685 1905 793 1966 multos
813 1904 961 1967 calculare
981 1913 1086 1982 posset
1099 1903 1128 1962 in
1144 1902 1217 1964 meis
1232 1903 1373 1965 sudibus:
1398 1911 1431 1964 at
1445 1921 1511 1964 cum
1597 1922 1603 1936 ·

168 1992 195 2052 ei
220 2010 275 2051 nou
296 1992 471 2054 satisfacere
495 1994 608 2071 possim
624 1993 760 2056 desertus
777 2013 795 2054 a
815 1993 1024 2065 Caesareanis‚
1049 1993 1086 2054 de
1102 1991 1242 2053 diuturna
1257 1993 1320 2074 ejus
1339 1991 1512 2073 praesentia

167 2088 267 2140 certos
290 2099 477 2161 nequaquam
502 2101 576 2146 snm.
622 2081 754 2146 Rursum
776 2083 867 2162 igitur
889 2083 918 2143 in
942 2099 989 2142 me
1013 2082 1108 2143 solnm
1126 2081 1261 2143 recident
1276 2082 1392 2154 cmuia;
1416 2099 1511 2162 oeque

167 2187 240 2230 sene
264 2170 312 2231 vel
335 2170 440 2232 amicis
462 2171 628 2234 scribendis
652 2171 787 2251 epistolis
810 2172 959 2233 interdum
983 2169 1113 2240 sufficio,
1137 2170 1243 2232 nedum
1267 2171 1304 2231 ad
1329 2168 1507 2232 calculatio-

166 2276 231 2320 nes.
278 2257 355 2322 Sunt
378 2268 409 2322 et
431 2260 549 2341 aliquae
563 2280 711 2324 morarum
729 2280 839 2323 causae
858 2261 887 2323 in
903 2278 967 2322 meo
985 2258 1119 2339 iugenio:
1146 2277 1223 2335 „non
1242 2258 1342 2321 omnia
1354 2278 1512 2339 possumus

167 2351 302 2411 omnes.“
348 2348 474 2430 Neque
507 2368 587 2430 egc-
614 2351 774 2413 o'rdinem
798 2358 935 2412 tenere
959 2367 1128 2430 possum:
1167 2357 1415 2428 extemporaneas
1448 2367 1513 2410 snm

168 2456 234 2517 ego,
259 2438 409 2512 confusus,
433 2439 513 2501 etsi
542 2439 610 2521 quid
636 2439 802 2502 ordinatum
826 2459 845 2500 a
867 2456 914 2500 me
937 2437 1150 2518 proficiscitur,
1174 2438 1274 2499 decies
1297 2438 1328 2498 id
1351 2436 1512 2518 repet-itum

167 2535 225 2590 est
271 2527 463 2589 Interdum
486 2546 591 2590 error
613 2528 754 2592 calculi
778 2547 820 2590 ex
843 2526 1132 2609 properatione
1156 2527 1380 2592 commissus
1398 2526 1514 2607 longis·

166 2617 241 2686 simo
279 2626 411 2696 tempore
443 2636 490 2678 me
522 2628 697 2681 remoratur.
745 2617 873 2680 Possem
904 2635 976 2677 sane
1008 2615 1124 2678 infinita
1157 2616 1321 2690 effundere;
1354 2635 1423 2678 nam
1452 2616 1511 2678 etsi

166 2707 255 2768 deest
278 2705 376 2779 lectio,
403 2714 541 2786 superest
562 2706 755 2786 imaginatio:
780 2717 813 2767 at
836 2725 894 2767 non
917 2706 1023 2787 placeo
1047 2704 1117 2768 mihi
1136 2705 1166 2766 in
1182 2704 1371 2766 confusaneis
1386 2703 1512 2766 talibus:

172 2793 277 2857 taedet
299 2795 456 2874 pigetque;
481 2813 573 2876 eoque
596 2797 644 2857 vel
668 2795 775 2875 abjicio
788 2795 837 2856 vel
857 2811 986 2868 reservo,
1013 2793 1106 2856 donec
1124 2793 1286 2870 revideam,
1310 2793 1341 2855 id
1360 2803 1407 2854 est
1422 2793 1515 2855 donec

172 2903 257 2968 nova*
276 2884 414 2958 scribam,
440 2884 518 2965 quod
536 2886 708 2965 plerumque
733 2884 776 2947 tit.
804 2881 883 2945 Pe'to
898 2883 987 2944 etiam
1004 2882 1122 2944 a'vobis
1137 2882 1250 2958 amicis,
1265 2892 1349 2944 utne
1363 2891 1516 2944 metatum

173 2972 321 3036 damnetis
350 2973 378 3034 in
401 2973 560 3053 pistrinum
585 2973 812 3035 calculationum
832 2971 1127 3034 mathematicarum:
1161 2980 1279 3050 tempus
1298 2970 1368 3032 mihi
1384 2971 1422 3031 ad
1444 2989 1516 3049 spe-

173 3063 339 3124 culationes
362 3061 585 3143 philosophicas
608 3060 801 3141 indulgeatis,
825 3058 950 3122 delicias
972 3079 1056 3121 meas
1079 3060 1193 3121 unicas.
1240 3059 1334 3121 Irasci
1353 3059 1425 3119 mihi
1439 3077 1516 3121 non-

173 3151 271 3213 nullos
308 3152 345 3212 ob
376 3150 486 3212 dilatas
517 3151 635 3212 tabulas
658 3149 830 3231 Rudolphi,
859 3167 916 3210 non
951 3148 1137 3210 dissimulavi
1164 3147 1194 3209 in
1222 3147 1346 3227 prologo
1375 3146 1443 3208 libri
1475 3145 1515 3207 V.

173 3239 428 3316 Harmoniccrnm,
454 3237 514 3301 dixi
538 3239 663 3315 scilicet,
688 3260 734 3302 me
757 3248 889 3319 tempore
914 3236 997 3299 abuti
1022 3237 1060 3299 ad
1079 3233 1300 3316 speculationes
1318 3235 1516 3298 harmonicas.

174 3329 266 3393 Suum
290 3330 393 3410 cuique
416 3327 585 3410 pnlcbmm:
618 3328 670 3392 alii
694 3328 814 3391 tabulae
839 3335 870 3389 et
891 3325 1017 3388 materia
1041 3325 1210 3406 genesium,
1241 3323 1313 3386 mibi
1336 3325 1392 3386 llos
1416 3333 1517 3387 astro-

173 3419 299 3494 nomiae,
323 3419 433 3498 politia
455 3425 587 3480 motuum
612 3429 643 3480 et
666 3427 789 3480 ornatus
812 3417 944 3496 placent.
982 3413 1061 3485 Quid
1077 3415 1154 3497 qnod
1165 3413 1250 3494 ipsae
1261 3413 1394 3475 Tabulae
1410 3432 1519 3477 causas

175 3517 280 3572 serunt
302 3525 466 3570 morarum:
500 3507 573 3569 nihil
606 3508 642 3569 de
666 3507 846 3569 difficultate
870 3504 985 3579 dicam;
1017 3506 1084 3584 ipsa
1117 3505 1214 3565 forma
1237 3503 1343 3565 calculi
1364 3505 1425 3585 jam
1447 3497 1527 3584 per-'

173 3599 256 3660 fecta
287 3605 354 3660 tota
384 3596 557 3658 renovanda
590 3604 639 3658 est
675 3596 837 3658 secundum
873 3593 1086 3674 logarithmos,
1125 3600 1160 3654 ut
1196 3593 1410 3673 superveniens
1441 3593 1518 3655 alius

169 3686 327 3768 principiis
349 3686 424 3747 meis
448 3685 590 3747 assumtis
614 3685 843 3747 commodiorem
867 3682 949 3746 illum
973 3683 1093 3746 modum
1116 3679 1202 3743 novis
1226 3681 1337 3743 tabulis
1361 3683 1518 3764 exprImat.

60 3803 68 3814 ⁸
173 3777 309 3859 Denique
333 3776 358 3839 si
373 3775 524 3856 perfectae
539 3773 673 3837 Tabulae
690 3782 802 3846 essent,
826 3781 952 3854 possent
965 3781 1066 3834 tamen
1085 3771 1227 3852 impedire
1241 3769 1391 3834 Brabeani
1408 3772 1518 3833 editic-

174 3885 251 3941 nem,
278 3865 356 3946 quia,
380 3882 447 3926 cum
470 3862 695 3926 observationes
711 3863 822 3928 Brabei
845 3881 882 3926 ex
906 3863 1038 3942 ipsorum
1060 3860 1189 3923 habeam
1212 3877 1366 3936 concessu,
1387 3860 1520 3922 vicissim

174 3955 236 4018 illis
258 3952 422 4018 obstrictus
446 3971 522 4015 sum.

264 4593 430 4734 Inscripsit
450 4641 600 4726 Keplerus
632 4642 824 4718 laecicelur'tr,
856 4641 912 4723 qur
937 4641 1070 4704 continet
1099 4639 1302 4721 Hipparchum
1330 4599 1520 4721 sinnllapue:

179 4740 495 4822 „Restitutionnm
536 4733 734 4801 Lunarinm
778 4731 1026 4806 adverseria“‚
1071 4731 1167 4810 ipsum
1208 4739 1308 4792 autem
1348 4731 1519 4810 opusculum

178 4833 413 4915 inscriptIeuem
429 4845 500 4908 prae
524 4845 557 4887 ss
580 4825 657 4886 fert:
