3582 5558
762 332 939 388 lotrodnotios
1317 377 1321 392 .
1453 333 1515 402 157
1574 357 1582 371 ‘

248 502 380 587 Denique
395 517 482 590 igitur
502 515 623 572 aedideio
644 513 786 588 fastigium
806 516 858 570 boo
878 514 932 571 fuit
951 514 1106 586 impositum
1126 520 1157 570 et
1176 501 1388 572 demodstratnm
1404 507 1515 589 geome-

170 592 254 660 triae,
275 595 452 652 librationem
471 597 625 670 hujumodi
653 596 725 651 efflei
749 597 878 651 soleres
898 595 1057 668 magnetica
1083 613 1215 668 eorporea
1234 597 1377 654 fsouitate.
1417 599 1515 669 itaque

168 679 289 730 motores
310 676 339 730 bi
360 678 535 748 planetarum
556 676 659 750 proprii
678 676 898 747 probabilissime
920 675 1022 731 ostensi
1043 684 1108 731 sunt
1127 676 1195 744 nibil
1224 677 1298 732 alind
1327 695 1403 742 esse,
1434 695 1515 749 quam

166 754 329 810 affectiones
358 757 479 829 ipsorum
507 757 724 830 planetariorum
755 774 897 828 eorpomsm
927 757 1019 822 teies,¹
1047 757 1137 829 qualis
1168 763 1215 812 est
1241 758 1269 811 in
1298 765 1428 829 magnete
1457 758 1515 829 poli

166 842 305 904 appetens
326 833 481 911 terebroque
501 839 612 910 rapiens
624 844 684 892 :·ut
703 837 744 892 ita
764 844 826 892 tots
838 837 911 892 ratio
925 843 1046 890 motuum
1060 836 1221 892 eoelestinm
1240 836 1421 892 facultatibus
1442 855 1515 893 mere

165 916 315 985 eorporeis,
337 919 390 972 boe
409 917 698 992 est'magnetiois.
718 917 940 982 administretur,
962 923 1083 987 exeepta
1102 917 1164 972 sola
1184 917 1371 973 turbinatione
1393 918 1514 989 eorporis

161 993 271 1050 Solaria
291 996 321 1050 in
341 1014 390 1054 suo
411 999 504 1070 spatio
523 997 724 1069 permanentis.
756 997 798 1052 oui
828 997 907 1052 vitali
937 995 1072 1052 facultate
1108 1013 1176 1067 opus
1206 1015 1268 1053 esse
1287 999 1404 1052 videtur.
1445 1000 1515 1052 Nam

161 1082 244 1144 parte
269 1077 367 1147 quinta
392 1081 620 1143 demonstratum,
650 1083 760 1133 nostros
785 1077 845 1147 jam
873 1077 1042 1132 introductas
1072 1077 1242 1150 hypotheses
1269 1076 1401 1150 physicas
1431 1079 1515 1134 etiam

159 1153 358 1212 latitudinibus
388 1159 559 1215 satisiaoere.
599 1160 702 1214 Datum
730 1165 824 1214 tamen
852 1157 905 1212 tuit
933 1157 1036 1228 aliquid
1066 1157 1193 1228 partibus
1222 1156 1269 1214 ΠΙ.
1301 1165 1330 1212 et
1357 1159 1404 1214 IV.
1432 1159 1514 1219 etiam

159 1235 283 1302 menti,
314 1244 347 1296 nt
366 1247 455 1294 motor
473 1241 607 1310 planetae
628 1238 754 1311 proprius
776 1256 836 1296 oum
856 1236 967 1293 animab
989 1237 1125 1294 laenitate
1145 1237 1269 1293 morendi
1291 1238 1331 1294 sni
1353 1237 1431 1310 globi
1452 1257 1515 1294 eon·

138 1314 268 1388 iungat
296 1317 445 1386 rationem,
481 1319 504 1374 si
535 1319 595 1392 quis
625 1318 827 1390 objectionibus
855 1317 994 1373 nonnullis
1023 1316 1166 1373 extraneis
1201 1319 1241 1372 ad.
1266 1317 1384 1389 speeiem
1416 1319 1515 1374 validis

156 1395 294 1462 territus,
316 1406 435 1455 naturae
457 1411 599 1472 corporum
620 1400 742 1454 diffidere
762 1399 844 1455 velit.
866 1400 944 1454 modo
966 1397 1031 1453 talis
1052 1397 1151 1470 aliquis
1172 1398 1224 1453 boo
1243 1398 1375 1470 recipiat,
1396 1405 1515 1484 mentem
1613 1471 1617 1480 ἱ

72 1511 74 1520 1
156 1476 234 1532 iliam
255 1477 304 1532 nti
324 1481 472 1564 apparenti
493 1481 627 1536 diametro
641 1479 712 1535 Solis
729 1497 779 1552 pro
801 1495 930 1537 mensura
943 1479 1107 1546 librationis,
1124 1495 1288 1552 sensumque
1308 1474 1449 1534 habere
1426 1495 1514 1551 anqu-

155 1557 255 1622 lomm,
284 1575 352 1631 qnos
373 1551 523 1634 exquirunt
543 1559 700 1616 astronomi.

234 1639 361 1696 'lantum
381 1642 468 1714 igitur
488 1642 515 1697 in
535 1641 656 1714 gratiam
676 1640 851 1712 physioornm
871 1639 971 1720 dietum
992 1645 1068 1694 esto:
1090 1645 1185 1696 oetera
1205 1639 1346 1695 invenient
1364 1639 1515 1696 astronomi

153 1724 184 1773 et
203 1727 373 1792 geometrae
393 1740 444 1778 sno
465 1723 607 1794 quaelibet
627 1721 720 1776 ordine
741 1740 778 1776 ex
799 1721 975 1793 sequentibus
997 1719 1166 1792 singulorum
1188 1720 1308 1792 capitum
1333 1720 1512 1793 argumentis,

153 1815 227 1870 qnae
257 1801 365 1871 paulo
378 1803 533 1874 prolixiora
560 1819 622 1857 esse
652 1801 739 1868 solui,
770 1819 830 1856 enm
862 1809 893 1856 ιιι
918 1807 1013 1856 essent
1032 1801 1093 1854 looo
1123 1801 1264 1866 iudiois,
1297 1809 1354 1860 tum
1374 1807 1407 1856 ut
1426 1801 1514 1856 laetor

152 1877 259 1950 passim
281 1881 433 1938 haerens
425 1901 454 1938 ιιι
475 1883 643 1938 obscuritate
664 1883 722 1937 sive
741 1877 878 1938 materiae
905 1897 954 1935 seu
982 1879 1062 1953 styli,
1091 1883 1236 1937 seeundum
1257 1883 1392 1936 Tabulam
1413 1897 1514 1953 synop-

150 1961 236 2015 tioam
273 1962 314 2016 ab
344 1963 388 2018 his
419 1963 505 2020 etiam
542 1963 713 2036 argumentis
753 1963 874 2034 aliquam
903 1962 991 2016 luoem
1020 1967 1103 2032 petat
1130 1962 1320 2055 rationemque
1354 1961 1454 2016 ordinis
1485 1968 1515 2016 et
1562 2003 1566 2008 .

154 2041 367 2098 oobaerentiam
387 2061 480 2098 rerum
499 2043 527 2098 in
547 2043 617 2098 idem
639 2050 725 2114 eaput
744 2049 945 2115 congestarum,
967 2041 991 2096 si
1011 2040 1099 2096 minna
1119 2043 1272 2097 fortassis'
1266 2059 1293 2100 ιιι
1306 2042 1367 2113 ipso
1381 2048 1514 2096 oontextn
1610 2077 1616 2084 -

153 2121 191 2177 sit
221 2123 396 2194 oonspiena,
427 2124 564 2194 pereipiat
593 2124 745 2179 evidentius
776 2123 848 2178 inter
877 2127 1043 2218 argumenta
1071 2120 1098 2176 in
1126 2123 1321 2196 paragrapbos
1342 2139 1405 2177 enos
1427 2127 1513 2178 aeota.

151 2204 249 2266 Quare
272 2204 368 2260 leotor
387 2203 452 2259 boni
473 2206 606 2270 consulat,
628 2221 706 2276 rogo.
