3674 5532
732 335 736 342 ·
822 317 863 378 De
880 321 986 377 Motibus
1004 319 1097 375 Stellae
1114 319 1202 374 Martis

877 537 996 637 Caput
1021 533 1149 612 XXX.

587 669 711 734 umato
732 670 903 742 distantiae
926 670 1014 736 uotis
1034 691 1057 732 a
1080 669 1184 764 Terra
1206 667 1332 752 ejusque
1352 687 1438 733 ueua.

433 785 469 846 Iu
491 784 569 848 hunc
592 785 709 848 modum
733 793 903 848 exstructas
926 785 1088 847 distantias
1105 782 1185 846 Solis
1209 790 1351 865 tanquam
1372 783 1411 844 ad
1426 783 1558 860 integros
1571 777 1681 860 gradus

342 873 508 936 anomaliae
532 884 714 954 coaequatae
738 875 831 937 totins
847 874 1024 937 semicirculi
1046 877 1130 947 (nam
1145 891 1220 953 quae
1236 871 1265 934 in
1284 872 1379 934 altero
1400 869 1585 933 semicirculo
1602 875 1681 940 sunt,

340 962 508 1044 aequaliter
539 964 578 1026 ab
609 982 743 1043 apogaeo
776 964 925 1026 distantes
948 964 1100 1031 cumbis,
1125 961 1266 1041 aequales
1289 980 1404 1044 qnoque
1427 966 1497 1022 sunt
1519 958 1582 1032 his)
1606 975 1682 1019 con-

336 1053 464 1134 jecimus
487 1051 566 1115 hic
558 1071 588 1114 ιιι
611 1052 765 1128 tabellam,
790 1054 874 1133 cujus
898 1053 1052 1116 columnae
1075 1059 1137 1113 tres
1161 1058 1241 1113 sunt
1287 1051 1322 1112 Iu
1344 1050 1454 1138 prima,
1487 1065 1575 1128 quam
1600 1044 1681 1110 dixi-

340 1161 405 1204 mus
429 1141 608 1203 anomaliam
631 1141 769 1218 mediam,
794 1151 865 1205 sunt
888 1141 989 1222 anguli
1012 1142 1097 1219 δβμ,
1116 1139 1202 1217 δβθ,
1224 1137 1303 1218 ddi,
1319 1140 1393 1217 dds,
1416 1133 1496 1216 δβι,
1522 1134 1681 1216 compositi

340 1251 377 1293 ex
399 1236 479 1307 dap,
495 1236 580 1305 dod,
594 1227 676 1307 ὀαξ,
694 1237 763 1307 dae,
780 1237 841 1293 dor
859 1231 1043 1310 integrorum
1052 1229 1195 1310 graduum
1209 1227 1337 1308 angulis,
1353 1236 1384 1289 et
1398 1247 1435 1290 ex
1450 1245 1550 1310 eprum
1565 1244 1680 1305 aequa-

337 1320 468 1383 tionibus
491 1320 598 1400 opticis
622 1340 675 1382 seu
698 1321 836 1396 eccentri,
860 1327 934 1400 puta
956 1322 1041 1398 βμα,
1061 1320 1144 1397 lida,
1162 1315 1243 1395 βξα,
1266 1318 1347 1395 βια,
1371 1319 1445 1395 deo.
1492 1316 1526 1377 ln
1549 1315 1682 1377 secunda

339 1407 502 1490 distantiae
538 1409 621 1489 ipsae
646 1432 711 1486 αμ,
734 1415 798 1484 αθ,
819 1407 874 1484 αξ,
896 1433 949 1482 αι,
963 1430 1006 1470 αν
1029 1409 1212 1509 collocantur
1236 1427 1252 1468 e
1274 1407 1406 1484 regione
1452 1406 1486 1468 In
1510 1405 1602 1467 tertia
1625 1401 1680 1464 sub

335 1675 481 1738 Existunt
521 1683 621 1738 autem
659 1696 712 1780 per
748 1676 982 1739 subtractionem
1018 1673 1226 1755 aequationum
1265 1632 1431 1753 opticarrim
1464 1674 1542 1751 αμβ
1574 1680 1632 1732 etc.
1662 1692 1682 1732 a

336 1766 759 1846 ιαμιιι.1ιιᾳιι·ιριίι
789 1771 858 1842 dap
888 1765 1005 1845 augulis
1038 1767 1219 1852 integrorum
1242 1762 1385 1842 graduum
1409 1763 1533 1824 nullam
1544 1759 1682 1822 dedimus

336 1855 517 1930 columnam,
558 1855 628 1934 quia
656 1865 727 1917 suut
754 1857 882 1917 medium
914 1845 1134 1916 arithmeticum
1171 1853 1249 1914 inter
1277 1853 1477 1914 columnarum
1510 1849 1681 1914 lateralium

336 1946 461 2022 angulos
500 1952 531 2004 et
568 1945 610 2006 sic
638 1963 671 2005 se
704 1945 778 2024 ipsis
811 1945 898 2006 facile
921 1943 1140 2022 intelliguntur,
1174 1960 1229 2003 nec
1252 1941 1319 2002 usui
1343 1949 1427 2015 snut,
1457 1947 1491 2001 ut
1513 1939 1680 2000 audiemus

423 2033 581 2112 Ingressus
611 2051 682 2112 ergo
710 2053 777 2096 cum
807 2033 956 2096 anomalia
984 2033 1083 2095 media
1105 2030 1153 2091 vel
1176 2039 1360 2110 coaequata,
1384 2037 1472 2109 prout
1495 2047 1566 2090 usus
1591 2028 1680 2101 feret,

320 2173 323 2178 Α
334 2121 477 2186 utralibet
499 2123 530 2183 iu
553 2141 609 2183 sua
630 2123 751 2202 propria
775 2122 912 2184 columna
935 2122 1081 2201 quaesita,
1105 2119 1154 2180 vel
1176 2139 1241 2181 cum
1266 2120 1439 2181 alterutrius
1460 2117 1680 2196 complemento

335 2214 374 2274 ad
398 2212 546 2290 integrum
570 2210 720 2285 circulum,
744 2211 795 2273 ubi
818 2209 1063 2273 semicirculum
1055 2228 1123 2289 rpsa
1146 2209 1319 2281 excesserit,
1342 2207 1475 2270 invenies
1500 2204 1677 2268 distantiam

334 2300 417 2365 Solis
441 2319 460 2360 a
482 2299 576 2361 Terra
606 2301 793 2379 quaesitam,
823 2299 1013 2379 inpartibus
1036 2297 1165 2380 qualium
1196 2297 1297 2360 radius
1321 2297 1401 2411 orbis
1426 2304 1474 2359 est
1495 2291 1625 2358 100000
1648 2302 1680 2356 et

336 2387 548 2452 socentricitas
574 2383 670 2450 1800.

421 2477 536 2538 Verum
560 2483 617 2551 est,
641 2476 721 2557 qnod
744 2474 799 2536 boc
822 2483 912 2555 pacto
936 2473 1021 2549 (dum
1044 2474 1169 2537 distant
1147 2481 1221 2535 tram
1244 2469 1289 2546 αζ
1312 2473 1413 2554 anguli
1436 2469 1504 2546 ιαζ
1521 2472 1680 2535 tribuimus

334 2565 456 2644 angulo,
488 2563 538 2644 qui
567 2571 653 2626 tanto
684 2572 733 2626 est
754 2563 849 2625 minor
871 2565 936 2643 ipso
961 2559 1048 2638 δαζ,
1078 2571 1188 2642 quanto
1211 2561 1278 2636 δαζ
1295 2565 1390 2626 minor
1413 2570 1459 2624 est
1483 2582 1572 2644 qnam
1595 2559 1679 2640 ᾶβζ)

334 2653 488 2732 affingitur
520 2651 665 2721 circuitui
678 2653 790 2716 Terrae
823 2654 886 2728 (vel
910 2650 1007 2727 Solis)
1037 2653 1119 2714 circa
1141 2676 1161 2714 α
1184 2653 1234 2713 via
1256 2671 1312 2714 non
1335 2652 1424 2732 plane
1448 2651 1601 2715 circularis
1625 2651 1681 2713 sed

337 2741 445 2804 ovalis.
491 2740 571 2803 Nam
595 2741 665 2822 quia
688 2742 833 2821 (exempli
856 2741 971 2821 gratia)
996 2741 1142 2804 distantia
1170 2737 1217 2814 αζ
1236 2749 1390 2804 exstructa
1409 2749 1457 2802 est
1470 2759 1524 2822 per
1539 2741 1679 2821 angulum

336 2827 409 2906 δαζ
438 2825 499 2894 90υ
525 2830 724 2910 integrorum,
761 2839 793 2892 et
821 2833 951 2912 positum
980 2830 1036 2892 fuit
1058 2831 1087 2892 in
1113 2831 1296 2910 operatione,
1320 2831 1397 2891 hune
1421 2827 1490 2904 ὒαζ
1511 2847 1578 2892 esee
1602 2849 1679 2891 auo-

336 2921 457 2984 maliam
482 2927 693 3001 coaequatam,
711 2920 776 3000 jam
799 2939 870 2982 vero
890 2919 1005 3001 juberis
1029 2919 1191 2982 distantias
1216 2938 1373 3000 excerpere
1392 2938 1447 2998 per
1461 2920 1587 3000 angulos
1603 2939 1679 2981 auo-

335 3009 454 3081 maliae,
479 3026 554 3087 quae
579 3010 608 3070 iu
631 3017 735 3071 nostra
758 3009 863 3071 tabula
885 3019 1052 3088 coaequata
1074 3008 1198 3084 dicitur,
1227 3009 1388 3070 diminutos
1411 3007 1679 3088 prosthaphaeresi

335 3095 417 3180 βαζ,
451 3095 577 3178 ideoque
602 3099 728 3173 accidit,
761 3106 796 3160 ut
823 3117 877 3178 per
904 3096 947 3163 90
970 3116 1027 3161 uon
1052 3117 1194 3178 excerpas
1218 3094 1340 3168 99984,
1373 3115 1439 3158 cum
1472 3105 1571 3160 tamen
1595 3097 1678 3178 prius

334 3208 389 3269 per
408 3183 450 3250 90
474 3187 657 3249 exstruxeris
672 3184 799 3252 99984τ
823 3207 893 3249 uam
910 3188 957 3249 hic
976 3189 1042 3268 jam
1057 3207 1072 3248 e
1089 3189 1207 3267 regione
1227 3182 1464 3251 substraveris
1483 3195 1679 3268 coaequatam

337 3274 396 3342 88⁰
419 3273 472 3338 58¹
498 3275 550 3349 7¹⁴,
572 3295 648 3356 quae
672 3296 729 3338 non
754 3284 803 3338 est
825 3283 897 3338 tua:
921 3278 1074 3357 proposita
1097 3285 1145 3338 est
1159 3294 1283 3357 natuque
1298 3275 1352 3337 tibi
1367 3270 1435 3350 90⁰,
1460 3294 1536 3355 quae
1554 3275 1679 3337 inferius

336 3365 473 3447 quaesita
496 3364 616 3425 exhibet
639 3362 758 3439 99953,
783 3384 848 3427 cum
867 3366 983 3446 exlege
998 3364 1100 3428 circuli
1121 3361 1167 3436 αζ
1184 3365 1232 3426 rel
1256 3386 1303 3441 aq
1326 3363 1461 3427 debuerit
1474 3383 1542 3426 esse
1558 3359 1679 3428 99984.

336 3457 440 3533 ltaque
471 3472 573 3514 omues
607 3453 769 3516 distantiae
793 3455 961 3516 minuuntur
985 3456 1023 3516 ad
1046 3456 1158 3528 latera,
1186 3452 1314 3516 maxime
1345 3453 1425 3514 circa
1447 3448 1478 3528 ζ,
1497 3475 1527 3530 q,
1552 3453 1624 3515 nibil
1647 3453 1678 3514 in

336 3550 369 3619 d,
393 3566 416 3603 e.
470 3538 537 3612 Quo
564 3550 654 3622 pacto
680 3545 768 3624 plane
797 3542 893 3604 uvalis
922 3561 976 3622 pro
1003 3543 1139 3605 circulari
1176 3543 1225 3603 via
1253 3542 1453 3604 substituitur.
1507 3543 1592 3605 Idem
1623 3541 1679 3604 tibi

334 3631 461 3705 eveniet,
486 3629 512 3690 si
535 3649 589 3710 per
604 3631 784 3693 anomaliam
802 3631 932 3693 mediam
946 3631 1001 3694 tibi
1017 3631 1135 3694 aliunde
1150 3632 1280 3694 oblatam
1297 3631 1388 3693 fueris
1403 3631 1564 3712 ingressus.
1598 3631 1679 3694 Nam

339 3718 490 3783 anomalia
512 3719 611 3780 media
633 3720 749 3782 notavit
771 3739 870 3799 snpra,
896 3739 961 3781 enm
985 3721 1105 3783 schema
1128 3720 1359 3796 describeretur,
1394 3721 1519 3799 angulos
1548 3721 1628 3802 apud
1650 3744 1674 3801 y.

337 3809 407 3873 Jam
430 3815 530 3870 antem
554 3808 720 3888 ingrederis
738 3826 792 3888 per
807 3809 931 3888 angulos
946 3810 1025 3890 apud
1047 3811 1075 3887 β,
1100 3809 1228 3872 minores
1242 3809 1302 3870 illis
1318 3809 1355 3869 ad
1378 3831 1393 3890 y
1414 3808 1680 3890 prostbaphaeresi

339 3898 448 3981 optica.
494 3893 618 3960 13191ο
644 3895 672 3960 1¹
696 3895 760 3962 53⁴‘
783 3897 950 3959 anomaliae
973 3897 1090 3961 mediae
1114 3899 1235 3961 exhibet
1257 3898 1312 3959 tibi
1336 3894 1454 3962 99984.
1493 3897 1592 3981 Supra
1606 3918 1678 3962 vero

339 3995 441 4050 tantus
465 3994 533 4049 erat
555 3982 632 4064 δβζ,
655 4005 750 4068 neque
773 3994 874 4048 tamen
897 3986 938 4048 ibi
954 3995 1020 4049 erat
1042 3988 1192 4050 anomalia
1213 3987 1319 4061 media,
1344 4005 1413 4048 nam
1435 3987 1489 4048 illa
1504 3984 1683 4070 fuerat‘dyl

340 4079 435 4140 adhuc
464 4075 575 4155 major:
609 4074 708 4156 itaque
740 4071 799 4140 91⁰
828 4074 858 4140 1‘
886 4072 950 4138 53“
986 4076 1135 4138 anomalia
1164 4077 1218 4139 illa
1248 4077 1346 4138 media
1375 4083 1585 4140 construxerat
1615 4077 1678 4141 illic

342 4167 508 4246 longiorem
540 4165 728 4240 distantiam,
776 4183 863 4245 quam
901 4164 1035 4246 ejusdem
1065 4165 1113 4228 hic
1144 4165 1356 4247 magnitudinis
1394 4166 1545 4228 anomalia
1580 4167 1680 4229 media

340 4253 400 4321 91ο
426 4254 454 4318 1‘
477 4250 542 4318 531¹
564 4255 611 4316 bic
635 4253 764 4315 exhibet.
809 4255 960 4331 Totum,
997 4254 1130 4336 inquam,
1169 4256 1224 4317 hoo
1254 4261 1473 4318 verumest.
1520 4255 1583 4317 Sed
1606 4255 1680 4318 nihil

342 4353 408 4416 est,
438 4362 489 4405 cur
518 4352 549 4405 te
578 4341 715 4422 impediri
742 4342 879 4423 patiaris.
928 4343 1064 4418 Etenim,
1098 4343 1166 4424 quia
1198 4345 1233 4406 de
1265 4343 1352 4406 unius
1375 4344 1486 4424 gradus
1510 4343 1680 4407 differentia

341 4435 448 4514 agitur,
473 4431 558 4494 vides
582 4429 743 4493 distantias
765 4430 846 4493 intra
867 4452 957 4495 unum
979 4435 1103 4513 gradum
1125 4452 1184 4495 nou
1197 4433 1265 4512 plus
1278 4429 1318 4495 31
1336 4431 1492 4512 particulis
1507 4434 1543 4496 de
1559 4441 1680 4496 centum

343 4520 474 4586 millibus
497 4519 622 4584 variari:
646 4519 746 4601 itaque
770 4519 844 4582 nihil
867 4521 1007 4583 sensibile
1031 4530 1187 4596 erraretur,
1211 4521 1268 4584 etsi
1290 4521 1346 4583 hoo
1367 4528 1560 4603 praepostere
1583 4523 1678 4586 fieret.

341 4610 473 4676 Causam
495 4617 595 4674 autem
617 4609 704 4689 hujus
727 4608 780 4685 rei,
805 4610 944 4690 analogia
967 4617 1130 4674 ceterorum
1152 4611 1339 4691 planetarum
1363 4610 1454 4674 etiam
1476 4609 1506 4674 iu
1529 4612 1680 4676 theoriam

340 4699 421 4763 Solis
450 4699 667 4774 deducendam,
695 4697 774 4761 inira
803 4715 869 4778 cap.
892 4697 1007 4762 XLIV.
1031 4708 1062 4762 et
1084 4719 1145 4780 seq.
1181 4698 1324 4763 iuvenies.
1370 4700 1439 4764 Non
1461 4699 1563 4782 itaque
1586 4721 1678 4783 prae-

341 4797 471 4868 postere,
495 4789 549 4852 sed
571 4787 736 4851 rectissime
759 4788 815 4850 hoo
837 4787 880 4862 tit,
903 4789 981 4869 quod
1004 4789 1180 4871 qualitatem
1201 4789 1310 4852 attinet
1328 4787 1441 4868 figurae
1457 4789 1679 4874 quamplanata

343 4875 484 4939 describit
506 4876 687 4958 suppositae.
