<?xml version="1.0" encoding="UTF-8"?>
<!DOCTYPE html PUBLIC "-//W3C//DTD XHTML 1.0 Transitional//EN"
    "http://www.w3.org/TR/xhtml1/DTD/xhtml1-transitional.dtd">
<html xmlns="http://www.w3.org/1999/xhtml" xml:lang="en" lang="en">
 <head>
  <title>
</title>
<meta http-equiv="Content-Type" content="text/html;charset=utf-8" />
  <meta name='ocr-system' content='tesseract 3.04.00' />
  <meta name='ocr-capabilities' content='ocr_page ocr_carea ocr_par ocr_line ocrx_word'/>
</head>
<body>
  <div class='ocr_page' id='page_1' title='image "./joanniskepleria28frisgoog_0285.png"; bbox 0 0 3674 5532; ppageno 0'>
   <div class='ocr_carea' id='block_1_1' title="bbox 315 319 1310 391">
    <p class='ocr_par' dir='ltr' id='par_1_1' title="bbox 315 319 1310 391">
     <span class='ocr_line' id='line_1_1' title="bbox 315 319 1310 391; baseline -0.009 -3"><span class='ocrx_word' id='word_1_1' title='bbox 315 319 381 391; x_wconf 74' lang='lat'><strong>266</strong></span> <span class='ocrx_word' id='word_1_2' title='bbox 679 327 719 380; x_wconf 83' lang='lat' dir='ltr'><strong>Do</strong></span> <span class='ocrx_word' id='word_1_3' title='bbox 736 327 844 381; x_wconf 76' lang='lat' dir='ltr'><strong>llot&#39;tus</strong></span> <span class='ocrx_word' id='word_1_4' title='bbox 862 325 955 382; x_wconf 65' lang='lat' dir='ltr'><strong>Mae</strong></span> <span class='ocrx_word' id='word_1_5' title='bbox 972 323 1068 379; x_wconf 72' lang='lat' dir='ltr'><strong>lintis.</strong></span> <span class='ocrx_word' id='word_1_6' title='bbox 1105 326 1167 380; x_wconf 82' lang='lat' dir='ltr'><strong>Paro</strong></span> <span class='ocrx_word' id='word_1_7' title='bbox 1185 323 1310 380; x_wconf 69' lang='lat' dir='ltr'><strong>asemon</strong></span> 
     </span>
    </p>
   </div>
   <div class='ocr_carea' id='block_1_2' title="bbox 315 501 1666 678">
    <p class='ocr_par' dir='ltr' id='par_1_2' title="bbox 315 501 1666 678">
     <span class='ocr_line' id='line_1_2' title="bbox 315 501 1666 592; baseline 0.004 -27"><span class='ocrx_word' id='word_1_8' title='bbox 315 501 405 566; x_wconf 81' lang='lat' dir='ltr'><strong>taeile</strong></span> <span class='ocrx_word' id='word_1_9' title='bbox 426 503 535 586; x_wconf 79' lang='lat' dir='ltr'><strong>possit,</strong></span> <span class='ocrx_word' id='word_1_10' title='bbox 558 525 626 572; x_wconf 87' lang='lat' dir='ltr'><strong>oum</strong></span> <span class='ocrx_word' id='word_1_11' title='bbox 649 505 874 574; x_wconf 84' lang='lat' dir='ltr'><strong>observationes</strong></span> <span class='ocrx_word' id='word_1_12' title='bbox 896 515 1060 592; x_wconf 76' lang='lat' dir='ltr'>usurpatae</span> <span class='ocrx_word' id='word_1_13' title='bbox 1082 525 1142 570; x_wconf 91' lang='lat' dir='ltr'><strong>non</strong></span> <span class='ocrx_word' id='word_1_14' title='bbox 1161 505 1296 572; x_wconf 79' lang='lat' dir='ltr'><strong>incidant</strong></span> <span class='ocrx_word' id='word_1_15' title='bbox 1310 505 1341 571; x_wconf 91' lang='lat' dir='ltr'><strong>in</strong></span> <span class='ocrx_word' id='word_1_16' title='bbox 1355 505 1480 590; x_wconf 81' lang='lat' dir='ltr'><strong>apsidas</strong></span> <span class='ocrx_word' id='word_1_17' title='bbox 1494 508 1527 570; x_wconf 91' lang='lat' dir='ltr'><strong>et</strong></span> <span class='ocrx_word' id='word_1_18' title='bbox 1541 509 1666 590; x_wconf 77' lang='lat' dir='ltr'><strong>qnmtas</strong></span> 
     </span>
     <span class='ocr_line' id='line_1_3' title="bbox 315 599 794 678; baseline 0.015 -23"><span class='ocrx_word' id='word_1_19' title='bbox 315 599 499 678; x_wconf 79' lang='lat' dir='ltr'><strong>ootavasqne</strong></span> <span class='ocrx_word' id='word_1_20' title='bbox 521 601 697 678; x_wconf 89' lang='lat' dir='ltr'><strong>temporum.</strong></span> <span class='ocrx_word' id='word_1_21' title='bbox 788 666 794 676; x_wconf 68' lang='grc'>,</span> 
     </span>
    </p>
   </div>
   <div class='ocr_carea' id='block_1_3' title="bbox 700 824 1278 912">
    <p class='ocr_par' dir='ltr' id='par_1_3' title="bbox 700 824 1278 912">
     <span class='ocr_line' id='line_1_4' title="bbox 700 824 1278 912; baseline 0.002 -21"><span class='ocrx_word' id='word_1_22' title='bbox 700 824 904 892; x_wconf 77' lang='lat' dir='ltr'><strong>Conclusio</strong></span> <span class='ocrx_word' id='word_1_23' title='bbox 936 827 1119 892; x_wconf 78' lang='lat' dir='ltr'><strong>secundae</strong></span> <span class='ocrx_word' id='word_1_24' title='bbox 1148 827 1278 912; x_wconf 87' lang='lat' dir='ltr'><strong>partis.</strong></span> 
     </span>
    </p>
   </div>
   <div class='ocr_carea' id='block_1_4' title="bbox 315 949 1668 1126">
    <p class='ocr_par' dir='ltr' id='par_1_4' title="bbox 315 949 1668 1126">
     <span class='ocr_line' id='line_1_5' title="bbox 403 949 1668 1036; baseline -0.003 -19"><span class='ocrx_word' id='word_1_25' title='bbox 403 951 560 1017; x_wconf 72' lang='lat' dir='ltr'><strong>Hactenus</strong></span> <span class='ocrx_word' id='word_1_26' title='bbox 587 951 691 1036; x_wconf 82' lang='lat' dir='ltr'><strong>itaque</strong></span> <span class='ocrx_word' id='word_1_27' title='bbox 720 953 861 1018; x_wconf 77' lang='lat' dir='ltr'><strong>ueduata</strong></span> <span class='ocrx_word' id='word_1_28' title='bbox 883 953 941 1016; x_wconf 85' lang='lat' dir='ltr'><strong>fuit</strong></span> <span class='ocrx_word' id='word_1_29' title='bbox 961 951 1139 1036; x_wconf 80' lang='lat' dir='ltr'><strong>hypothesis</strong></span> <span class='ocrx_word' id='word_1_30' title='bbox 1158 951 1277 1036; x_wconf 90' lang='lat' dir='ltr'><strong>primae</strong></span> <span class='ocrx_word' id='word_1_31' title='bbox 1299 951 1508 1036; x_wconf 67' lang='lat' dir='ltr'><strong>inaequalitati</strong></span> <span class='ocrx_word' id='word_1_32' title='bbox 1531 949 1668 1016; x_wconf 83' lang='lat' dir='ltr'><strong>serviens</strong></span> 
     </span>
     <span class='ocr_line' id='line_1_6' title="bbox 315 1039 1668 1126; baseline 0 -22"><span class='ocrx_word' id='word_1_33' title='bbox 315 1039 361 1116; x_wconf 91' lang='lat' dir='ltr'><strong>(in</strong></span> <span class='ocrx_word' id='word_1_34' title='bbox 375 1060 435 1125; x_wconf 90' lang='lat' dir='ltr'><strong>qua</strong></span> <span class='ocrx_word' id='word_1_35' title='bbox 447 1041 566 1106; x_wconf 87' lang='lat' dir='ltr'><strong>Braheo</strong></span> <span class='ocrx_word' id='word_1_36' title='bbox 585 1061 651 1106; x_wconf 89' lang='lat' dir='ltr'><strong>enm</strong></span> <span class='ocrx_word' id='word_1_37' title='bbox 668 1041 839 1124; x_wconf 85' lang='lat' dir='ltr'><strong>Gopernioo</strong></span> <span class='ocrx_word' id='word_1_38' title='bbox 855 1041 1010 1120; x_wconf 85' lang='lat' dir='ltr'><strong>eonvenit;</strong></span> <span class='ocrx_word' id='word_1_39' title='bbox 1034 1043 1151 1126; x_wconf 87' lang='lat' dir='ltr'><strong>utrique</strong></span> <span class='ocrx_word' id='word_1_40' title='bbox 1166 1061 1238 1106; x_wconf 88' lang='lat' dir='ltr'><strong>vero</strong></span> <span class='ocrx_word' id='word_1_41' title='bbox 1254 1041 1390 1106; x_wconf 91' lang='lat' dir='ltr'><strong>nonnihil</strong></span> <span class='ocrx_word' id='word_1_42' title='bbox 1404 1041 1436 1105; x_wconf 93' lang='lat' dir='ltr'><strong>in</strong></span> <span class='ocrx_word' id='word_1_43' title='bbox 1451 1042 1548 1106; x_wconf 84' lang='lat' dir='ltr'><strong>forma</strong></span> <span class='ocrx_word' id='word_1_44' title='bbox 1560 1041 1668 1105; x_wconf 87' lang='lat' dir='ltr'><strong>aPto-</strong></span> 
     </span>
    </p>
   </div>
   <div class='ocr_carea' id='block_1_5' title="bbox 315 1128 1715 2109">
    <p class='ocr_par' dir='ltr' id='par_1_5' title="bbox 315 1128 1715 1922">
     <span class='ocr_line' id='line_1_7' title="bbox 315 1128 1670 1216; baseline -0.001 -23"><span class='ocrx_word' id='word_1_45' title='bbox 315 1131 431 1194; x_wconf 88' lang='lat' dir='ltr'><strong>lemaeo</strong></span> <span class='ocrx_word' id='word_1_46' title='bbox 446 1131 642 1207; x_wconf 87' lang='lat' dir='ltr'><strong>dissentiunt)</strong></span> <span class='ocrx_word' id='word_1_47' title='bbox 661 1132 791 1196; x_wconf 81' lang='lat' dir='ltr'><strong>emedio</strong></span> <span class='ocrx_word' id='word_1_48' title='bbox 806 1141 890 1196; x_wconf 90' lang='lat' dir='ltr'><strong>motu</strong></span> <span class='ocrx_word' id='word_1_49' title='bbox 899 1131 992 1208; x_wconf 85' lang='lat' dir='ltr'><strong>Solis,</strong></span> <span class='ocrx_word' id='word_1_50' title='bbox 1011 1151 1098 1216; x_wconf 88' lang='lat' dir='ltr'><strong>quem</strong></span> <span class='ocrx_word' id='word_1_51' title='bbox 1114 1150 1219 1195; x_wconf 91' lang='lat' dir='ltr'><strong>omnes</strong></span> <span class='ocrx_word' id='word_1_52' title='bbox 1232 1139 1296 1195; x_wconf 90' lang='lat' dir='ltr'><strong>tres</strong></span> <span class='ocrx_word' id='word_1_53' title='bbox 1310 1139 1450 1196; x_wconf 82' lang='lat' dir='ltr'><strong>auctores</strong></span> <span class='ocrx_word' id='word_1_54' title='bbox 1468 1128 1670 1194; x_wconf 75' lang='lat' dir='ltr'><strong>adhibuerunt</strong></span> 
     </span>
     <span class='ocr_line' id='line_1_8' title="bbox 316 1220 1669 1306; baseline -0.001 -24"><span class='ocrx_word' id='word_1_55' title='bbox 316 1220 357 1282; x_wconf 89' lang='lat' dir='ltr'><strong>ad</strong></span> <span class='ocrx_word' id='word_1_56' title='bbox 379 1227 571 1304; x_wconf 77' lang='lat' dir='ltr'><strong>apparentem</strong></span> <span class='ocrx_word' id='word_1_57' title='bbox 594 1228 707 1287; x_wconf 89' lang='lat' dir='ltr'><strong>motum</strong></span> <span class='ocrx_word' id='word_1_58' title='bbox 729 1220 822 1286; x_wconf 87' lang='lat' dir='ltr'><strong>Solis.</strong></span> <span class='ocrx_word' id='word_1_59' title='bbox 860 1221 977 1286; x_wconf 89' lang='lat' dir='ltr'><strong>Deinde</strong></span> <span class='ocrx_word' id='word_1_60' title='bbox 1001 1227 1154 1296; x_wconf 83' lang='lat' dir='ltr'><strong>ostensum</strong></span> <span class='ocrx_word' id='word_1_61' title='bbox 1178 1228 1235 1297; x_wconf 88' lang='lat' dir='ltr'><strong>est,</strong></span> <span class='ocrx_word' id='word_1_62' title='bbox 1260 1221 1323 1282; x_wconf 85' lang='lat' dir='ltr'><strong>sive</strong></span> <span class='ocrx_word' id='word_1_63' title='bbox 1342 1228 1537 1306; x_wconf 82' lang='lat' dir='ltr'><strong>apparentem</strong></span> <span class='ocrx_word' id='word_1_64' title='bbox 1554 1228 1669 1284; x_wconf 88' lang='lat' dir='ltr'><strong>motum</strong></span> 
     </span>
     <span class='ocr_line' id='line_1_9' title="bbox 316 1309 1671 1393; baseline -0.002 -19"><span class='ocrx_word' id='word_1_65' title='bbox 316 1309 401 1374; x_wconf 86' lang='lat' dir='ltr'><strong>Solis</strong></span> <span class='ocrx_word' id='word_1_66' title='bbox 431 1316 463 1372; x_wconf 92' lang='lat' dir='ltr'><strong>et</strong></span> <span class='ocrx_word' id='word_1_67' title='bbox 489 1309 671 1393; x_wconf 83' lang='lat' dir='ltr'><strong>hypothesin</strong></span> <span class='ocrx_word' id='word_1_68' title='bbox 698 1329 765 1393; x_wconf 87' lang='lat' dir='ltr'><strong>oap.</strong></span> <span class='ocrx_word' id='word_1_69' title='bbox 788 1311 876 1376; x_wconf 86' lang='lat' dir='ltr'><strong>XVL</strong></span> <span class='ocrx_word' id='word_1_70' title='bbox 904 1311 1058 1375; x_wconf 87' lang='lat' dir='ltr'><strong>inventam</strong></span> <span class='ocrx_word' id='word_1_71' title='bbox 1086 1329 1260 1393; x_wconf 88' lang='lat' dir='ltr'><strong>sequamur,</strong></span> <span class='ocrx_word' id='word_1_72' title='bbox 1298 1310 1363 1372; x_wconf 86' lang='lat' dir='ltr'><strong>sive</strong></span> <span class='ocrx_word' id='word_1_73' title='bbox 1394 1309 1524 1374; x_wconf 86' lang='lat' dir='ltr'><strong>medium</strong></span> <span class='ocrx_word' id='word_1_74' title='bbox 1555 1315 1671 1374; x_wconf 88' lang='lat' dir='ltr'><strong>motum</strong></span> 
     </span>
     <span class='ocr_line' id='line_1_10' title="bbox 318 1397 1670 1482; baseline -0.002 -20"><span class='ocrx_word' id='word_1_75' title='bbox 318 1398 402 1462; x_wconf 90' lang='lat' dir='ltr'><strong>Solis</strong></span> <span class='ocrx_word' id='word_1_76' title='bbox 430 1407 463 1462; x_wconf 94' lang='lat' dir='ltr'><strong>et</strong></span> <span class='ocrx_word' id='word_1_77' title='bbox 483 1399 665 1482; x_wconf 85' lang='lat' dir='ltr'><strong>hypothesin</strong></span> <span class='ocrx_word' id='word_1_78' title='bbox 688 1418 753 1482; x_wconf 85' lang='lat' dir='ltr'><strong>cap.</strong></span> <span class='ocrx_word' id='word_1_79' title='bbox 777 1402 865 1466; x_wconf 89' lang='lat' dir='ltr'><strong>VIII.</strong></span> <span class='ocrx_word' id='word_1_80' title='bbox 889 1419 928 1464; x_wconf 88' lang='lat' dir='ltr'><strong>ex</strong></span> <span class='ocrx_word' id='word_1_81' title='bbox 949 1399 1140 1464; x_wconf 85' lang='lat' dir='ltr'><strong>restitutione</strong></span> <span class='ocrx_word' id='word_1_82' title='bbox 1162 1397 1276 1462; x_wconf 87' lang='lat' dir='ltr'><strong>Brahei</strong></span> <span class='ocrx_word' id='word_1_83' title='bbox 1297 1399 1502 1482; x_wconf 88' lang='lat' dir='ltr'><strong>propositam,</strong></span> <span class='ocrx_word' id='word_1_84' title='bbox 1530 1399 1670 1482; x_wconf 87' lang='lat' dir='ltr'><strong>utrinque</strong></span> 
     </span>
     <span class='ocr_line' id='line_1_11' title="bbox 318 1487 1715 1572; baseline 0 -22"><span class='ocrx_word' id='word_1_85' title='bbox 318 1489 402 1571; x_wconf 85' lang='lat' dir='ltr'><strong>sequi</strong></span> <span class='ocrx_word' id='word_1_86' title='bbox 425 1489 521 1552; x_wconf 81' lang='lat' dir='ltr'><strong>falsas</strong></span> <span class='ocrx_word' id='word_1_87' title='bbox 544 1487 706 1552; x_wconf 83' lang='lat' dir='ltr'><strong>distantias</strong></span> <span class='ocrx_word' id='word_1_88' title='bbox 728 1491 869 1572; x_wconf 83' lang='lat' dir='ltr'><strong>planetae</strong></span> <span class='ocrx_word' id='word_1_89' title='bbox 893 1512 912 1553; x_wconf 90' lang='lat' dir='ltr'><strong>a</strong></span> <span class='ocrx_word' id='word_1_90' title='bbox 934 1497 1038 1553; x_wconf 82' lang='lat' dir='ltr'><strong>eeutm</strong></span> <span class='ocrx_word' id='word_1_91' title='bbox 1057 1509 1110 1552; x_wconf 87' lang='lat' dir='ltr'><strong>sen</strong></span> <span class='ocrx_word' id='word_1_92' title='bbox 1125 1487 1208 1552; x_wconf 85' lang='lat' dir='ltr'><strong>Solis</strong></span> <span class='ocrx_word' id='word_1_93' title='bbox 1222 1487 1407 1570; x_wconf 86' lang='lat' dir='ltr'><strong>(Gopernico</strong></span> <span class='ocrx_word' id='word_1_94' title='bbox 1422 1495 1454 1551; x_wconf 88' lang='lat' dir='ltr'><strong>et</strong></span> <span class='ocrx_word' id='word_1_95' title='bbox 1464 1487 1601 1564; x_wconf 86' lang='lat' dir='ltr'><strong>Braheo)</strong></span> <span class='ocrx_word' id='word_1_96' title='bbox 1617 1506 1671 1550; x_wconf 88' lang='lat' dir='ltr'><strong>seu</strong></span> <span class='ocrx_word' id='word_1_97' title='bbox 1708 1497 1715 1510; x_wconf 87' lang='lat'><strong>·</strong></span> 
     </span>
     <span class='ocr_line' id='line_1_12' title="bbox 320 1577 1669 1665; baseline -0.001 -25"><span class='ocrx_word' id='word_1_98' title='bbox 320 1577 421 1642; x_wconf 88' lang='lat' dir='ltr'><strong>mundi</strong></span> <span class='ocrx_word' id='word_1_99' title='bbox 436 1577 651 1656; x_wconf 83' lang='lat' dir='ltr'><strong>(Ptolemaeo).</strong></span> <span class='ocrx_word' id='word_1_100' title='bbox 684 1579 791 1662; x_wconf 87' lang='lat' dir='ltr'><strong>ltaque</strong></span> <span class='ocrx_word' id='word_1_101' title='bbox 813 1600 890 1665; x_wconf 90' lang='lat' dir='ltr'><strong>quae</strong></span> <span class='ocrx_word' id='word_1_102' title='bbox 912 1579 998 1662; x_wconf 88' lang='lat' dir='ltr'><strong>prius</strong></span> <span class='ocrx_word' id='word_1_103' title='bbox 1013 1578 1277 1643; x_wconf 85' lang='lat' dir='ltr'><strong>aedificaveramua</strong></span> <span class='ocrx_word' id='word_1_104' title='bbox 1294 1598 1332 1641; x_wconf 88' lang='lat' dir='ltr'><strong>ex</strong></span> <span class='ocrx_word' id='word_1_105' title='bbox 1345 1577 1514 1642; x_wconf 85' lang='lat' dir='ltr'><strong>observatis</strong></span> <span class='ocrx_word' id='word_1_106' title='bbox 1528 1577 1669 1642; x_wconf 89' lang='lat' dir='ltr'><strong>Brahea-</strong></span> 
     </span>
     <span class='ocr_line' id='line_1_13' title="bbox 318 1657 1671 1751; baseline 0 -21"><span class='ocrx_word' id='word_1_107' title='bbox 318 1666 376 1745; x_wconf 85' lang='lat' dir='ltr'><strong>nio,</strong></span> <span class='ocrx_word' id='word_1_108' title='bbox 398 1667 550 1748; x_wconf 87' lang='lat' dir='ltr'><strong>posterius</strong></span> <span class='ocrx_word' id='word_1_109' title='bbox 573 1687 611 1730; x_wconf 84' lang='lat' dir='ltr'><strong>ex</strong></span> <span class='ocrx_word' id='word_1_110' title='bbox 633 1667 704 1732; x_wconf 88' lang='lat' dir='ltr'><strong>aliis</strong></span> <span class='ocrx_word' id='word_1_111' title='bbox 726 1668 861 1751; x_wconf 78' lang='lat' dir='ltr'><strong>ejusdem</strong></span> <span class='ocrx_word' id='word_1_112' title='bbox 883 1657 1053 1733; x_wconf 88' lang='lat' dir='ltr'><strong>observatis</strong></span> <span class='ocrx_word' id='word_1_113' title='bbox 1075 1685 1192 1732; x_wconf 87' lang='lat' dir='ltr'><strong>rursum</strong></span> <span class='ocrx_word' id='word_1_114' title='bbox 1215 1666 1434 1732; x_wconf 86' lang='lat' dir='ltr'><strong>destruximus:</strong></span> <span class='ocrx_word' id='word_1_115' title='bbox 1458 1667 1538 1751; x_wconf 88' lang='lat' dir='ltr'><strong>quod</strong></span> <span class='ocrx_word' id='word_1_116' title='bbox 1560 1687 1671 1730; x_wconf 83' lang='lat' dir='ltr'><strong>neees-</strong></span> 
     </span>
     <span class='ocr_line' id='line_1_14' title="bbox 320 1755 1671 1840; baseline 0 -21"><span class='ocrx_word' id='word_1_117' title='bbox 320 1755 402 1820; x_wconf 87' lang='lat' dir='ltr'><strong>sario</strong></span> <span class='ocrx_word' id='word_1_118' title='bbox 425 1756 512 1820; x_wconf 89' lang='lat' dir='ltr'><strong>nohis</strong></span> <span class='ocrx_word' id='word_1_119' title='bbox 535 1757 671 1839; x_wconf 80' lang='lat' dir='ltr'><strong>oontigit,</strong></span> <span class='ocrx_word' id='word_1_120' title='bbox 694 1759 864 1840; x_wconf 84' lang='lat' dir='ltr'><strong>probabilia</strong></span> <span class='ocrx_word' id='word_1_121' title='bbox 884 1757 1029 1823; x_wconf 91' lang='lat' dir='ltr'><strong>nonnulla</strong></span> <span class='ocrx_word' id='word_1_122' title='bbox 1051 1757 1105 1820; x_wconf 87' lang='lat' dir='ltr'><strong>sed</strong></span> <span class='ocrx_word' id='word_1_123' title='bbox 1127 1775 1160 1820; x_wconf 91' lang='lat' dir='ltr'><strong>re</strong></span> <span class='ocrx_word' id='word_1_124' title='bbox 1183 1773 1256 1821; x_wconf 82' lang='lat' dir='ltr'><strong>uera</strong></span> <span class='ocrx_word' id='word_1_125' title='bbox 1278 1756 1359 1820; x_wconf 80' lang='lat' dir='ltr'><strong>salsa</strong></span> <span class='ocrx_word' id='word_1_126' title='bbox 1381 1756 1564 1832; x_wconf 89' lang='lat' dir='ltr'><strong>(imitatione</strong></span> <span class='ocrx_word' id='word_1_127' title='bbox 1585 1757 1671 1840; x_wconf 91' lang='lat' dir='ltr'><strong>prio·</strong></span> 
     </span>
     <span class='ocr_line' id='line_1_15' title="bbox 316 1845 1324 1922; baseline 0.001 -10"><span class='ocrx_word' id='word_1_128' title='bbox 316 1865 383 1912; x_wconf 84' lang='lat' dir='ltr'><strong>rum</strong></span> <span class='ocrx_word' id='word_1_129' title='bbox 405 1846 568 1922; x_wconf 82' lang='lat' dir='ltr'><strong>artificum)</strong></span> <span class='ocrx_word' id='word_1_130' title='bbox 591 1845 713 1910; x_wconf 73' lang='lat' dir='ltr'><strong>montis.</strong></span> <span class='ocrx_word' id='word_1_131' title='bbox 1315 1887 1324 1900; x_wconf 42' lang='grc' dir='ltr'>κ</span> 
     </span>
    </p>

    <p class='ocr_par' dir='ltr' id='par_1_6' title="bbox 319 1933 1670 2109">
     <span class='ocr_line' id='line_1_16' title="bbox 407 1933 1670 2020; baseline 0 -22"><span class='ocrx_word' id='word_1_132' title='bbox 407 1935 558 2002; x_wconf 88' lang='lat' dir='ltr'><strong>Tantum</strong></span> <span class='ocrx_word' id='word_1_133' title='bbox 586 1935 730 2020; x_wconf 87' lang='lat' dir='ltr'><strong>quidem</strong></span> <span class='ocrx_word' id='word_1_134' title='bbox 761 1955 893 2020; x_wconf 85' lang='lat' dir='ltr'><strong>operae</strong></span> <span class='ocrx_word' id='word_1_135' title='bbox 922 1936 1129 2001; x_wconf 80' lang='lat' dir='ltr'><strong>detumeat</strong></span> <span class='ocrx_word' id='word_1_136' title='bbox 1154 1933 1362 1998; x_wconf 89' lang='lat' dir='ltr'><strong>imitationi</strong></span> <span class='ocrx_word' id='word_1_137' title='bbox 1394 1933 1476 1998; x_wconf 90' lang='lat' dir='ltr'><strong>hnio</strong></span> <span class='ocrx_word' id='word_1_138' title='bbox 1508 1933 1670 2015; x_wconf 86' lang='lat' dir='ltr'><strong>priorum</strong></span> 
     </span>
     <span class='ocr_line' id='line_1_17' title="bbox 319 2021 1669 2109; baseline 0.001 -24"><span class='ocrx_word' id='word_1_139' title='bbox 319 2023 519 2103; x_wconf 84' lang='lat' dir='ltr'><strong>artiliouni,</strong></span> <span class='ocrx_word' id='word_1_140' title='bbox 543 2045 612 2109; x_wconf 84' lang='lat' dir='ltr'><strong>qua</strong></span> <span class='ocrx_word' id='word_1_141' title='bbox 634 2026 829 2090; x_wconf 81' lang='lat' dir='ltr'><strong>secundam</strong></span> <span class='ocrx_word' id='word_1_142' title='bbox 850 2026 942 2091; x_wconf 84' lang='lat' dir='ltr'><strong>hane</strong></span> <span class='ocrx_word' id='word_1_143' title='bbox 958 2023 1308 2092; x_wconf 80' lang='lat' dir='ltr'><strong>Commentariorum</strong></span> <span class='ocrx_word' id='word_1_144' title='bbox 1324 2031 1467 2105; x_wconf 90' lang='lat' dir='ltr'><strong>partem</strong></span> <span class='ocrx_word' id='word_1_145' title='bbox 1481 2021 1669 2088; x_wconf 85' lang='lat' dir='ltr'><strong>ooneludo.</strong></span> 
     </span>
    </p>
   </div>
   <div class='ocr_carea' id='block_1_6' title="bbox 0 0 1857 5532">
    <p class='ocr_par' dir='ltr' id='par_1_7' title="bbox 0 0 1857 5532">
     <span class='ocr_line' id='line_1_18' title="bbox 0 0 1857 5532; baseline 0 0"><span class='ocrx_word' id='word_1_146' title='bbox 0 0 1857 5532; x_wconf 95' lang='lat' dir='ltr'><strong> </strong></span> 
     </span>
    </p>
   </div>
  </div>
 </body>
</html>
