3606 5562
360 340 424 411 682
958 343 999 400 oe
1019 337 1100 400 tunt.

359 525 420 587 sint
449 524 634 586 incrementa
665 524 816 604 pbaeium,
850 532 883 587 nt
914 544 972 606 quo
1002 531 1136 605 tempore
1160 526 1254 588 Terra
1283 525 1366 589 videt
1398 525 1515 588 Lunam
1549 526 1705 599 falcatam,

359 614 463 676 eodem
485 613 572 674 Luna
595 613 697 676 videat
715 616 838 677 Terram
862 614 983 694 gibbam
1002 615 1056 677 ire.
1095 613 1248 686 Quantam
1271 615 1362 694 Igitur
1384 615 1554 695 portionem
1578 617 1617 678 de
1641 623 1707 678 toto

358 702 466 764 lumine
490 701 554 775 (vel
577 709 643 764 tota
665 713 752 783 parte
775 703 917 778 obscura)
940 703 1078 783 possidet
1099 723 1159 766 nna
1187 704 1291 785 phasis
1315 704 1427 766 Terrae
1450 712 1483 764 et
1504 725 1564 766 nna
1589 705 1706 778 Lunae,

358 799 474 853 tantam
497 791 536 854 de
559 791 613 853 illa
635 792 721 870 phasi
745 793 913 876 portionem
935 794 1030 856 Terra
1057 792 1149 856 babet
1171 813 1226 873 pro
1249 794 1354 873 regula
1382 781 1595 855 admetiendaa
1619 795 1707 872 hujus

358 883 525 961 superfluae
549 881 722 946 celeritatis.
760 884 809 944 Ita
827 882 928 946 valent
949 881 1098 965 quadrata
1121 883 1264 946 linearum
1281 883 1351 957 ΒΜ,
1375 881 1432 944 hoc
1447 875 1495 944 ¹est
1517 883 1618 945 lineae
1636 881 1706 946 ΟΥ.

449 970 530 1031 ilaec
553 987 625 1048 ego,
651 969 826 1034 ClarissIme
851 972 921 1047 Vir,
944 971 1047 1052 potios
1070 972 1229 1034 exercendi
1252 972 1311 1034 mei
1335 991 1425 1052 quem
1447 971 1491 1034 tui
1515 971 1707 1051 defatigandi

358 1077 451 1121 eausa
472 1060 509 1121 de
524 1058 658 1120 theoriae
673 1061 776 1122 Lunae
800 1061 1010 1124 reformatione
1035 1061 1158 1140 scripsi:
1184 1061 1228 1123 t'ui
1247 1061 1306 1123 erit
1327 1059 1453 1136 arbitrii,
1478 1059 1549 1140 qnid
1574 1062 1614 1122 ad
1630 1061 1707 1122 hanc

357 1157 472 1228 partem
505 1149 658 1210 literarum
688 1150 890 1253 respondeas;
923 1151 997 1214 illud
1029 1149 1129 1213 εοιιιι
1156 1169 1247 1229 rogo,
1276 1151 1314 1211 de
1343 1151 1411 1212 lixis
1440 1149 1520 1230 quod
1550 1149 1645 1229 petii,
1676 1161 1709 1210 nt

358 1255 446 1298 curae
470 1235 582 1304 habeas
604 1247 694 1318 utque
718 1239 761 1300 sic
782 1241 976 1321 respondeas,
1000 1239 1042 1301 uti
1062 1240 1218 1302 existimas
1238 1257 1276 1302 ex
1290 1239 1421 1301 utilitate
1445 1238 1538 1301 studii
1560 1247 1706 1302 ιειιοιιι-

357 1325 425 1388 miei
449 1327 588 1410 futurum.
635 1326 723 1389 Vale.
754 1328 783 1389 d.
812 1327 860 1394 12.
884 1327 1000 1410 Aprilis
1027 1323 1120 1392 1620.
1248 1330 1249 1333 ’

871 1417 953 1481 Tuae
976 1415 1184 1480 Excellentiae

1208 1503 1491 1568 observantissimus

1370 1595 1422 1660 Jo.
1446 1590 1617 1674 Keplerree.

444 1713 489 1765 liis
514 1715 583 1766 addit
608 1715 765 1768 Hansehlna:
794 1715 915 1768 Posterior
938 1716 1064 1768 literarum
1089 1731 1145 1782 pars
1174 1717 1204 1769 de
1231 1731 1296 1768 nora
1320 1717 1408 1768 Lunae
1430 1717 1526 1769 theoria
1550 1715 1708 1768 emendatior

353 1793 382 1838 et
400 1784 496 1838 metior
514 1789 591 1839 ιιιιιιι
608 1789 641 1838 ed
659 1787 819 1839 Maeetlinnnn
838 1789 863 1839 d.
883 1787 999 1840 XXVIII.
1018 1788 1082 1852 Mali
1100 1787 1282 1840 morosus:

443 1859 529 1921 Luna
551 1861 643 1939 igitur
666 1871 806 1924 versante
829 1862 860 1924 in
884 1861 964 1936 linea
987 1861 1124 1942 apsidum
1153 1862 1321 1924 anonraliae
1352 1831 1491 1934 solutae',
1521 1860 1579 1922 boc
1603 1869 1655 1921 est
1677 1859 1706 1920 in

355 1948 455 2010 Dvel
478 1948 505 2010 Ε
531 1955 597 2023 (th.
619 1955 674 2024 tt),
698 1957 768 2012 tunc
796 1951 854 2012 etsi
878 1950 960 2013 nnlla
991 1957 1094 2030 potest
1121 1968 1189 2012 esse
1221 1950 1502 2031 prostbaphaeresis
1534 1948 1706 2010 anomaliae
1740 1985 1748 2005 .

356 2037 491 2110 solutae,
524 2046 572 2099 est
600 2047 700 2100 tamen
728 2039 829 2121 aliqua
860 2038 1142 2121 prosthaphaeresis
1174 2040 1341 2102 anomaliae
1373 2049 1562 2111 menstruae,
1595 2037 1705 2118 anppe

246 2196 251 2206 Ι
354 2133 467 2206 puncta
496 2127 540 2202 D,
569 2127 596 2190 Ε
626 2135 786 2190 ιιιειιιιι
818 2136 904 2191 extra
933 2127 1042 2190 lineam
1074 2127 1210 2208 apsidum
1241 2127 1407 2190 anomaliae
1440 2135 1612 2189 menstruae
1637 2124 1703 2188 FG.

354 2217 441 2278 Hane
464 2233 535 2278 vero
558 2236 629 2298 pros
631 2217 844 2296 thaphaeresin
868 2217 970 2300 prodit
983 2237 1055 2280 area
1073 2217 1215 2296 trianguli
1231 2216 1406 2298 aequaturii,
1430 2216 1510 2320 qnpd
1524 2223 1591 2278 stat
1613 2235 1706 2296 snper

355 2305 581 2367 eecentricitate
604 2315 776 2369 menstruae
801 2307 990 2390 aequationis
1015 2305 1082 2370 cA.
1117 2307 1196 2369 Nant
1219 2305 1335 2370 Luna*
1327 2325 1356 2368 ιι
1380 2304 1406 2367 Ε
1430 2305 1593 2379 existente,
1616 2323 1705 2367 men-

355 2401 441 2456 strua
464 2394 604 2475 aequatIo
628 2405 676 2456 est
699 2395 783 2460 ΟΕΑ
808 2417 889 2458 area.
936 2395 985 2458 Sit
1008 2398 1087 2460 enim
1110 2415 1181 2458 vera
1208 2369 1356 2474 distantia
1377 2395 1481 2457 Lunae
1505 2385 1543 2457 ab
1567 2397 1595 2466 00
1621 2393 1705 2456 Solis

355 2482 483 2560 angulus
497 2482 588 2551 Fau,
613 2491 731 2563 ternpus
754 2483 823 2547 huic
845 2486 954 2564 angulo
978 2487 1162 2566 respondens
1186 2485 1269 2547 erit
1261 2506 1291 2558 ιι
1311 2505 1367 2547 sua
1389 2483 1582 2564 proportione
1605 2484 1705 2564 majus

355 2571 410 2631 boe
434 2570 542 2648 angulo
566 2575 734 2652 quautItate
759 2592 848 2635 areae
873 2572 974 2636 CEA:
999 2594 1052 2636 seu
1076 2576 1153 2655 qnod
1177 2584 1225 2636 est
1247 2573 1415 2647 dilucidius,
1439 2575 1481 2636 sit
1503 2582 1594 2636 notus
1618 2573 1703 2634 locus

355 2658 452 2720 lineae
476 2658 535 2720 AD
566 2661 621 2720 sub
643 2659 726 2729 fixis,
751 2662 838 2724 Luna
861 2663 953 2742 igitur
981 2664 1129 2726 existente
1152 2665 1180 2726 in
1209 2664 1274 2744 ejus
1303 2662 1492 2744 oppositione
1515 2663 1558 2736 Ε)
1583 2671 1704 2744 tempus

356 2748 541 2826 respondens
565 2749 674 2829 angulo
690 2749 777 2813 ΒΑΕ
801 2752 932 2824 (duobus
955 2753 1062 2828 rectis)
1087 2774 1139 2814 seu
1163 2753 1348 2834 semicirculp
1373 2751 1488 2814 orbitae
1506 2751 1594 2812 DHE
1618 2771 1704 2814 com-

355 2842 482 2917 ponetur
505 2855 543 2898 ex
566 2857 637 2900 area
660 2840 837 2902 semiditouli
861 2841 946 2903 DHD
970 2849 1002 2903 et
1023 2861 1061 2904 ex
1084 2843 1232 2924 triangulo
1253 2843 1347 2907 ΟΕΑ.
1393 2841 1435 2904 Ει
1458 2837 1593 2904 vicissim
1616 2841 1705 2901 Luna

356 2927 384 2988 in
408 2925 437 3014 D
461 2944 595 3007 apogaeo
619 2939 768 3004 versante,
794 2932 911 3012 quando
935 2931 1065 2993 debebat
1088 2932 1150 2993 lieri
1169 2931 1383 2994 numerationis
1407 2929 1551 3010 temporis
1575 2929 1704 3004 initium,

355 3034 408 3077 een
432 3014 551 3096 quando
574 3018 724 3080 anomalia
757 3020 855 3082 media
883 3020 1014 3082 debebat
1037 3039 1103 3082 esse
1127 3017 1164 3095 0,
1190 3021 1216 3081 si
1239 3020 1322 3082 nulla
1345 3029 1430 3082 esset
1451 3017 1593 3100 aequatio
1617 3038 1704 3080 men-

356 3113 456 3180 strua,
488 3113 558 3167 tnnc
585 3105 649 3186 jam
682 3107 833 3170 existente
855 3110 913 3171 bau
937 3127 1124 3172 numeramus
1157 3115 1243 3170 tanto
1266 3109 1364 3172 minus
1386 3106 1534 3190 quamO,
1558 3117 1705 3188 quantum

356 3194 437 3257 valet
460 3214 532 3257 area
546 3193 640 3258 ΠΛΟ.
679 3197 729 3258 Ita
750 3197 925 3261 conciliator
948 3199 1057 3279 angulo
1082 3198 1206 3260 visionis
1229 3218 1282 3261 sen
1304 3215 1394 3260 verae
1414 3197 1579 3259 distantiae
1598 3197 1704 3260 Lunae

355 3305 374 3345 a
397 3283 468 3356 Sole
492 3285 576 3347 FAD
600 3286 650 3347 vel
671 3285 754 3348 FAE
779 3307 864 3372 suum
883 3289 997 3369 justum
1021 3295 1137 3368 tempus
1162 3307 1214 3348 seu
1239 3287 1389 3350 anomalia
1412 3285 1520 3350 media.
1554 3285 1704 3348 VicissIm

355 3374 396 3435 sit
428 3373 551 3454 planeta
583 3393 654 3438 vero
687 3385 769 3438 motn
800 3363 862 3450 (vel
894 3395 986 3457 prope
1018 3395 1105 3450 vero,
1141 3377 1210 3457 quia
1228 3371 1368 3438 nondum
1401 3385 1552 3438 correctus
1578 3384 1628 3438 est
1652 3395 1705 3456 per

354 3462 560 3537 variationem,
585 3464 621 3524 de
645 3485 704 3546 qna
727 3466 842 3527 dicetur
865 3467 958 3539 infra)
982 3466 1023 3527 sit
1051 3465 1172 3546 inquam
1196 3467 1224 3528 in
1240 3467 1274 3528 F
1297 3469 1323 3538 00
1349 3463 1389 3544 Θ
1414 3463 1494 3527 vel
1486 3485 1515 3526 ιι
1540 3461 1570 3526 G
1594 3467 1627 3541 ό
1651 3463 1702 3544 Θ.

354 3551 412 3613 Ηίι
434 3551 505 3633 quie
519 3553 605 3614 Luna
621 3554 811 3616 collocetur'
803 3573 832 3616 m
852 3554 1006 3633 apsidibus
1022 3554 1189 3618 anomaliae
1208 3563 1391 3630 menstruae,
1415 3555 1498 3617 nulle
1513 3561 1561 3615 est
1574 3557 1704 3634 prosth-

306 3697 309 3700 .
355 3640 550 3720 aphaeresis·
560 3642 734 3718 menstrua,
766 3651 801 3705 at
834 3653 883 3704 est
919 3643 1020 3724 aliqua
1058 3642 1340 3730 prosthaphaeresis
1376 3643 1545 3718 anomaliae
1584 3644 1703 3712 solutae

353 3729 443 3809 plane
466 3729 572 3792 similis
596 3730 726 3810 planetis
742 3732 868 3806 ceteris3
891 3734 1061 3795 ostenditur
1083 3733 1161 3795 enim
1177 3739 1208 3794 et
1222 3751 1276 3814 per
1295 3733 1433 3812 angulum
1448 3741 1481 3793 et
1495 3751 1549 3812 per
1566 3733 1702 3794 valorem

347 3837 443 3886 areae
468 3817 610 3898 trianguli
632 3819 725 3896 ΒΓΑ,
749 3819 838 3884 BGA
861 3838 913 3901 per
936 3841 1006 3883 suaa
1035 3821 1152 3884 scilieet
1178 3829 1296 3902 partes,
1329 3822 1486 3904 physicam
1513 3829 1546 3882 et
1569 3823 1702 3901 opticam

354 3910 384 3971 in
407 3927 495 3970 nuum
519 3909 711 3989 compositas.
759 3910 897 3992 Angelus
926 3912 1002 3974 enim
1031 3929 1121 3972 verae
1150 3911 1353 3991 elongationis
1382 3911 1509 3992 apogaei
1533 3911 1640 3974 Lunae
1664 3912 1701 3973 ab

355 4001 381 4071 0⁰
407 3994 447 4074 Θ
481 3997 598 4060 scilieet
620 3998 706 4061 DAF
738 3998 832 4062 minor
865 4009 913 4062 est
943 4001 1053 4080 angulo
1075 3999 1158 4062 DBF
1185 4007 1217 4062 et
1245 4019 1317 4063 areu
1339 4001 1394 4062 DF
1424 3999 1595 4083 quantitate
1617 4003 1702 4064 ΒΕΑ

345 4087 469 4167 anguli,
500 4085 596 4148 eidem
623 4106 694 4149 vero
727 4089 835 4169 angulo
858 4090 944 4152 DAF
972 4089 1135 4170 respondet
1164 4089 1314 4152 anomalia
1338 4091 1461 4167 media,
1495 4089 1581 4152 valor
1610 4111 1701 4153 areae

241 4183 246 4193 '
353 4176 478 4239 DAFD.
524 4175 575 4239 Sic
599 4178 708 4256 angulo
731 4175 823 4238 DAG
852 4197 940 4242 areae
963 4178 1084 4242 DAGD
1116 4179 1200 4241 valor
1232 4179 1372 4260 assignat
1401 4199 1504 4251 snam
1519 4179 1702 4242 anomaliam

354 4265 484 4327 mediam
506 4283 560 4327 seu
583 4267 831 4347 complementum
855 4267 920 4347 ejus
943 4268 981 4328 ad
1005 4267 1242 4332 semicirculum..

442 4355 546 4416 Tertio
569 4373 677 4435 operae
705 4356 834 4435 pretium
858 4365 906 4418 est
933 4357 1033 4419 videre
1065 4356 1354 4438 prostbaphaereses
1385 4343 1495 4420 mixtas
1518 4377 1556 4419 ex
1581 4357 1701 4422 solutae

354 4451 447 4506 etex
469 4452 640 4506 menstruae
664 4444 831 4506 anomaliae
853 4445 1185 4550 presthaphaeresibus.
1223 4446 1272 4508 Sit
1294 4447 1388 4527 primo
1403 4449 1490 4510 Luna
1512 4448 1592 4509 inter
1613 4449 1702 4510 unius

354 4551 520 4614 apogaeum
544 4539 575 4594 et
591 4534 714 4596 alterius
737 4533 919 4614 perigaenm,
944 4535 1019 4596 utin
1039 4535 1157 4613 punctis
1171 4535 1210 4609 H,
1226 4535 1265 4610 K,
1290 4535 1377 4617 idque
1401 4542 1481 4598 motu
1501 4555 1595 4618 prope
1617 4556 1700 4598 vero.

353 4623 411 4686 Hic
435 4621 652 4685 consideranda
675 4630 745 4686 sunt
767 4623 837 4684 bina
859 4641 913 4702 pro
937 4643 994 4685 uno
1018 4623 1168 4704 triangula
1190 4625 1380 4706 aequatem,
1410 4619 1463 4706 pro
1487 4625 1591 4688 soluta
1612 4627 1701 4688 ΒΗΑ
1740 4639 1741 4644 ’

355 4712 403 4775 vel
425 4711 537 4784 Busa
563 4729 618 4790 pro
650 4719 805 4775 menstrua
827 4709 913 4776 GHA
942 4713 991 4775 vel
1015 4711 1110 4777 OKA.
1155 4713 1277 4792 Angulo
1307 4713 1398 4792 igitur
1420 4714 1509 4775 ΒΑΗ
1535 4715 1701 4797 respondet

354 4801 504 4863 anomalia
535 4799 633 4862 media
665 4801 832 4881 composita
863 4819 900 4862 ex
929 4820 1000 4864 area
1029 4801 1146 4864 DIIAD
1178 4809 1270 4864 etex
1300 4821 1372 4864 area
1396 4803 1500 4866 CAH:
1532 4813 1564 4866 et
1587 4805 1699 4884 angulo

355 4887 444 4953 ΒΑΚ
466 4889 627 4972 respondet
649 4889 800 4954 anomalia
821 4889 919 4954 media
941 4890 1109 4972 composita
1132 4909 1170 4953 ex
1193 4891 1273 4954 areis
1295 4889 1415 4954 DAKD
1438 4901 1469 4956 et
1493 4892 1589 4958 GAK.
