3672 5538
644 301 705 358 Para
724 303 829 367 Quarta
866 304 948 372 Caput
965 301 1053 360 xtrx.
1460 293 1524 374 357

176 501 241 546 cnm
264 479 399 569 epicyclo
422 485 581 566 promovit,
604 490 639 546 ot
661 492 795 546 centrum
819 484 989 566 epicycIID
1013 491 1096 546 esset
1113 484 1144 546 in
1158 481 1215 548 Ac
1239 483 1328 560 linea,
1353 504 1419 548 cnm
1441 484 1538 566 prius,

176 574 206 636 io
230 573 288 637 AB
313 581 404 638 esset.
451 573 512 636 Illa
534 593 605 636 vero
628 573 739 648 virtus,
765 592 841 654 quse
864 584 999 636 centrum
1023 573 1149 656 epicycli
1172 575 1362 654 circumagit,
1393 583 1527 656 ternpore

174 683 230 744 per
252 659 335 728 360ο
363 665 483 744 sIgnato
515 670 617 724 movet
647 681 702 743 per
732 659 814 727 360⁰
846 682 899 726 seu
933 670 1060 743 quatuor
1090 672 1189 726 rectos
1222 663 1302 726 ciuca
1326 664 1373 736 A,
1405 673 1529 745 propter

176 752 389 815 distantiarum
405 749 470 815 360
489 770 645 814 sommam.
684 751 767 826 Ergo
791 753 865 814 date
888 771 1003 814 summa
1026 752 1142 833 aliquot
1164 753 1376 816 distantiarum
1393 771 1431 814 ex
1446 753 1528 817 CDE

175 850 311 921 tempore
330 851 364 904 ut
379 842 536 912 hactenus,
561 841 681 903 debitur
704 840 794 903 etiem
813 843 940 921 angulos
957 841 1052 904 DAB.
1092 839 1190 910 Quam
1209 843 1287 904 enim
1302 841 1530 922 impressionem

141 942 143 952 ¹
174 930 252 993 facit
283 929 337 993 Sol
368 931 398 992 in
429 947 537 1011 corpus
566 930 707 1010 planetae
737 949 791 1010 per
822 931 989 992 mediantes
1019 931 1181 998 distantias
1204 932 1278 1004 AB,
1300 931 1369 1005 ΑΕ,
1404 931 1530 994 eandem

168 1019 298 1100 ,ponitur
321 1019 414 1082 etiam
440 1021 539 1080 secere
563 1019 791 1099 impressionem
813 1019 843 1082 in
868 1027 1003 1081 centrum
1026 1020 1150 1101 epicycli
1168 1017 1243 1082 GD:
1268 1027 1428 1100 propterea
1452 1019 1530 1100 qnod

174 1109 311 1190 planeta,
335 1111 361 1171 si
385 1127 418 1170 se
442 1109 507 1190 ipse
530 1125 588 1169 non
614 1108 797 1172 extricasset
819 1108 936 1170 interea
959 1128 1064 1171 versos
1086 1110 1113 1172 B
1137 1127 1175 1170 ex
1197 1107 1284 1170 radio
1315 1108 1448 1170 virtuoso
1473 1109 1529 1170 AB

175 1198 224 1260 val
247 1197 315 1272 Ac,
341 1197 396 1258 sed
419 1206 539 1260 tantum
562 1196 770 1260 descendisset
793 1199 831 1260 ad
855 1197 968 1271 Solem,
993 1207 1063 1260 tunc
1087 1198 1184 1260 adhuc
1207 1205 1290 1260 esset
1312 1197 1343 1258 in
1363 1197 1420 1262 AG
1445 1197 1529 1276 ejus-

176 1305 233 1368 que
256 1283 369 1368 pondto
393 1287 428 1360 F,
451 1286 481 1346 in
505 1305 564 1368 qna
587 1286 669 1347 linea
692 1294 723 1348 et
744 1287 843 1368 ipsum
865 1287 894 1347 D
918 1294 1052 1348 centrum
1085 1287 1210 1370 epicycli
1243 1283 1376 1360 inest.*)
1421 1285 1528 1348 Extri-

175 1375 259 1438 cavit
281 1384 382 1438 antem
407 1393 474 1438 sese
498 1375 567 1453 lege
591 1375 754 1457 epicycIIca
777 1385 812 1437 et
832 1376 1013 1438 diastemate
1027 1376 1094 1450 DE,
1118 1376 1229 1456 angulo
1249 1373 1332 1438 CDE
1356 1377 1428 1449 (hoc
1451 1374 1529 1437 enim

174 1465 242 1528 vult
265 1465 365 1547 opinio
390 1483 455 1546 cap.
479 1463 580 1538 XLV,
605 1464 652 1525 cni
674 1465 724 1527 hic
748 1467 930 1545 operamur).
976 1465 1059 1544 Ergo
1083 1465 1148 1546 ipse
1172 1465 1230 1528 sibi
1258 1457 1377 1526 fictione
1401 1463 1530 1546 quadem

176 1561 312 1616 centrum
343 1553 470 1636 epicycli
500 1552 530 1615 in
560 1553 589 1614 D
625 1547 751 1634 rep'onit.
805 1553 944 1616 Diximus
978 1555 1057 1616 enirn
1094 1573 1160 1635 cap.
1189 1553 1348 1624 XXXIX,
1384 1555 1531 1632 quomodo

175 1642 401 1724 imaginandum
425 1644 475 1716 sit,
500 1642 640 1704 virtutem
665 1663 718 1705 sen
741 1643 864 1706 fictitios
886 1643 989 1710 radios
1012 1644 1163 1706 vlrtuosos
1187 1642 1325 1718 ΑΒ,Αο
1342 1643 1395 1704 bc.
1419 1643 1544 1712 servire,

176 1734 318 1814 planetae
340 1751 395 1813 pro
419 1733 495 1794 loco.
542 1732 612 1794 Jam
636 1731 696 1794 etsi
727 1753 786 1796 non
819 1734 909 1813 plene
928 1733 1045 1796 -eadem
1075 1741 1123 1795 est
1153 1731 1307 1813 proportio
1330 1731 1385 1793 ΒΕ
1410 1750 1532 1794 menum

176 1822 245 1884 viae
270 1821 368 1884 ovalis
392 1823 430 1883 ad
452 1828 552 1882 totam
576 1819 703 1896 evalem,
727 1839 803 1902 quac
827 1831 877 1883 est
899 1841 1019 1884 arcuum
1045 1821 1105 1884 GD
1132 1821 1377 1902 respondentium
1404 1820 1530 1900 perfecti

176 1911 280 1974 circuli
303 1911 343 1972 ad
365 1918 462 1972 totum
485 1910 635 1984 circulum,
662 1911 716 1972 sed
739 1931 834 1991 neque
858 1918 892 1973 ot
910 1909 964 1975 ΒΟ
990 1912 1028 1972 ed
1051 1919 1148 1974 totum
1172 1911 1317 1973 ambitum
1340 1909 1444 1972 cuculi
1465 1908 1531 1986 BG,

177 2000 221 2063 sic
244 2019 333 2062 arcus
356 1999 454 2063 uvalis
479 1999 533 2060 BF
556 1999 596 2060 ad
618 2009 715 2061 totam
740 2001 866 2062 ovalcm.
913 2001 959 2061 At
981 1999 1056 2062 nihil
1085 2001 1145 2070 hoo
1175 2000 1266 2062 debet
1288 2019 1345 2062 nos
1376 1997 1531 2080 impedire,

178 2089 249 2170 quia
270 2089 325 2152 ΒΕ
348 2089 398 2150 vel
421 2088 515 2149 etiam
536 2090 589 2151 BF
616 2091 803 2169 componitur
827 2108 865 2151 cx
887 2089 1004 2152 duabus
1031 2090 1213 2164 vittntibns;
1246 2097 1277 2150 ct
1300 2088 1386 2170 quia,
1411 2088 1439 2149 si
1461 2087 1532 2168 quid

179 2179 211 2241 in
233 2177 427 2259 proportione
451 2177 599 2250 turbator,
622 2177 652 2239 id
672 2179 747 2241 facit
768 2181 892 2258 planeta
916 2180 1093 2252 (secundum
1111 2180 1188 2241 hanc
1207 2197 1273 2258 cap.
1289 2177 1389 2239 XLV.
1414 2176 1532 2258 opinIo-

180 2263 264 2348 nem)
289 2285 343 2330 sno
369 2268 515 2328 descensu
546 2266 667 2347 proprio
691 2268 720 2330 in
745 2267 984 2330 circumferentia
1016 2267 1151 2351 epicycli.
1198 2267 1233 2332 Si
1262 2265 1340 2328 enim
1368 2265 1534 2328 mansisset

179 2357 305 2438 planeta
337 2375 475 2438 supremo
505 2355 572 2418 loco
605 2357 747 2440 epicycli,
780 2366 811 2419 et
833 2363 997 2438 perpessos
1027 2365 1111 2418 esset
1141 2357 1265 2420 eandem
1288 2355 1349 2418 vim
1371 2363 1471 2417 motos
1495 2373 1534 2416 ex

179 2445 253 2509 Sole
276 2463 332 2526 per
354 2441 422 2521 A’B,
441 2443 502 2507 ΑΕ
524 2445 741 2521 adumbratam,
765 2455 839 2527 pute
857 2446 1077 2526 inaequabilem
1101 2445 1194 2527 (quod
1218 2444 1337 2525 quidem
1358 2443 1423 2506 fieri
1446 2444 1534 2505 simul

177 2555 239 2598 non
262 2541 365 2615 potest
374 2555 386 2614 :¹
415 2553 486 2596 nam
516 2543 655 2596 manente
679 2537 793 2614 ,eadem
823 2536 969 2598 distantia
1000 2531 1142 2614 planctae
1166 2557 1185 2596 a
1207 2534 1297 2609 Sole,
1329 2539 1434 2596 manet
1455 2533 1535 2594 idem

177 2623 266 2704 vigor
288 2631 388 2688 motus
413 2643 451 2685 ex
470 2623 570 2699 Sole),
593 2633 665 2706 tunc
688 2625 865 2706 scripsisset
887 2624 1054 2704 perlectum
1080 2643 1182 2688 arcum
1204 2623 1309 2686 cmcoli
1331 2622 1456 2702 majoris
1469 2619 1534 2697 Bc,

182 2714 269 2794 cujus
292 2711 399 2774 eadem
422 2722 471 2774 est
493 2712 649 2793 proportio
673 2715 711 2776 ad
735 2721 831 2776 totnm
853 2713 917 2788 BC,
942 2733 1017 2815 qnae
1042 2711 1102 2776 GD
1125 2733 1213 2776 arcus
1236 2712 1277 2774 ad
1298 2719 1396 2774 totum
1418 2709 1489 2774 GD.

268 2800 340 2864 Scio
364 2801 515 2883 equidem,
539 2801 567 2863 si
589 2802 713 2880 planeta
736 2805 765 2865 in
790 2803 956 2882 angustiori
980 2803 1111 2878 ambito,
1140 2801 1237 2864 centri
1264 2800 1381 2864 scilicet
1408 2799 1536 2882 epicycli

179 2889 258 2964 DG,
292 2901 496 2971 supponatur,
529 2892 618 2971 longe
649 2893 712 2954 tore
741 2893 924 2956 celeriorem.
975 2892 1021 2954 At
1047 2911 1106 2954 nun
1133 2892 1201 2954 ideo
1227 2900 1258 2952 et
1280 2897 1384 2952 centro
1407 2889 1536 2970 epicycli

180 2981 384 3062 assignandus
416 2987 464 3042 est
495 2989 595 3042 motos
632 2981 767 3043 celerior.
813 2983 894 3044 Nam
917 2991 1050 3042 centrum
1075 2980 1201 3062 epioyeli
1224 2979 1337 3040 moveri
1360 2978 1536 3060 supponitur

179 3089 239 3133 non
270 3077 394 3152 propter
424 3088 475 3143 se,
507 3089 575 3132 cnm
605 3069 636 3131 id
663 3089 720 3132 non
750 3069 791 3132 sit
817 3087 941 3149 corpus,
978 3071 1032 3130 sed
1060 3077 1183 3148 propter
1212 3067 1375 3147 planetam.
1426 3067 1535 3148 Itaque

179 3159 295 3242 posito,
334 3158 414 3240 quod
445 3159 570 3238 planete
597 3177 682 3220 soom
715 3177 822 3238 corpus
851 3159 916 3238 ipse
948 3165 1136 3237 transportet
1166 3175 1204 3218 ex
1235 3154 1329 3217 radiis
1358 3153 1439 3218 Solis
1467 3156 1535 3236 lege

181 3247 367 3332 epicyclica,
400 3256 432 3309 et
463 3247 556 3310 radiis
593 3248 771 3330 quibusdem
807 3247 950 3310 virtuosis
988 3265 1026 3308 ex
1049 3245 1121 3308 Sole
1153 3264 1206 3325 pro
1230 3244 1296 3306 Ioco
1320 3251 1422 3306 stator
1445 3245 1536 3326 (quae

63 3363 68 3370 ·
180 3356 250 3419 cap.
278 3335 430 3400 XXXIX.
458 3337 574 3416 rejecta
606 3337 725 3418 quidem
757 3344 842 3411 sunt,
881 3336 935 3398 sed
967 3353 1034 3416 cap.
1057 3335 1158 3398 XLV.
1191 3339 1325 3396 resumta
1347 3341 1380 3394 et
1401 3331 1537 3396 nonnihil

180 3435 310 3502 mutata,
335 3427 384 3488 blo
406 3445 478 3488 vero
502 3427 669 3490 retinentur
692 3427 731 3488 ad
755 3426 949 3506 eprIeandos
972 3432 1098 3488 conatus
1121 3427 1235 3497 meos),
1258 3441 1335 3484 sana
1356 3430 1464 3505 postea
1487 3429 1536 3484 est

180 3517 261 3580 ratio
286 3515 408 3588 calculi,
439 3515 604 3598 quicunqne
628 3523 771 3597 sequatur
794 3517 859 3595 ejus
884 3515 1018 3592 effeetus.
1064 3513 1180 3576 Existit
1212 3511 1290 3574 enim
1313 3519 1344 3574 et
1367 3511 1415 3574 hic
1439 3512 1535 3576 uvalis

181 3625 243 3669 non
266 3606 363 3668 minus
386 3623 475 3686 quam
497 3604 590 3683 prius,
614 3623 650 3666 ec
674 3606 751 3686 qnod
775 3603 831 3666 DE
855 3611 887 3665 et
908 3602 965 3686 AB
988 3623 1048 3666 non
1070 3610 1192 3666 manent
1218 3600 1366 3682 paralleli.
1413 3595 1547 3671 Quanto¹

182 3695 263 3758 enim
286 3703 432 3774 superant
454 3693 618 3756 distantiae
640 3693 706 3769 ΑΒ,
730 3693 788 3756 ΑΕ
807 3695 915 3772 longae
939 3693 1104 3756 mediocres
1124 3689 1203 3768 AG,
1217 3691 1292 3767 AD,
1317 3699 1403 3752 tanto
1417 3689 1536 3754 brevior

183 3793 233 3846 eat
261 3783 363 3846 Iactus
398 3801 486 3844 arem
509 3781 570 3844 DG
602 3803 656 3845 sen
684 3784 810 3863 angulus
842 3773 934 3845 DAG
966 3783 1075 3862 angulo
1100 3780 1182 3844 CDE
1211 3799 1353 3844 mensura
1380 3781 1535 3860 temporis.

182 3875 291 3954 Itaque
314 3871 371 3934 DE
394 3872 433 3934 ad
454 3873 483 3934 B
505 3872 620 3946 annuit,
643 3873 670 3934 E
693 3871 785 3951 igitur
807 3893 826 3934 a
849 3871 1090 3934 circumferentia
1112 3869 1214 3934 circuli
1236 3869 1276 3932 ad
1289 3869 1347 3934 BA
1360 3869 1535 3948 ingreditur.

182 3963 264 4025 Nam
286 3979 341 4042 per
364 3979 430 4044 cep.
454 3961 495 4030 II,
519 3960 546 4023 si
568 3961 624 4024 DE
647 3963 810 4040 parallelos
833 3961 891 4042 ipsi
913 3961 970 4022 AB
993 3961 1165 4036 mansisset,
1189 3968 1260 4022 tunc
1282 3959 1309 4020 Ε
1332 3960 1362 4021 iu
1386 3957 1454 4038 ipsa
1473 3959 1535 4024 cir·

182 4049 382 4114 oomierentia
404 4059 497 4112 esset.
869 4117 876 4134 Ι

272 4139 419 4204 Nascitur
442 4157 513 4219 ergo
535 4138 694 4201 methodos
716 4139 787 4202 ista.
829 4138 1002 4200 Distantiae
1027 4145 1208 4217 quaeruntur
1230 4137 1269 4198 ad
1283 4153 1385 4198 omnes
1400 4134 1534 4214 integros

185 4230 298 4312 gradm
327 4229 496 4294 anomaliae
529 4228 655 4292 mediae.
711 4227 885 4288 Methodum
909 4246 1000 4307 snpra
1022 4226 1115 4288 babes
1139 4245 1205 4308 cap.
1229 4221 1387 4298 XXXIX,
1421 4243 1481 4303 qna
1503 4233 1535 4287 et

183 4319 388 4402 superioribus
409 4336 475 4398 cap.
491 4317 614 4382 XLVII
628 4325 661 4379 et
676 4317 822 4380 XLVIII.
839 4335 905 4378 snm
919 4336 1000 4380 usos.
1038 4315 1170 4378 Primum
1186 4315 1263 4377 enim
1277 4311 1467 4376 inveniuntur
1483 4311 1531 4375 di-

273 4537 303 4613 ‘)
324 4543 402 4598 Haec
421 4524 472 4596 snb
493 4543 572 4594 certa
591 4540 744 4596 conditione
765 4543 829 4594 sunt
848 4555 924 4605 vera,
946 4539 970 4593 si
990 4555 1087 4608 nempe
1106 4537 1176 4594 radii
1196 4534 1310 4592 virtuosi
1331 4554 1368 4592 ex
1388 4535 1452 4593 Sole
1473 4537 1529 4593 sint

186 4623 320 4696 planetae
339 4639 391 4694 pro
411 4621 471 4676 loco
493 4637 543 4676 seu
562 4621 650 4676 instar
670 4635 776 4685 corma,
803 4620 904 4691 inquo
925 4621 1041 4690 planeta
1066 4621 1200 4681 vehatur,
1232 4617 1302 4687 qnod
1322 4617 1366 4670 hic
1385 4617 1526 4689 ponimnsr

186 4721 236 4776 per
255 4723 287 4760 se
308 4711 404 4758 autem
423 4718 517 4756 verum
536 4709 664 4756 nonest.
704 4701 773 4756 Vide
794 4701 827 4754 de
848 4701 898 4755 hoc
919 4717 979 4772 cap.
1000 4699 1129 4756 XXXIX
1159 4699 1265 4752 modum
1294 4696 1416 4766 primum
1456 4699 1527 4753 Nam

185 4783 257 4842 inter
277 4783 397 4856 quinque
427 4783 547 4836 absurda
565 4781 623 4836 illie
641 4781 748 4852 rejecta
776 4781 821 4834 bis
841 4787 949 4836 tantum
968 4797 1063 4846 mum,
1093 4793 1189 4847 nempe
1209 4775 1347 4842 ultimum,
1370 4777 1525 4846 omittimus,

186 4866 294 4938 reliqna
315 4868 436 4936 quatuor
455 4861 611 4918 retmemna.
