3604 5534
622 275 684 332 rm
702 273 826 332 amca
863 245 1041 346 cuperus
1438 276 1504 346 243

148 455 242 541 (quia,
264 463 303 522 ut
318 455 391 536 dixi,
410 477 471 524 non
484 463 552 534 erat
567 465 692 534 certum,
707 458 828 540 duplam
843 461 928 536 aeae)
943 459 1182 544 cognoscendam
1195 460 1383 542 perduceret
1409 455 1503 524 Ourn-

149 567 205 632 que
227 546 472 612 Ptolemaeus
502 549 600 612 tribus
631 547 813 631 ἀιρωνχιοις
846 547 1109 616 observationibus
1137 559 1168 614 et
1195 549 1254 613 hac
1284 557 1506 634 praeconcepta

151 637 293 719 opinione
317 637 354 700 de
376 637 569 719 proportione
596 638 854 704 ecceutricitatum
874 642 1036 706 evinceret
1059 647 1090 703 et
1112 640 1239 722 apogaei
1260 641 1360 702 locum
1382 646 1414 703 et
1435 657 1505 702 cor-

150 725 318 792 rectionem
339 726 536 808 longitudinis
557 726 683 803 mediae,
712 727 838 811 denique
860 738 893 792 et
914 731 1113 813 quantitatem
1140 729 1413 792 eccentricitatum:
1442 728 1506 791 vidi

152 835 232 898 ego,
258 815 457 897 aiproblema
477 817 536 896 lucc
558 824 752 881 enervaretur
777 820 931 901 (surrepto
954 819 1104 884 axiomata
1127 819 1165 880 de
1179 819 1373 900 proportione
1396 837 1504 882 eccen-

151 903 346 981 tricitatum),
370 923 479 986 vagum
497 907 628 970 iirturum
648 913 680 970 et
693 926 783 972 casus
806 927 866 972 uon
880 910 978 985 unius,
1002 909 1102 994 itaque
1126 915 1234 989 quarta
1255 906 1377 989 insuper
1400 907 1507 974 obser-

152 995 274 1060 vatione
298 991 461 1076 ἀκροιιχιῳ
482 995 618 1059 vicissim
641 997 830 1060 firmandum·
865 999 933 1062 Hac
947 998 1039 1078 igitur
1057 1003 1123 1062 arte
1146 997 1310 1060 instructus
1326 1016 1403 1060 anno
1422 993 1507 1059 1600

153 1086 192 1150 ad
215 1082 426 1167 Tyohonem
455 1084 525 1150 veni
557 1085 714 1169 laetusque
746 1086 855 1164 didici,
888 1089 926 1150 ab
958 1086 1031 1170 ipso⁸
1055 1105 1172 1170 quoque
1203 1085 1418 1167 investigatam
1445 1104 1506 1148 non

154 1179 321 1239 assumtam
344 1173 423 1238 hanc
444 1174 685 1256 proportionem,
708 1181 743 1238 ut
764 1177 880 1241 numeri
903 1178 968 1258 ejus
996 1177 1139 1242 indicant.
1185 1175 1274 1238 Facit
1296 1175 1376 1238 enim
1398 1193 1507 1236 eccen-

152 1262 222 1328 tn'ci
237 1261 471 1343 (Gopemioani,
501 1273 578 1344 equs
600 1274 721 1332 cesares
742 1280 786 1330 ese
806 1275 885 1332 urna
906 1293 968 1348 ap.
989 1277 1025 1332 v.
1046 1276 1130 1348 enjus
1151 1263 1506 1346 caeterorummetum

153 1375 173 1418 a
196 1353 264 1416 visu
291 1347 399 1416 13680
421 1351 594 1433 particulis,
627 1373 752 1437 quarum
781 1355 850 1420 aliis
878 1353 965 1422 3780
996 1364 1139 1437 punctum
1170 1351 1365 1436 aequalitatis
1388 1352 1507 1416 abhoc

152 1441 290 1506 vicissim
312 1440 416 1517 distet,
440 1442 520 1523 quod
543 1450 626 1506 esset
647 1443 678 1506 in
701 1443 799 1506 forna
819 1445 1016 1521 Ptolemaiou,
1040 1465 1077 1508 ac
1099 1444 1127 1507 si
1148 1442 1325 1506 distantium
1338 1448 1508 1506 centromm

152 1533 238 1596 visus
253 1537 285 1593 et
299 1530 461 1685 ecceqt5rqiqq
473 1532 589 1596 faceret
612 1528 709 1609 9900,
733 1533 879 1615 reliquam
895 1535 975 1599 inter
989 1541 1125 1598 centrum
1144 1530 1305 1596 ecoentrici
1321 1539 1353 1595 et
1364 1536 1507 1613 puuctum

152 1642 190 1686 ae
210 1619 351 1688 talitatis
463 1667 470 1682 .
1079 1683 1082 1690 ,

191 1641 210 1714 q
241 1709 333 1772 Potui
361 1708 482 1791 quidem
504 1717 536 1773 et
557 1709 623 1792 ipse
646 1710 691 1774 uti
723 1710 930 1777 dimidiatione
958 1727 1013 1794 pro
1046 1717 1144 1787 certa,
1173 1710 1262 1792 idque
1294 1707 1412 1774 meliori
1439 1707 1507 1790 jure

151 1818 243 1886 qnam
256 1798 461 1876 Ptolemaeus,
485 1799 555 1881 quia
573 1799 604 1876 in
619 1799 768 1884 Mysterio
782 1821 848 1864 meo
865 1821 931 1883 cap.
946 1801 1049 1866 xxm.
1065 1820 1190 1864 causam
1208 1798 1274 1879 ejus
1288 1797 1507 1868 dimidiationis

152 1889 311 1975 physicam
334 1886 515 1966 attuleram
538 1907 642 1952 verum
666 1890 703 1952 ob
727 1891 878 1973 idipsum
901 1891 940 1954 ad
957 1891 1128 1974 Tychonem
1150 1907 1301 1959 veneram,
1325 1896 1359 1952 ut
1381 1907 1420 1950 ex
1442 1888 1507 1968 ejus

154 1978 418 2045 observationibus
444 1979 475 2040 in
502 1997 571 2042 mea
599 1978 712 2060 placita
743 1980 846 2043 libello
881 1981 963 2044 dicto
994 1980 1186 2062 promulgata
1215 1977 1327 2042 certius
1357 1977 1507 2060 inquirere

152 2088 295 2154 possem:
327 2067 406 2151 qnod
436 2067 556 2152 quidem
586 2067 644 2130 ieci
674 2069 739 2131 sine
770 2069 955 2150 praejudicio
985 2077 1017 2132 et
1044 2069 1207 2132 etiamnum
1238 2067 1328 2130 lacior
1389 2063 1508 2138 Quodsi
1563 2091 1567 2098 ·

153 2157 365 2242 supervixero,
389 2157 488 2239 quoad
512 2157 699 2221 astronomia
721 2178 806 2224 suam
828 2159 990 2239 puritatem
1014 2167 1046 2222 et
1066 2158 1282 2239 perfectionem
1304 2155 1507 2228 nanciscatur,

152 2258 188 2311 ut
214 2249 247 2312 in
280 2264 374 2309 eausa
405 2247 511 2329 (quaro
539 2247 571 2309 in
600 2244 652 2309 illo
684 2246 788 2309 libello
821 2248 860 2310 ad
892 2248 958 2328 ejus
986 2248 1120 2312 tribunal
1150 2245 1286 2320 devolvi)
1315 2241 1508 2326 pronunciari

150 2337 262 2420 possit,
284 2336 431 2418 polliceor
452 2336 568 2414 lectori,
591 2355 638 2398 me
660 2335 796 2399 libellum
817 2337 903 2400 illum
924 2344 1156 2400 retractaturum
1174 2343 1206 2398 et
1223 2333 1415 2409 confirmatis,
1431 2350 1507 2414 quae

154 2446 230 2492 vera
251 2425 453 2508 deprehendi,
486 2425 604 2508 reliqua
634 2443 710 2507 quae
740 2445 828 2502 secus
857 2427 972 2490 habeut
1000 2426 1129 2490 fideliter
1161 2417 1356 2488 dete'oturum.
1409 2427 1507 2495 (comp.

154 2511 467 2651 γοι0800120οι66.
507 2585 620 2652 Gentro
638 2583 665 2648 B
684 2589 751 2660 (ιιι.
771 2589 817 2658 09)
841 2587 991 2652 scribatur
1013 2586 1198 2650 eccentricus
1211 2582 1289 2648 PG:
1312 2584 1344 2646 in
1358 2601 1395 2646 eo
1414 2582 1508 2664 per-B

155 2677 303 2742 diameter
321 2677 459 2762 apsidum
476 2675 532 2752 HI,
554 2693 609 2757 per
626 2673 742 2758 aliquot
756 2695 852 2740 annos
867 2677 953 2759 qnasi
967 2675 1174 2742 immutabilis.
1211 2675 1278 2738 Hoc
1298 2674 1325 2738 si
1342 2672 1509 2755 periculum

156 2768 269 2832 erroris
286 2765 421 2844 haberet,
440 2744 499 2829 udn
515 2765 659 2828 deessent
671 2764 758 2828 nobis
775 2766 876 2830 media
888 2767 946 2830 hoo
960 2785 1077 2851 queque
1094 2763 1229 2828 cavendi.
1262 2763 1297 2828 Iu
1310 2763 1368 2825 hac
1383 2761 1507 2836 infrass

156 2859 198 2924 sit
218 2861 251 2923 A
274 2859 368 2934 visus,
400 2869 491 2938 supra
512 2853 539 2918 Β
564 2854 606 2917 sit
628 2852 654 2916 0
677 2861 812 2918 centrum
840 2855 933 2932 illud,
966 2856 1046 2938 apud
1068 2854 1149 2938 quod
1170 2853 1274 2934 anguli
1297 2852 1406 2933 spatiis
1428 2858 1508 2912 tenr-

153 2969 261 3032 porum
283 2948 572 3031 proportiouantur,
589 2961 656 3005 cum
686 2943 766 3006 circa
787 2944 818 3007 A
841 2947 890 3017 (ut
910 2944 1002 3026 paulo
1025 2943 1117 3026 supra
1147 2943 1274 3017 dictum)
1297 2961 1357 3004 uon
1378 2958 1509 3021 propor-

155 3039 319 3114 tionentur.
369 3035 440 3100 Sint
467 3043 568 3098 autem
597 3033 637 3107 F,
663 3029 709 3108 G,
732 3031 829 3108 D‚E
863 3034 1092 3098 observationes
1124 3039 1252 3114 quatuor
1280 3047 1335 3110 per
1364 3028 1509 3092 ambitum

155 3127 259 3192 circuli
283 3127 469 3209 dispositae,
494 3123 538 3187 sic
560 3121 680 3205 quidem
702 3127 736 3184 ut
756 3121 889 3204 planeta
914 3131 1023 3186 exutus
1045 3120 1260 3204 inaequalitate
1284 3116 1434 3193 secunda,
1464 3117 1509 3180 sic

155 3225 315 3304 appareat,
346 3215 432 3300 quasi
455 3213 539 3277 visus
562 3212 594 3274 in
615 3213 647 3276 A
674 3211 793 3274 fuisset.
839 3211 919 3278 Nam
950 3213 1030 3294 apud
1052 3211 1305 3274 Ptolemaeum
1336 3206 1457 3290 quidem
1478 3207 1510 3269 A

155 3329 226 3374 vere
248 3305 334 3372 locus
357 3303 407 3369 'est
427 3303 512 3368 visus
527 3319 581 3374 seu
604 3309 740 3364 centrum
752 3302 874 3377 Terrae,
899 3302 978 3383 apud
993 3302 1206 3385 Tyohonem
1228 3317 1301 3362 vero
1321 3304 1354 3360 et
1369 3294 1508 3378 Ooper-

155 3399 276 3464 nicum
303 3397 388 3464 visus
410 3404 458 3458 est
479 3393 511 3457 in
538 3391 619 3456 linea
639 3391 712 3466 FA,
737 3389 813 3466 GA,
838 3391 909 3467 DA,
932 3389 1001 3468 EA,
1025 3398 1057 3454 et
1078 3393 1110 3455 A
1131 3389 1186 3455 Sol
1210 3396 1267 3452 est.
1314 3386 1415 3467 Supra
1436 3403 1509 3448 vero

154 3491 355 3564 dictumest,
386 3492 512 3566 utraque
534 3480 652 3546 ratione
681 3478 836 3562 planetam
865 3479 1081 3562 inaequalitate
1114 3478 1247 3543 secunda
1277 3475 1401 3558 perinde
1429 3473 1507 3536 exul

156 3580 385 3646 connectantur
406 3581 508 3637 autem
530 3577 643 3652 puncta
665 3567 766 3632 omnia
789 3589 855 3632 oum
878 3570 1034 3634 omnibus:
1059 3577 1092 3632 et
1114 3568 1155 3632 sit
1176 3567 1233 3632 AF
1255 3565 1286 3630 in
1310 3559 1371 3629 25⁰
1392 3558 1449 3628 ‹13‘
1464 3574 1507 3650 tp,

152 3666 264 3734 AGin
284 3662 345 3730 26⁰
366 3659 420 3730 43‘
439 3669 480 3740 P,
502 3661 561 3725 AD
583 3651 1508 3742 012016οΧ,113017031οΙμὸ(οοωρ.ιιι.ρ.2ιι.)

75 3817 78 3824 .
152 3758 233 3822 Hinc
257 3757 367 3820 dantur
390 3762 517 3877 quatuor
539 3749 643 3829 anguli
665 3747 746 3811 circa
767 3748 814 3824 A,
837 3767 943 3829 nempe
964 3747 1052 3812 FAG
1077 3743 1138 3812 91⁰
1160 3744 1212 3823 0‘,
1247 3742 1337 3808 GAD
1361 3737 1421 3807 75⁰
1443 3738 1508 3819 33¹,

153 3847 242 3912 ΒΑΕ
263 3842 324 3910 650
347 3837 443 3924 151„
466 3841 551 3906 ΕΑΓ
575 3833 654 3903 1260
678 3829 783 3921 11010.
831 3837 892 3910 Qui
914 3845 985 3903 suut
1006 3834 1175 3917 corrigendi
1197 3833 1333 3899 nonnihil
1356 3832 1394 3896 ob
1416 3851 1508 3914 prae-

155 3938 324 4003 cessionem
347 3929 611 4016 aequinoctiornm.
649 3925 712 3991 Sub
736 3926 804 3990 fixis
827 3927 905 3990 enim
928 3928 1052 4007 planeta
1073 3945 1134 3989 non
1155 3933 1219 3988 tam
1240 3924 1330 4006 louge
1351 3928 1508 4002 promotus

155 4035 203 4092 est
224 4025 300 4090 inE
322 4022 430 4086 ultima
452 4016 673 4089 observatione,
696 4035 785 4099 quam
806 4015 957 4080 indicatur
978 4035 1034 4098 per
1047 4016 1104 4080 hos
1118 4033 1267 4079 numeros.
1306 4010 1409 4084 Quare
1423 4007 1508 4072 ΕΑΒ

153 4111 244 4201 paulo
268 4112 446 4194 estmajor,
469 4106 577 4191 reliqui
592 4105 840 4178 tantominores.
879 4103 995 4170 Eodem
1017 4106 1106 4168 modo
1125 4123 1163 4168 ex
1178 4099 1382 4168 subtractione
1406 4097 1508 4179 longi-

155 4208 292 4274 umnam
313 4203 465 4267 habentur
484 4206 518 4278 et
540 4195 643 4278 anguli
667 4195 749 4258 circa
772 4193 807 4260 0.

239 4289 478 4377 Propositic.
525 4285 657 4369 Oportet
683 4284 750 4366 jam
780 4283 1018 4365 anguloleAH
1045 4290 1077 4345 et
1098 4281 1181 4346 PGH
1211 4286 1314 4343 tantos
1343 4295 1506 4353 assumere,

155 4395 188 4452 ut
215 4387 254 4452 iis
285 4381 399 4469 positis
423 4388 455 4445 et
484 4383 596 4462 puncta
616 4375 653 4451 F,
677 4373 716 4450 G,
739 4363 778 4448 D,
801 4372 829 4435 Ε
861 4380 945 4436 stent
967 4372 999 4434 in
1026 4391 1084 4434 uno
1115 4371 1242 4446 circulo,
1270 4369 1349 4431 etB
1372 4374 1508 4430 nentrum

154 4478 233 4544 illius
256 4474 366 4540 ciromi
390 4469 434 4535 sit
454 4469 533 4532 inter
556 4464 592 4541 G,
616 4463 647 4526 A
668 4471 780 4564 puncta
802 4462 833 4524 iu
856 4461 936 4525 linea
960 4459 1025 4526 CA.

237 4579 404 4651 Salutio
426 4596 487 4641 nou
509 4580 557 4638 est
588 4570 787 4653 geometrica,
819 4567 966 4650 siquidem
998 4567 1122 4650 algebra
1152 4563 1339 4646 geometrica
1358 4583 1418 4626 non
1440 4571 1505 4628 ost:
1542 4633 1553 4648 ,

152 4679 203 4742 sed
219 4677 255 4742 fir-
274 4691 333 4756 per
356 4666 509 4750 duplicem
531 4663 641 4726 falsam
662 4659 853 4741 positionem.
868 4654 911 4733 00)
947 4659 1027 4722 Nam
1046 4664 1078 4720 ct
1098 4655 1223 4738 algebra
1241 4653 1290 4716 hic
1306 4673 1361 4717 nos
1383 4652 1507 4732 descrit,

149 4759 217 4856 quia¹
239 4761 374 4832 nomina
395 4755 474 4820 artis
495 4751 587 4818 rectis
611 4747 828 4816 communicata
850 4765 904 4830 per
926 4755 1027 4812 rectas
1045 4765 1106 4810 non
1128 4743 1303 4808 derivantur
1324 4742 1356 4808 iu
1369 4744 1507 4826 angulos,

1235 4845 1296 4904 to*
